TimestampUtc,Price,Size,Exchange
2026-03-09 13:30:00.840Z,1.4816,1527,SYNTH
2026-03-09 13:30:01.161Z,1.4809,904,SYNTH
2026-03-09 13:30:02.886Z,1.4817,2146,SYNTH
2026-03-09 13:30:03.278Z,1.4797,1676,SYNTH
2026-03-09 13:30:04.474Z,1.4785,1766,SYNTH
2026-03-09 13:30:05.202Z,1.4819,996,SYNTH
2026-03-09 13:30:06.393Z,1.4808,1534,SYNTH
2026-03-09 13:30:07.849Z,1.4818,1469,SYNTH
2026-03-09 13:30:08.567Z,1.4787,1869,SYNTH
2026-03-09 13:30:09.623Z,1.4796,1253,SYNTH
2026-03-09 13:30:10.554Z,1.4789,1281,SYNTH
2026-03-09 13:30:11.128Z,1.4811,3689,SYNTH
2026-03-09 13:30:12.135Z,1.4819,3887,SYNTH
2026-03-09 13:30:13.864Z,1.4817,3037,SYNTH
2026-03-09 13:30:14.203Z,1.4782,1219,SYNTH
2026-03-09 13:30:15.868Z,1.4788,1274,SYNTH
2026-03-09 13:30:16.539Z,1.4805,2639,SYNTH
2026-03-09 13:30:17.625Z,1.4806,2606,SYNTH
2026-03-09 13:30:18.635Z,1.4794,1397,SYNTH
2026-03-09 13:30:19.398Z,1.4811,2264,SYNTH
2026-03-09 13:30:20.334Z,1.4794,1275,SYNTH
2026-03-09 13:30:21.678Z,1.4819,1251,SYNTH
2026-03-09 13:30:22.817Z,1.4832,768,SYNTH
2026-03-09 13:30:23.455Z,1.4820,910,SYNTH
2026-03-09 13:30:24.145Z,1.4841,1447,SYNTH
2026-03-09 13:30:25.473Z,1.4844,1166,SYNTH
2026-03-09 13:30:26.810Z,1.4836,768,SYNTH
2026-03-09 13:30:27.727Z,1.4855,1034,SYNTH
2026-03-09 13:30:28.650Z,1.4857,810,SYNTH
2026-03-09 13:30:29.852Z,1.4863,1119,SYNTH
2026-03-09 13:30:30.449Z,1.4869,1140,SYNTH
2026-03-09 13:30:31.518Z,1.4870,861,SYNTH
2026-03-09 13:30:32.887Z,1.4893,708,SYNTH
2026-03-09 13:30:33.257Z,1.4884,798,SYNTH
2026-03-09 13:30:34.585Z,1.4900,1157,SYNTH
2026-03-09 13:30:35.896Z,1.4897,816,SYNTH
2026-03-09 13:30:36.550Z,1.4902,1159,SYNTH
2026-03-09 13:30:37.117Z,1.4910,1708,SYNTH
2026-03-09 13:30:38.395Z,1.4888,1616,SYNTH
2026-03-09 13:30:39.719Z,1.4916,2100,SYNTH
2026-03-09 13:30:40.121Z,1.4907,1645,SYNTH
2026-03-09 13:30:41.334Z,1.4902,1017,SYNTH
2026-03-09 13:30:42.494Z,1.4887,1212,SYNTH
2026-03-09 13:30:43.584Z,1.4887,760,SYNTH
2026-03-09 13:30:44.570Z,1.4887,1628,SYNTH
2026-03-09 13:30:45.135Z,1.4905,1305,SYNTH
2026-03-09 13:30:46.462Z,1.4913,1232,SYNTH
2026-03-09 13:30:47.234Z,1.4888,1715,SYNTH
2026-03-09 13:30:48.081Z,1.4911,1426,SYNTH
2026-03-09 13:30:49.603Z,1.4909,1087,SYNTH
2026-03-09 13:30:50.166Z,1.4901,1234,SYNTH
2026-03-09 13:30:51.799Z,1.4902,1245,SYNTH
2026-03-09 13:30:52.556Z,1.4909,1125,SYNTH
2026-03-09 13:30:53.212Z,1.4875,1725,SYNTH
2026-03-09 13:30:54.183Z,1.4905,1034,SYNTH
2026-03-09 13:30:55.774Z,1.4872,1754,SYNTH
2026-03-09 13:30:56.752Z,1.4900,1911,SYNTH
2026-03-09 13:30:57.812Z,1.4892,1682,SYNTH
2026-03-09 13:30:58.421Z,1.4897,1810,SYNTH
2026-03-09 13:30:59.298Z,1.4908,1038,SYNTH
2026-03-09 13:31:00.371Z,1.4718,17,SYNTH
2026-03-09 13:31:01.885Z,1.4736,41,SYNTH
2026-03-09 13:31:02.360Z,1.4733,17,SYNTH
2026-03-09 13:31:03.478Z,1.4701,37,SYNTH
2026-03-09 13:31:04.128Z,1.4711,23,SYNTH
2026-03-09 13:31:05.067Z,1.4720,30,SYNTH
2026-03-09 13:31:06.014Z,1.4704,16,SYNTH
2026-03-09 13:31:07.707Z,1.4733,36,SYNTH
2026-03-09 13:31:08.608Z,1.4695,26,SYNTH
2026-03-09 13:31:09.451Z,1.4711,30,SYNTH
2026-03-09 13:31:10.780Z,1.4734,30,SYNTH
2026-03-09 13:31:11.002Z,1.4699,70,SYNTH
2026-03-09 13:31:12.154Z,1.4714,80,SYNTH
2026-03-09 13:31:13.308Z,1.4738,38,SYNTH
2026-03-09 13:31:14.640Z,1.4707,25,SYNTH
2026-03-09 13:31:15.473Z,1.4726,26,SYNTH
2026-03-09 13:31:16.565Z,1.4724,44,SYNTH
2026-03-09 13:31:17.343Z,1.4709,31,SYNTH
2026-03-09 13:31:18.000Z,1.4732,21,SYNTH
2026-03-09 13:31:19.827Z,1.4709,46,SYNTH
2026-03-09 13:31:20.502Z,1.4698,12,SYNTH
2026-03-09 13:31:21.585Z,1.4720,19,SYNTH
2026-03-09 13:31:22.837Z,1.4726,15,SYNTH
2026-03-09 13:31:23.326Z,1.4707,23,SYNTH
2026-03-09 13:31:24.595Z,1.4738,26,SYNTH
2026-03-09 13:31:25.668Z,1.4710,18,SYNTH
2026-03-09 13:31:26.696Z,1.4735,15,SYNTH
2026-03-09 13:31:27.066Z,1.4705,23,SYNTH
2026-03-09 13:31:28.788Z,1.4729,16,SYNTH
2026-03-09 13:31:29.321Z,1.4702,15,SYNTH
2026-03-09 13:31:30.508Z,1.4719,22,SYNTH
2026-03-09 13:31:31.738Z,1.4704,24,SYNTH
2026-03-09 13:31:32.416Z,1.4726,23,SYNTH
2026-03-09 13:31:33.710Z,1.4703,16,SYNTH
2026-03-09 13:31:34.081Z,1.4706,21,SYNTH
2026-03-09 13:31:35.283Z,1.4729,24,SYNTH
2026-03-09 13:31:36.765Z,1.4721,17,SYNTH
2026-03-09 13:31:37.028Z,1.4693,64,SYNTH
2026-03-09 13:31:38.780Z,1.4720,34,SYNTH
2026-03-09 13:31:39.481Z,1.4714,70,SYNTH
2026-03-09 13:31:40.334Z,1.4723,32,SYNTH
2026-03-09 13:31:41.661Z,1.4710,21,SYNTH
2026-03-09 13:31:42.189Z,1.4731,26,SYNTH
2026-03-09 13:31:43.250Z,1.4704,14,SYNTH
2026-03-09 13:31:44.357Z,1.4726,28,SYNTH
2026-03-09 13:31:45.406Z,1.4695,37,SYNTH
2026-03-09 13:31:46.857Z,1.4720,27,SYNTH
2026-03-09 13:31:47.877Z,1.4703,44,SYNTH
2026-03-09 13:31:48.619Z,1.4735,18,SYNTH
2026-03-09 13:31:49.597Z,1.4714,23,SYNTH
2026-03-09 13:31:50.722Z,1.4704,21,SYNTH
2026-03-09 13:31:51.049Z,1.4710,27,SYNTH
2026-03-09 13:31:52.444Z,1.4736,15,SYNTH
2026-03-09 13:31:53.302Z,1.4713,27,SYNTH
2026-03-09 13:31:54.820Z,1.4708,26,SYNTH
2026-03-09 13:31:55.139Z,1.4709,28,SYNTH
2026-03-09 13:31:56.158Z,1.4725,34,SYNTH
2026-03-09 13:31:57.502Z,1.4696,23,SYNTH
2026-03-09 13:31:58.107Z,1.4733,41,SYNTH
2026-03-09 13:31:59.570Z,1.4726,39,SYNTH
2026-03-09 13:32:00.100Z,1.4806,207,SYNTH
2026-03-09 13:32:01.262Z,1.4816,224,SYNTH
2026-03-09 13:32:02.277Z,1.4805,215,SYNTH
2026-03-09 13:32:03.193Z,1.4781,108,SYNTH
2026-03-09 13:32:04.631Z,1.4788,217,SYNTH
2026-03-09 13:32:05.107Z,1.4804,160,SYNTH
2026-03-09 13:32:06.856Z,1.4818,195,SYNTH
2026-03-09 13:32:07.427Z,1.4797,199,SYNTH
2026-03-09 13:32:08.709Z,1.4792,169,SYNTH
2026-03-09 13:32:09.425Z,1.4815,112,SYNTH
2026-03-09 13:32:10.233Z,1.4799,124,SYNTH
2026-03-09 13:32:11.205Z,1.4807,264,SYNTH
2026-03-09 13:32:12.184Z,1.4796,479,SYNTH
2026-03-09 13:32:13.044Z,1.4792,234,SYNTH
2026-03-09 13:32:14.834Z,1.4784,173,SYNTH
2026-03-09 13:32:15.793Z,1.4776,110,SYNTH
2026-03-09 13:32:16.650Z,1.4822,316,SYNTH
2026-03-09 13:32:17.283Z,1.4789,244,SYNTH
2026-03-09 13:32:18.023Z,1.4818,296,SYNTH
2026-03-09 13:32:19.159Z,1.4793,146,SYNTH
2026-03-09 13:32:20.616Z,1.4800,161,SYNTH
2026-03-09 13:32:21.472Z,1.4779,134,SYNTH
2026-03-09 13:32:22.813Z,1.4778,141,SYNTH
2026-03-09 13:32:23.169Z,1.4771,71,SYNTH
2026-03-09 13:32:24.682Z,1.4772,171,SYNTH
2026-03-09 13:32:25.539Z,1.4751,75,SYNTH
2026-03-09 13:32:26.398Z,1.4754,102,SYNTH
2026-03-09 13:32:27.127Z,1.4742,93,SYNTH
2026-03-09 13:32:28.221Z,1.4744,115,SYNTH
2026-03-09 13:32:29.120Z,1.4738,149,SYNTH
2026-03-09 13:32:30.445Z,1.4734,152,SYNTH
2026-03-09 13:32:31.850Z,1.4720,68,SYNTH
2026-03-09 13:32:32.491Z,1.4714,79,SYNTH
2026-03-09 13:32:33.418Z,1.4707,104,SYNTH
2026-03-09 13:32:34.218Z,1.4699,92,SYNTH
2026-03-09 13:32:35.610Z,1.4694,72,SYNTH
2026-03-09 13:32:36.600Z,1.4718,172,SYNTH
2026-03-09 13:32:37.186Z,1.4692,197,SYNTH
2026-03-09 13:32:38.832Z,1.4697,240,SYNTH
2026-03-09 13:32:39.107Z,1.4708,442,SYNTH
2026-03-09 13:32:40.126Z,1.4711,443,SYNTH
2026-03-09 13:32:41.782Z,1.4711,142,SYNTH
2026-03-09 13:32:42.564Z,1.4700,169,SYNTH
2026-03-09 13:32:43.093Z,1.4716,103,SYNTH
2026-03-09 13:32:44.162Z,1.4721,110,SYNTH
2026-03-09 13:32:45.894Z,1.4718,272,SYNTH
2026-03-09 13:32:46.746Z,1.4701,186,SYNTH
2026-03-09 13:32:47.282Z,1.4731,206,SYNTH
2026-03-09 13:32:48.039Z,1.4732,112,SYNTH
2026-03-09 13:32:49.701Z,1.4735,99,SYNTH
2026-03-09 13:32:50.748Z,1.4700,122,SYNTH
2026-03-09 13:32:51.793Z,1.4732,184,SYNTH
2026-03-09 13:32:52.049Z,1.4741,218,SYNTH
2026-03-09 13:32:53.236Z,1.4740,186,SYNTH
2026-03-09 13:32:54.316Z,1.4747,124,SYNTH
2026-03-09 13:32:55.669Z,1.4752,101,SYNTH
2026-03-09 13:32:56.704Z,1.4749,112,SYNTH
2026-03-09 13:32:57.734Z,1.4758,214,SYNTH
2026-03-09 13:32:58.636Z,1.4766,118,SYNTH
2026-03-09 13:32:59.240Z,1.4741,230,SYNTH
2026-03-09 13:33:00.849Z,1.4767,52,SYNTH
2026-03-09 13:33:01.747Z,1.4752,36,SYNTH
2026-03-09 13:33:02.792Z,1.4771,42,SYNTH
2026-03-09 13:33:03.179Z,1.4764,22,SYNTH
2026-03-09 13:33:04.434Z,1.4772,27,SYNTH
2026-03-09 13:33:05.116Z,1.4772,37,SYNTH
2026-03-09 13:33:06.183Z,1.4783,21,SYNTH
2026-03-09 13:33:07.725Z,1.4799,30,SYNTH
2026-03-09 13:33:08.110Z,1.4789,25,SYNTH
2026-03-09 13:33:09.845Z,1.4812,25,SYNTH
2026-03-09 13:33:10.333Z,1.4817,32,SYNTH
2026-03-09 13:33:11.797Z,1.4815,101,SYNTH
2026-03-09 13:33:12.612Z,1.4816,48,SYNTH
2026-03-09 13:33:13.558Z,1.4779,103,SYNTH
2026-03-09 13:33:14.799Z,1.4777,27,SYNTH
2026-03-09 13:33:15.712Z,1.4808,23,SYNTH
2026-03-09 13:33:16.184Z,1.4789,68,SYNTH
2026-03-09 13:33:17.449Z,1.4779,47,SYNTH
2026-03-09 13:33:18.545Z,1.4770,29,SYNTH
2026-03-09 13:33:19.599Z,1.4796,31,SYNTH
2026-03-09 13:33:20.865Z,1.4766,37,SYNTH
2026-03-09 13:33:21.151Z,1.4789,34,SYNTH
2026-03-09 13:33:22.615Z,1.4772,20,SYNTH
2026-03-09 13:33:23.315Z,1.4763,25,SYNTH
2026-03-09 13:33:24.716Z,1.4758,34,SYNTH
2026-03-09 13:33:25.100Z,1.4749,32,SYNTH
2026-03-09 13:33:26.398Z,1.4749,27,SYNTH
2026-03-09 13:33:27.803Z,1.4744,29,SYNTH
2026-03-09 13:33:28.381Z,1.4742,34,SYNTH
2026-03-09 13:33:29.141Z,1.4736,22,SYNTH
2026-03-09 13:33:30.859Z,1.4723,22,SYNTH
2026-03-09 13:33:31.008Z,1.4723,29,SYNTH
2026-03-09 13:33:32.100Z,1.4714,21,SYNTH
2026-03-09 13:33:33.826Z,1.4706,24,SYNTH
2026-03-09 13:33:34.434Z,1.4705,20,SYNTH
2026-03-09 13:33:35.556Z,1.4689,23,SYNTH
2026-03-09 13:33:36.063Z,1.4691,24,SYNTH
2026-03-09 13:33:37.122Z,1.4715,38,SYNTH
2026-03-09 13:33:38.374Z,1.4693,44,SYNTH
2026-03-09 13:33:39.774Z,1.4694,55,SYNTH
2026-03-09 13:33:40.758Z,1.4711,50,SYNTH
2026-03-09 13:33:41.663Z,1.4680,33,SYNTH
2026-03-09 13:33:42.283Z,1.4717,21,SYNTH
2026-03-09 13:33:43.497Z,1.4714,34,SYNTH
2026-03-09 13:33:44.064Z,1.4712,35,SYNTH
2026-03-09 13:33:45.170Z,1.4685,50,SYNTH
2026-03-09 13:33:46.477Z,1.4693,37,SYNTH
2026-03-09 13:33:47.420Z,1.4720,47,SYNTH
2026-03-09 13:33:48.593Z,1.4716,30,SYNTH
2026-03-09 13:33:49.122Z,1.4684,45,SYNTH
2026-03-09 13:33:50.210Z,1.4721,41,SYNTH
2026-03-09 13:33:51.333Z,1.4687,26,SYNTH
2026-03-09 13:33:52.217Z,1.4714,35,SYNTH
2026-03-09 13:33:53.500Z,1.4715,27,SYNTH
2026-03-09 13:33:54.444Z,1.4698,26,SYNTH
2026-03-09 13:33:55.322Z,1.4705,51,SYNTH
2026-03-09 13:33:56.333Z,1.4698,27,SYNTH
2026-03-09 13:33:57.783Z,1.4683,27,SYNTH
2026-03-09 13:33:58.635Z,1.4689,26,SYNTH
2026-03-09 13:33:59.698Z,1.4715,37,SYNTH
2026-03-09 13:34:00.440Z,1.4801,23,SYNTH
2026-03-09 13:34:01.729Z,1.4818,20,SYNTH
2026-03-09 13:34:02.591Z,1.4792,29,SYNTH
2026-03-09 13:34:03.683Z,1.4805,20,SYNTH
2026-03-09 13:34:04.120Z,1.4782,13,SYNTH
2026-03-09 13:34:05.462Z,1.4792,27,SYNTH
2026-03-09 13:34:06.579Z,1.4809,22,SYNTH
2026-03-09 13:34:07.416Z,1.4814,12,SYNTH
2026-03-09 13:34:08.677Z,1.4785,13,SYNTH
2026-03-09 13:34:09.541Z,1.4813,15,SYNTH
2026-03-09 13:34:10.630Z,1.4794,16,SYNTH
2026-03-09 13:34:11.630Z,1.4811,40,SYNTH
2026-03-09 13:34:12.431Z,1.4805,37,SYNTH
2026-03-09 13:34:13.524Z,1.4778,35,SYNTH
2026-03-09 13:34:14.552Z,1.4810,21,SYNTH
2026-03-09 13:34:15.439Z,1.4813,21,SYNTH
2026-03-09 13:34:16.050Z,1.4782,19,SYNTH
2026-03-09 13:34:17.283Z,1.4816,28,SYNTH
2026-03-09 13:34:18.618Z,1.4808,36,SYNTH
2026-03-09 13:34:19.503Z,1.4792,32,SYNTH
2026-03-09 13:34:20.121Z,1.4806,21,SYNTH
2026-03-09 13:34:21.684Z,1.4813,10,SYNTH
2026-03-09 13:34:22.354Z,1.4816,21,SYNTH
2026-03-09 13:34:23.428Z,1.4824,18,SYNTH
2026-03-09 13:34:24.356Z,1.4818,13,SYNTH
2026-03-09 13:34:25.339Z,1.4828,10,SYNTH
2026-03-09 13:34:26.570Z,1.4825,13,SYNTH
2026-03-09 13:34:27.527Z,1.4825,9,SYNTH
2026-03-09 13:34:28.153Z,1.4833,9,SYNTH
2026-03-09 13:34:29.245Z,1.4847,14,SYNTH
2026-03-09 13:34:30.469Z,1.4817,11,SYNTH
2026-03-09 13:34:31.078Z,1.4848,15,SYNTH
2026-03-09 13:34:32.032Z,1.4856,20,SYNTH
2026-03-09 13:34:33.213Z,1.4862,21,SYNTH
2026-03-09 13:34:34.322Z,1.4859,11,SYNTH
2026-03-09 13:34:35.553Z,1.4829,9,SYNTH
2026-03-09 13:34:36.206Z,1.4855,11,SYNTH
2026-03-09 13:34:37.676Z,1.4833,33,SYNTH
2026-03-09 13:34:38.607Z,1.4855,29,SYNTH
2026-03-09 13:34:39.771Z,1.4853,53,SYNTH
2026-03-09 13:34:40.754Z,1.4836,25,SYNTH
2026-03-09 13:34:41.579Z,1.4866,11,SYNTH
2026-03-09 13:34:42.011Z,1.4839,15,SYNTH
2026-03-09 13:34:43.447Z,1.4843,22,SYNTH
2026-03-09 13:34:44.877Z,1.4851,17,SYNTH
2026-03-09 13:34:45.368Z,1.4841,19,SYNTH
2026-03-09 13:34:46.001Z,1.4828,37,SYNTH
2026-03-09 13:34:47.041Z,1.4858,29,SYNTH
2026-03-09 13:34:48.101Z,1.4827,13,SYNTH
2026-03-09 13:34:49.208Z,1.4864,26,SYNTH
2026-03-09 13:34:50.434Z,1.4828,17,SYNTH
2026-03-09 13:34:51.697Z,1.4844,23,SYNTH
2026-03-09 13:34:52.310Z,1.4863,15,SYNTH
2026-03-09 13:34:53.298Z,1.4860,23,SYNTH
2026-03-09 13:34:54.440Z,1.4847,20,SYNTH
2026-03-09 13:34:55.603Z,1.4847,19,SYNTH
2026-03-09 13:34:56.221Z,1.4832,20,SYNTH
2026-03-09 13:34:57.075Z,1.4864,15,SYNTH
2026-03-09 13:34:58.006Z,1.4835,14,SYNTH
2026-03-09 13:34:59.632Z,1.4869,33,SYNTH
2026-03-09 13:35:00.777Z,1.4903,6,SYNTH
2026-03-09 13:35:01.848Z,1.4878,6,SYNTH
2026-03-09 13:35:02.622Z,1.4908,7,SYNTH
2026-03-09 13:35:03.103Z,1.4881,6,SYNTH
2026-03-09 13:35:04.591Z,1.4909,5,SYNTH
2026-03-09 13:35:05.678Z,1.4902,7,SYNTH
2026-03-09 13:35:06.248Z,1.4902,6,SYNTH
2026-03-09 13:35:07.671Z,1.4895,4,SYNTH
2026-03-09 13:35:08.036Z,1.4877,3,SYNTH
2026-03-09 13:35:09.046Z,1.4904,3,SYNTH
2026-03-09 13:35:10.531Z,1.4899,6,SYNTH
2026-03-09 13:35:11.055Z,1.4911,15,SYNTH
2026-03-09 13:35:12.760Z,1.4898,15,SYNTH
2026-03-09 13:35:13.390Z,1.4893,15,SYNTH
2026-03-09 13:35:14.794Z,1.4906,5,SYNTH
2026-03-09 13:35:15.297Z,1.4890,5,SYNTH
2026-03-09 13:35:16.460Z,1.4885,6,SYNTH
2026-03-09 13:35:17.184Z,1.4921,7,SYNTH
2026-03-09 13:35:18.370Z,1.4920,10,SYNTH
2026-03-09 13:35:19.582Z,1.4914,5,SYNTH
2026-03-09 13:35:20.839Z,1.4888,3,SYNTH
2026-03-09 13:35:21.619Z,1.4917,2,SYNTH
2026-03-09 13:35:22.039Z,1.4897,3,SYNTH
2026-03-09 13:35:23.564Z,1.4913,3,SYNTH
2026-03-09 13:35:24.408Z,1.4886,4,SYNTH
2026-03-09 13:35:25.002Z,1.4912,5,SYNTH
2026-03-09 13:35:26.095Z,1.4890,2,SYNTH
2026-03-09 13:35:27.448Z,1.4892,5,SYNTH
2026-03-09 13:35:28.561Z,1.4920,3,SYNTH
2026-03-09 13:35:29.106Z,1.4907,5,SYNTH
2026-03-09 13:35:30.891Z,1.4882,5,SYNTH
2026-03-09 13:35:31.126Z,1.4886,5,SYNTH
2026-03-09 13:35:32.065Z,1.4911,4,SYNTH
2026-03-09 13:35:33.355Z,1.4909,2,SYNTH
2026-03-09 13:35:34.355Z,1.4897,4,SYNTH
2026-03-09 13:35:35.102Z,1.4906,4,SYNTH
2026-03-09 13:35:36.835Z,1.4912,5,SYNTH
2026-03-09 13:35:37.636Z,1.4887,14,SYNTH
2026-03-09 13:35:38.089Z,1.4916,10,SYNTH
2026-03-09 13:35:39.147Z,1.4914,14,SYNTH
2026-03-09 13:35:40.221Z,1.4895,11,SYNTH
2026-03-09 13:35:41.635Z,1.4902,3,SYNTH
2026-03-09 13:35:42.118Z,1.4891,3,SYNTH
2026-03-09 13:35:43.546Z,1.4923,6,SYNTH
2026-03-09 13:35:44.123Z,1.4888,5,SYNTH
2026-03-09 13:35:45.208Z,1.4894,6,SYNTH
2026-03-09 13:35:46.628Z,1.4919,4,SYNTH
2026-03-09 13:35:47.620Z,1.4895,5,SYNTH
2026-03-09 13:35:48.291Z,1.4910,5,SYNTH
2026-03-09 13:35:49.435Z,1.4881,6,SYNTH
2026-03-09 13:35:50.300Z,1.4885,4,SYNTH
2026-03-09 13:35:51.688Z,1.4916,4,SYNTH
2026-03-09 13:35:52.713Z,1.4883,7,SYNTH
2026-03-09 13:35:53.802Z,1.4914,6,SYNTH
2026-03-09 13:35:54.664Z,1.4912,5,SYNTH
2026-03-09 13:35:55.035Z,1.4915,5,SYNTH
2026-03-09 13:35:56.140Z,1.4910,5,SYNTH
2026-03-09 13:35:57.704Z,1.4906,7,SYNTH
2026-03-09 13:35:58.394Z,1.4903,8,SYNTH
2026-03-09 13:35:59.542Z,1.4888,8,SYNTH
2026-03-09 13:36:00.376Z,1.4864,7,SYNTH
2026-03-09 13:36:01.692Z,1.4858,11,SYNTH
2026-03-09 13:36:02.071Z,1.4831,14,SYNTH
2026-03-09 13:36:03.158Z,1.4843,11,SYNTH
2026-03-09 13:36:04.277Z,1.4869,10,SYNTH
2026-03-09 13:36:05.714Z,1.4836,9,SYNTH
2026-03-09 13:36:06.213Z,1.4849,12,SYNTH
2026-03-09 13:36:07.453Z,1.4842,12,SYNTH
2026-03-09 13:36:08.584Z,1.4867,6,SYNTH
2026-03-09 13:36:09.490Z,1.4845,5,SYNTH
2026-03-09 13:36:10.443Z,1.4862,13,SYNTH
2026-03-09 13:36:11.306Z,1.4845,19,SYNTH
2026-03-09 13:36:12.788Z,1.4870,26,SYNTH
2026-03-09 13:36:13.783Z,1.4861,24,SYNTH
2026-03-09 13:36:14.430Z,1.4857,9,SYNTH
2026-03-09 13:36:15.623Z,1.4832,11,SYNTH
2026-03-09 13:36:16.455Z,1.4867,20,SYNTH
2026-03-09 13:36:17.595Z,1.4842,9,SYNTH
2026-03-09 13:36:18.111Z,1.4868,16,SYNTH
2026-03-09 13:36:19.001Z,1.4850,20,SYNTH
2026-03-09 13:36:20.055Z,1.4861,9,SYNTH
2026-03-09 13:36:21.589Z,1.4870,5,SYNTH
2026-03-09 13:36:22.602Z,1.4863,6,SYNTH
2026-03-09 13:36:23.873Z,1.4863,5,SYNTH
2026-03-09 13:36:24.496Z,1.4870,9,SYNTH
2026-03-09 13:36:25.576Z,1.4865,8,SYNTH
2026-03-09 13:36:26.780Z,1.4871,10,SYNTH
2026-03-09 13:36:27.400Z,1.4869,6,SYNTH
2026-03-09 13:36:28.614Z,1.4893,10,SYNTH
2026-03-09 13:36:29.599Z,1.4890,5,SYNTH
2026-03-09 13:36:30.593Z,1.4889,6,SYNTH
2026-03-09 13:36:31.056Z,1.4898,5,SYNTH
2026-03-09 13:36:32.375Z,1.4905,5,SYNTH
2026-03-09 13:36:33.201Z,1.4910,10,SYNTH
2026-03-09 13:36:34.629Z,1.4904,6,SYNTH
2026-03-09 13:36:35.014Z,1.4912,7,SYNTH
2026-03-09 13:36:36.406Z,1.4884,10,SYNTH
2026-03-09 13:36:37.756Z,1.4898,12,SYNTH
2026-03-09 13:36:38.158Z,1.4912,25,SYNTH
2026-03-09 13:36:39.192Z,1.4889,17,SYNTH
2026-03-09 13:36:40.013Z,1.4901,26,SYNTH
2026-03-09 13:36:41.776Z,1.4884,8,SYNTH
2026-03-09 13:36:42.800Z,1.4883,8,SYNTH
2026-03-09 13:36:43.850Z,1.4875,10,SYNTH
2026-03-09 13:36:44.502Z,1.4910,8,SYNTH
2026-03-09 13:36:45.280Z,1.4882,18,SYNTH
2026-03-09 13:36:46.831Z,1.4886,11,SYNTH
2026-03-09 13:36:47.575Z,1.4906,17,SYNTH
2026-03-09 13:36:48.052Z,1.4899,8,SYNTH
2026-03-09 13:36:49.114Z,1.4886,12,SYNTH
2026-03-09 13:36:50.525Z,1.4874,8,SYNTH
2026-03-09 13:36:51.339Z,1.4886,10,SYNTH
2026-03-09 13:36:52.274Z,1.4903,8,SYNTH
2026-03-09 13:36:53.084Z,1.4912,9,SYNTH
2026-03-09 13:36:54.517Z,1.4900,7,SYNTH
2026-03-09 13:36:55.280Z,1.4887,6,SYNTH
2026-03-09 13:36:56.000Z,1.4914,8,SYNTH
2026-03-09 13:36:57.662Z,1.4908,12,SYNTH
2026-03-09 13:36:58.285Z,1.4884,14,SYNTH
2026-03-09 13:36:59.687Z,1.4900,15,SYNTH
2026-03-09 13:37:00.188Z,1.4916,1660,SYNTH
2026-03-09 13:37:01.433Z,1.4910,2408,SYNTH
2026-03-09 13:37:02.830Z,1.4889,1019,SYNTH
2026-03-09 13:37:03.195Z,1.4902,2261,SYNTH
2026-03-09 13:37:04.783Z,1.4908,1502,SYNTH
2026-03-09 13:37:05.122Z,1.4879,940,SYNTH
2026-03-09 13:37:06.632Z,1.4905,1248,SYNTH
2026-03-09 13:37:07.688Z,1.4910,983,SYNTH
2026-03-09 13:37:08.850Z,1.4889,1513,SYNTH
2026-03-09 13:37:09.228Z,1.4893,1831,SYNTH
2026-03-09 13:37:10.009Z,1.4879,1869,SYNTH
2026-03-09 13:37:11.883Z,1.4912,2277,SYNTH
2026-03-09 13:37:12.208Z,1.4915,3828,SYNTH
2026-03-09 13:37:13.825Z,1.4897,3887,SYNTH
2026-03-09 13:37:14.180Z,1.4884,1028,SYNTH
2026-03-09 13:37:15.700Z,1.4903,1730,SYNTH
2026-03-09 13:37:16.121Z,1.4904,2343,SYNTH
2026-03-09 13:37:17.549Z,1.4889,2015,SYNTH
2026-03-09 13:37:18.891Z,1.4905,1563,SYNTH
2026-03-09 13:37:19.156Z,1.4890,1731,SYNTH
2026-03-09 13:37:20.640Z,1.4914,1606,SYNTH
2026-03-09 13:37:21.502Z,1.4918,1528,SYNTH
2026-03-09 13:37:22.191Z,1.4933,1408,SYNTH
2026-03-09 13:37:23.460Z,1.4936,661,SYNTH
2026-03-09 13:37:24.682Z,1.4960,988,SYNTH
2026-03-09 13:37:25.757Z,1.4962,1137,SYNTH
2026-03-09 13:37:26.077Z,1.4979,1411,SYNTH
2026-03-09 13:37:27.383Z,1.4993,993,SYNTH
2026-03-09 13:37:28.689Z,1.5004,985,SYNTH
2026-03-09 13:37:29.419Z,1.5027,898,SYNTH
2026-03-09 13:37:30.827Z,1.5045,657,SYNTH
2026-03-09 13:37:31.029Z,1.5054,1034,SYNTH
2026-03-09 13:37:32.189Z,1.5061,1499,SYNTH
2026-03-09 13:37:33.711Z,1.5070,734,SYNTH
2026-03-09 13:37:34.880Z,1.5086,1185,SYNTH
2026-03-09 13:37:35.562Z,1.5093,1492,SYNTH
2026-03-09 13:37:36.421Z,1.5099,672,SYNTH
2026-03-09 13:37:37.310Z,1.5105,3580,SYNTH
2026-03-09 13:37:38.395Z,1.5081,2892,SYNTH
2026-03-09 13:37:39.896Z,1.5103,2946,SYNTH
2026-03-09 13:37:40.878Z,1.5113,3350,SYNTH
2026-03-09 13:37:41.124Z,1.5072,1430,SYNTH
2026-03-09 13:37:42.142Z,1.5095,1056,SYNTH
2026-03-09 13:37:43.007Z,1.5084,1411,SYNTH
2026-03-09 13:37:44.572Z,1.5074,1607,SYNTH
2026-03-09 13:37:45.555Z,1.5086,1300,SYNTH
2026-03-09 13:37:46.744Z,1.5067,2213,SYNTH
2026-03-09 13:37:47.804Z,1.5079,2157,SYNTH
2026-03-09 13:37:48.561Z,1.5057,1068,SYNTH
2026-03-09 13:37:49.777Z,1.5079,1160,SYNTH
2026-03-09 13:37:50.605Z,1.5062,818,SYNTH
2026-03-09 13:37:51.335Z,1.5046,1925,SYNTH
2026-03-09 13:37:52.588Z,1.5048,1079,SYNTH
2026-03-09 13:37:53.136Z,1.5047,1526,SYNTH
2026-03-09 13:37:54.281Z,1.5041,2114,SYNTH
2026-03-09 13:37:55.122Z,1.5052,1639,SYNTH
2026-03-09 13:37:56.488Z,1.5045,1199,SYNTH
2026-03-09 13:37:57.261Z,1.5032,985,SYNTH
2026-03-09 13:37:58.588Z,1.5061,1833,SYNTH
2026-03-09 13:37:59.607Z,1.5049,2345,SYNTH
2026-03-09 13:38:00.094Z,1.5004,10,SYNTH
2026-03-09 13:38:01.051Z,1.5005,14,SYNTH
2026-03-09 13:38:02.795Z,1.5018,15,SYNTH
2026-03-09 13:38:03.749Z,1.4989,15,SYNTH
2026-03-09 13:38:04.053Z,1.5004,12,SYNTH
2026-03-09 13:38:05.175Z,1.4991,14,SYNTH
2026-03-09 13:38:06.726Z,1.4994,15,SYNTH
2026-03-09 13:38:07.583Z,1.5018,10,SYNTH
2026-03-09 13:38:08.616Z,1.5003,16,SYNTH
2026-03-09 13:38:09.278Z,1.4998,8,SYNTH
2026-03-09 13:38:10.838Z,1.5014,7,SYNTH
2026-03-09 13:38:11.339Z,1.5005,29,SYNTH
2026-03-09 13:38:12.091Z,1.4987,24,SYNTH
2026-03-09 13:38:13.785Z,1.5003,34,SYNTH
2026-03-09 13:38:14.678Z,1.4995,10,SYNTH
2026-03-09 13:38:15.420Z,1.5014,11,SYNTH
2026-03-09 13:38:16.637Z,1.5015,11,SYNTH
2026-03-09 13:38:17.097Z,1.5014,14,SYNTH
2026-03-09 13:38:18.125Z,1.4994,12,SYNTH
2026-03-09 13:38:19.707Z,1.5002,12,SYNTH
2026-03-09 13:38:20.121Z,1.5008,9,SYNTH
2026-03-09 13:38:21.032Z,1.4980,10,SYNTH
2026-03-09 13:38:22.745Z,1.5007,6,SYNTH
2026-03-09 13:38:23.896Z,1.5007,12,SYNTH
2026-03-09 13:38:24.476Z,1.4997,9,SYNTH
2026-03-09 13:38:25.400Z,1.5001,11,SYNTH
2026-03-09 13:38:26.469Z,1.4991,9,SYNTH
2026-03-09 13:38:27.121Z,1.5012,5,SYNTH
2026-03-09 13:38:28.146Z,1.5016,10,SYNTH
2026-03-09 13:38:29.193Z,1.4993,12,SYNTH
2026-03-09 13:38:30.106Z,1.5016,12,SYNTH
2026-03-09 13:38:31.598Z,1.4994,12,SYNTH
2026-03-09 13:38:32.066Z,1.5009,7,SYNTH
2026-03-09 13:38:33.321Z,1.5002,7,SYNTH
2026-03-09 13:38:34.375Z,1.5003,7,SYNTH
2026-03-09 13:38:35.665Z,1.4991,7,SYNTH
2026-03-09 13:38:36.124Z,1.5016,10,SYNTH
2026-03-09 13:38:37.661Z,1.5019,23,SYNTH
2026-03-09 13:38:38.601Z,1.5011,33,SYNTH
2026-03-09 13:38:39.858Z,1.4985,32,SYNTH
2026-03-09 13:38:40.517Z,1.5010,21,SYNTH
2026-03-09 13:38:41.555Z,1.4997,11,SYNTH
2026-03-09 13:38:42.121Z,1.4991,12,SYNTH
2026-03-09 13:38:43.838Z,1.5016,8,SYNTH
2026-03-09 13:38:44.437Z,1.5011,14,SYNTH
2026-03-09 13:38:45.463Z,1.4979,22,SYNTH
2026-03-09 13:38:46.158Z,1.5006,18,SYNTH
2026-03-09 13:38:47.203Z,1.4989,20,SYNTH
2026-03-09 13:38:48.758Z,1.4997,14,SYNTH
2026-03-09 13:38:49.536Z,1.5016,15,SYNTH
2026-03-09 13:38:50.705Z,1.4996,14,SYNTH
2026-03-09 13:38:51.137Z,1.4994,14,SYNTH
2026-03-09 13:38:52.163Z,1.5015,7,SYNTH
2026-03-09 13:38:53.771Z,1.4986,16,SYNTH
2026-03-09 13:38:54.124Z,1.5020,16,SYNTH
2026-03-09 13:38:55.290Z,1.5021,14,SYNTH
2026-03-09 13:38:56.082Z,1.4984,13,SYNTH
2026-03-09 13:38:57.273Z,1.4998,15,SYNTH
2026-03-09 13:38:58.657Z,1.4980,10,SYNTH
2026-03-09 13:38:59.331Z,1.5020,15,SYNTH
2026-03-09 13:40:00.699Z,1.4956,88,SYNTH
2026-03-09 13:40:01.036Z,1.4933,71,SYNTH
2026-03-09 13:40:02.218Z,1.4953,86,SYNTH
2026-03-09 13:40:03.610Z,1.4940,38,SYNTH
2026-03-09 13:40:04.431Z,1.4962,43,SYNTH
2026-03-09 13:40:05.758Z,1.4930,59,SYNTH
2026-03-09 13:40:06.416Z,1.4957,75,SYNTH
2026-03-09 13:40:07.717Z,1.4952,55,SYNTH
2026-03-09 13:40:08.206Z,1.4958,41,SYNTH
2026-03-09 13:40:09.104Z,1.4943,61,SYNTH
2026-03-09 13:40:10.396Z,1.4963,36,SYNTH
2026-03-09 13:40:11.297Z,1.4936,108,SYNTH
2026-03-09 13:40:12.597Z,1.4967,115,SYNTH
2026-03-09 13:40:13.400Z,1.4937,122,SYNTH
2026-03-09 13:40:14.288Z,1.4961,34,SYNTH
2026-03-09 13:40:15.524Z,1.4940,60,SYNTH
2026-03-09 13:40:16.019Z,1.4964,53,SYNTH
2026-03-09 13:40:17.299Z,1.4930,54,SYNTH
2026-03-09 13:40:18.496Z,1.4936,77,SYNTH
2026-03-09 13:40:19.738Z,1.4968,87,SYNTH
2026-03-09 13:40:20.878Z,1.4937,49,SYNTH
2026-03-09 13:40:21.459Z,1.4927,41,SYNTH
2026-03-09 13:40:22.273Z,1.4954,29,SYNTH
2026-03-09 13:40:23.632Z,1.4928,30,SYNTH
2026-03-09 13:40:24.392Z,1.4932,26,SYNTH
2026-03-09 13:40:25.229Z,1.4926,57,SYNTH
2026-03-09 13:40:26.806Z,1.4921,50,SYNTH
2026-03-09 13:40:27.765Z,1.4934,30,SYNTH
2026-03-09 13:40:28.109Z,1.4920,52,SYNTH
2026-03-09 13:40:29.235Z,1.4940,52,SYNTH
2026-03-09 13:40:30.865Z,1.4910,38,SYNTH
2026-03-09 13:40:31.422Z,1.4900,27,SYNTH
2026-03-09 13:40:32.833Z,1.4894,28,SYNTH
2026-03-09 13:40:33.847Z,1.4898,52,SYNTH
2026-03-09 13:40:34.182Z,1.4890,44,SYNTH
2026-03-09 13:40:35.262Z,1.4892,57,SYNTH
2026-03-09 13:40:36.351Z,1.4915,45,SYNTH
2026-03-09 13:40:37.687Z,1.4880,146,SYNTH
2026-03-09 13:40:38.856Z,1.4910,91,SYNTH
2026-03-09 13:40:39.712Z,1.4898,74,SYNTH
2026-03-09 13:40:40.132Z,1.4914,109,SYNTH
2026-03-09 13:40:41.673Z,1.4906,25,SYNTH
2026-03-09 13:40:42.606Z,1.4897,43,SYNTH
2026-03-09 13:40:43.407Z,1.4916,54,SYNTH
2026-03-09 13:40:44.184Z,1.4920,32,SYNTH
2026-03-09 13:40:45.234Z,1.4897,65,SYNTH
2026-03-09 13:40:46.472Z,1.4916,71,SYNTH
2026-03-09 13:40:47.409Z,1.4927,62,SYNTH
2026-03-09 13:40:48.870Z,1.4895,59,SYNTH
2026-03-09 13:40:49.091Z,1.4902,51,SYNTH
2026-03-09 13:40:50.645Z,1.4920,40,SYNTH
2026-03-09 13:40:51.759Z,1.4914,57,SYNTH
2026-03-09 13:40:52.059Z,1.4899,65,SYNTH
2026-03-09 13:40:53.241Z,1.4894,49,SYNTH
2026-03-09 13:40:54.351Z,1.4893,53,SYNTH
2026-03-09 13:40:55.236Z,1.4891,56,SYNTH
2026-03-09 13:40:56.643Z,1.4920,60,SYNTH
2026-03-09 13:40:57.351Z,1.4890,77,SYNTH
2026-03-09 13:40:58.510Z,1.4895,36,SYNTH
2026-03-09 13:40:59.413Z,1.4903,48,SYNTH
2026-03-09 13:44:00.768Z,1.4924,8,SYNTH
2026-03-09 13:44:01.255Z,1.4929,7,SYNTH
2026-03-09 13:44:02.187Z,1.4901,7,SYNTH
2026-03-09 13:44:03.072Z,1.4929,7,SYNTH
2026-03-09 13:44:04.417Z,1.4906,6,SYNTH
2026-03-09 13:44:05.547Z,1.4924,5,SYNTH
2026-03-09 13:44:06.121Z,1.4928,6,SYNTH
2026-03-09 13:44:07.176Z,1.4908,4,SYNTH
2026-03-09 13:44:08.810Z,1.4897,4,SYNTH
2026-03-09 13:44:09.503Z,1.4918,4,SYNTH
2026-03-09 13:44:10.261Z,1.4898,4,SYNTH
2026-03-09 13:44:11.024Z,1.4935,15,SYNTH
2026-03-09 13:44:12.272Z,1.4903,11,SYNTH
2026-03-09 13:44:13.844Z,1.4896,14,SYNTH
2026-03-09 13:44:14.381Z,1.4928,4,SYNTH
2026-03-09 13:44:15.881Z,1.4932,5,SYNTH
2026-03-09 13:44:16.671Z,1.4938,7,SYNTH
2026-03-09 13:44:17.776Z,1.4903,9,SYNTH
2026-03-09 13:44:18.370Z,1.4924,6,SYNTH
2026-03-09 13:44:19.077Z,1.4898,6,SYNTH
2026-03-09 13:44:20.031Z,1.4929,3,SYNTH
2026-03-09 13:44:21.868Z,1.4925,4,SYNTH
2026-03-09 13:44:22.826Z,1.4927,2,SYNTH
2026-03-09 13:44:23.235Z,1.4914,3,SYNTH
2026-03-09 13:44:24.537Z,1.4942,2,SYNTH
2026-03-09 13:44:25.468Z,1.4946,2,SYNTH
2026-03-09 13:44:26.199Z,1.4960,4,SYNTH
2026-03-09 13:44:27.533Z,1.4922,5,SYNTH
2026-03-09 13:44:28.788Z,1.4962,5,SYNTH
2026-03-09 13:44:29.298Z,1.4957,5,SYNTH
2026-03-09 13:44:30.835Z,1.4969,5,SYNTH
2026-03-09 13:44:31.616Z,1.4964,5,SYNTH
2026-03-09 13:44:32.558Z,1.4985,3,SYNTH
2026-03-09 13:44:33.698Z,1.4981,4,SYNTH
2026-03-09 13:44:34.540Z,1.4986,5,SYNTH
2026-03-09 13:44:35.346Z,1.4983,5,SYNTH
2026-03-09 13:44:36.820Z,1.4993,4,SYNTH
2026-03-09 13:44:37.817Z,1.4989,9,SYNTH
2026-03-09 13:44:38.453Z,1.4974,8,SYNTH
2026-03-09 13:44:39.724Z,1.5002,8,SYNTH
2026-03-09 13:44:40.862Z,1.4976,6,SYNTH
2026-03-09 13:44:41.300Z,1.4967,2,SYNTH
2026-03-09 13:44:42.682Z,1.4964,3,SYNTH
2026-03-09 13:44:43.137Z,1.4983,5,SYNTH
2026-03-09 13:44:44.737Z,1.4979,6,SYNTH
2026-03-09 13:44:45.184Z,1.4996,7,SYNTH
2026-03-09 13:44:46.767Z,1.4963,7,SYNTH
2026-03-09 13:44:47.323Z,1.4982,8,SYNTH
2026-03-09 13:44:48.338Z,1.4988,6,SYNTH
2026-03-09 13:44:49.882Z,1.4961,4,SYNTH
2026-03-09 13:44:50.310Z,1.4997,5,SYNTH
2026-03-09 13:44:51.714Z,1.4962,4,SYNTH
2026-03-09 13:44:52.775Z,1.4989,7,SYNTH
2026-03-09 13:44:53.014Z,1.4977,5,SYNTH
2026-03-09 13:44:54.215Z,1.4993,4,SYNTH
2026-03-09 13:44:55.252Z,1.5000,5,SYNTH
2026-03-09 13:44:56.439Z,1.4990,7,SYNTH
2026-03-09 13:44:57.579Z,1.4994,5,SYNTH
2026-03-09 13:44:58.221Z,1.4995,7,SYNTH
2026-03-09 13:44:59.053Z,1.4972,6,SYNTH
2026-03-09 13:45:00.777Z,1.4963,15,SYNTH
2026-03-09 13:45:01.857Z,1.4935,19,SYNTH
2026-03-09 13:45:02.270Z,1.4966,29,SYNTH
2026-03-09 13:45:03.421Z,1.4945,19,SYNTH
2026-03-09 13:45:04.378Z,1.4962,29,SYNTH
2026-03-09 13:45:05.653Z,1.4939,27,SYNTH
2026-03-09 13:45:06.702Z,1.4955,16,SYNTH
2026-03-09 13:45:07.645Z,1.4944,14,SYNTH
2026-03-09 13:45:08.875Z,1.4967,13,SYNTH
2026-03-09 13:45:09.048Z,1.4929,14,SYNTH
2026-03-09 13:45:10.852Z,1.4960,22,SYNTH
2026-03-09 13:45:11.571Z,1.4951,55,SYNTH
2026-03-09 13:45:12.859Z,1.4941,56,SYNTH
2026-03-09 13:45:13.543Z,1.4927,50,SYNTH
2026-03-09 13:45:14.330Z,1.4965,19,SYNTH
2026-03-09 13:45:15.794Z,1.4962,19,SYNTH
2026-03-09 13:45:16.283Z,1.4944,31,SYNTH
2026-03-09 13:45:17.041Z,1.4962,26,SYNTH
2026-03-09 13:45:18.178Z,1.4966,29,SYNTH
2026-03-09 13:45:19.538Z,1.4929,31,SYNTH
2026-03-09 13:45:20.298Z,1.4967,10,SYNTH
2026-03-09 13:45:21.631Z,1.4937,9,SYNTH
2026-03-09 13:45:22.418Z,1.4958,21,SYNTH
2026-03-09 13:45:23.415Z,1.4932,11,SYNTH
2026-03-09 13:45:24.228Z,1.4936,19,SYNTH
2026-03-09 13:45:25.319Z,1.4923,18,SYNTH
2026-03-09 13:45:26.018Z,1.4912,9,SYNTH
2026-03-09 13:45:27.029Z,1.4930,11,SYNTH
2026-03-09 13:45:28.395Z,1.4910,16,SYNTH
2026-03-09 13:45:29.037Z,1.4909,11,SYNTH
2026-03-09 13:45:30.310Z,1.4895,12,SYNTH
2026-03-09 13:45:31.634Z,1.4925,18,SYNTH
2026-03-09 13:45:32.165Z,1.4908,19,SYNTH
2026-03-09 13:45:33.426Z,1.4904,20,SYNTH
2026-03-09 13:45:34.479Z,1.4888,20,SYNTH
2026-03-09 13:45:35.718Z,1.4900,10,SYNTH
2026-03-09 13:45:36.868Z,1.4880,13,SYNTH
2026-03-09 13:45:37.895Z,1.4916,28,SYNTH
2026-03-09 13:45:38.519Z,1.4904,28,SYNTH
2026-03-09 13:45:39.566Z,1.4893,29,SYNTH
2026-03-09 13:45:40.701Z,1.4920,48,SYNTH
2026-03-09 13:45:41.828Z,1.4886,17,SYNTH
2026-03-09 13:45:42.531Z,1.4917,21,SYNTH
2026-03-09 13:45:43.825Z,1.4899,14,SYNTH
2026-03-09 13:45:44.635Z,1.4907,21,SYNTH
2026-03-09 13:45:45.863Z,1.4915,34,SYNTH
2026-03-09 13:45:46.648Z,1.4910,23,SYNTH
2026-03-09 13:45:47.076Z,1.4886,33,SYNTH
2026-03-09 13:45:48.852Z,1.4909,20,SYNTH
2026-03-09 13:45:49.459Z,1.4888,14,SYNTH
2026-03-09 13:45:50.115Z,1.4908,17,SYNTH
2026-03-09 13:45:51.552Z,1.4902,20,SYNTH
2026-03-09 13:45:52.883Z,1.4916,24,SYNTH
2026-03-09 13:45:53.718Z,1.4892,16,SYNTH
2026-03-09 13:45:54.719Z,1.4923,26,SYNTH
2026-03-09 13:45:55.380Z,1.4893,14,SYNTH
2026-03-09 13:45:56.718Z,1.4914,19,SYNTH
2026-03-09 13:45:57.877Z,1.4889,25,SYNTH
2026-03-09 13:45:58.626Z,1.4906,23,SYNTH
2026-03-09 13:45:59.575Z,1.4886,16,SYNTH
2026-03-09 13:47:00.286Z,1.4969,13,SYNTH
2026-03-09 13:47:01.509Z,1.4935,17,SYNTH
2026-03-09 13:47:02.102Z,1.4967,19,SYNTH
2026-03-09 13:47:03.452Z,1.4931,20,SYNTH
2026-03-09 13:47:04.637Z,1.4962,21,SYNTH
2026-03-09 13:47:05.618Z,1.4942,12,SYNTH
2026-03-09 13:47:06.707Z,1.4961,11,SYNTH
2026-03-09 13:47:07.479Z,1.4949,11,SYNTH
2026-03-09 13:47:08.125Z,1.4970,18,SYNTH
2026-03-09 13:47:09.863Z,1.4947,18,SYNTH
2026-03-09 13:47:10.723Z,1.4934,17,SYNTH
2026-03-09 13:47:11.633Z,1.4959,25,SYNTH
2026-03-09 13:47:12.686Z,1.4942,21,SYNTH
2026-03-09 13:47:13.527Z,1.4935,36,SYNTH
2026-03-09 13:47:14.857Z,1.4948,7,SYNTH
2026-03-09 13:47:15.385Z,1.4962,14,SYNTH
2026-03-09 13:47:16.041Z,1.4969,17,SYNTH
2026-03-09 13:47:17.211Z,1.4966,25,SYNTH
2026-03-09 13:47:18.276Z,1.4929,18,SYNTH
2026-03-09 13:47:19.559Z,1.4953,14,SYNTH
2026-03-09 13:47:20.817Z,1.4943,8,SYNTH
2026-03-09 13:47:21.547Z,1.4965,13,SYNTH
2026-03-09 13:47:22.796Z,1.4933,13,SYNTH
2026-03-09 13:47:23.793Z,1.4930,11,SYNTH
2026-03-09 13:47:24.885Z,1.4922,14,SYNTH
2026-03-09 13:47:25.237Z,1.4921,7,SYNTH
2026-03-09 13:47:26.428Z,1.4951,14,SYNTH
2026-03-09 13:47:27.797Z,1.4913,10,SYNTH
2026-03-09 13:47:28.380Z,1.4946,7,SYNTH
2026-03-09 13:47:29.053Z,1.4902,8,SYNTH
2026-03-09 13:47:30.645Z,1.4924,6,SYNTH
2026-03-09 13:47:31.605Z,1.4903,9,SYNTH
2026-03-09 13:47:32.743Z,1.4896,11,SYNTH
2026-03-09 13:47:33.884Z,1.4918,6,SYNTH
2026-03-09 13:47:34.649Z,1.4903,7,SYNTH
2026-03-09 13:47:35.830Z,1.4901,11,SYNTH
2026-03-09 13:47:36.010Z,1.4893,12,SYNTH
2026-03-09 13:47:37.745Z,1.4879,28,SYNTH
2026-03-09 13:47:38.148Z,1.4909,17,SYNTH
2026-03-09 13:47:39.093Z,1.4917,32,SYNTH
2026-03-09 13:47:40.806Z,1.4888,22,SYNTH
2026-03-09 13:47:41.217Z,1.4908,12,SYNTH
2026-03-09 13:47:42.401Z,1.4915,8,SYNTH
2026-03-09 13:47:43.034Z,1.4891,11,SYNTH
2026-03-09 13:47:44.008Z,1.4906,10,SYNTH
2026-03-09 13:47:45.715Z,1.4925,22,SYNTH
2026-03-09 13:47:46.073Z,1.4912,16,SYNTH
2026-03-09 13:47:47.004Z,1.4893,16,SYNTH
2026-03-09 13:47:48.235Z,1.4919,17,SYNTH
2026-03-09 13:47:49.533Z,1.4893,17,SYNTH
2026-03-09 13:47:50.244Z,1.4899,15,SYNTH
2026-03-09 13:47:51.300Z,1.4918,11,SYNTH
2026-03-09 13:47:52.061Z,1.4886,14,SYNTH
2026-03-09 13:47:53.730Z,1.4889,13,SYNTH
2026-03-09 13:47:54.509Z,1.4908,11,SYNTH
2026-03-09 13:47:55.226Z,1.4917,14,SYNTH
2026-03-09 13:47:56.403Z,1.4890,19,SYNTH
2026-03-09 13:47:57.289Z,1.4919,11,SYNTH
2026-03-09 13:47:58.276Z,1.4888,22,SYNTH
2026-03-09 13:47:59.082Z,1.4896,21,SYNTH
2026-03-09 13:48:00.092Z,1.4909,113,SYNTH
2026-03-09 13:48:01.148Z,1.4926,87,SYNTH
2026-03-09 13:48:02.191Z,1.4914,70,SYNTH
2026-03-09 13:48:03.127Z,1.4903,134,SYNTH
2026-03-09 13:48:04.372Z,1.4927,110,SYNTH
2026-03-09 13:48:05.600Z,1.4938,95,SYNTH
2026-03-09 13:48:06.412Z,1.4937,86,SYNTH
2026-03-09 13:48:07.737Z,1.4943,77,SYNTH
2026-03-09 13:48:08.822Z,1.4944,65,SYNTH
2026-03-09 13:48:09.076Z,1.4951,73,SYNTH
2026-03-09 13:48:10.313Z,1.4956,56,SYNTH
2026-03-09 13:48:11.646Z,1.4962,232,SYNTH
2026-03-09 13:48:12.490Z,1.4937,280,SYNTH
2026-03-09 13:48:13.328Z,1.4932,241,SYNTH
2026-03-09 13:48:14.805Z,1.4964,94,SYNTH
2026-03-09 13:48:15.801Z,1.4929,72,SYNTH
2026-03-09 13:48:16.376Z,1.4954,120,SYNTH
2026-03-09 13:48:17.151Z,1.4938,179,SYNTH
2026-03-09 13:48:18.257Z,1.4933,156,SYNTH
2026-03-09 13:48:19.226Z,1.4957,92,SYNTH
2026-03-09 13:48:20.168Z,1.4928,76,SYNTH
2026-03-09 13:48:21.602Z,1.4924,79,SYNTH
2026-03-09 13:48:22.255Z,1.4914,94,SYNTH
2026-03-09 13:48:23.076Z,1.4942,83,SYNTH
2026-03-09 13:48:24.649Z,1.4912,66,SYNTH
2026-03-09 13:48:25.031Z,1.4917,90,SYNTH
2026-03-09 13:48:26.623Z,1.4934,62,SYNTH
2026-03-09 13:48:27.508Z,1.4915,49,SYNTH
2026-03-09 13:48:28.252Z,1.4929,45,SYNTH
2026-03-09 13:48:29.772Z,1.4937,94,SYNTH
2026-03-09 13:48:30.463Z,1.4893,48,SYNTH
2026-03-09 13:48:31.862Z,1.4895,92,SYNTH
2026-03-09 13:48:32.150Z,1.4924,79,SYNTH
2026-03-09 13:48:33.446Z,1.4919,38,SYNTH
2026-03-09 13:48:34.068Z,1.4887,78,SYNTH
2026-03-09 13:48:35.471Z,1.4887,88,SYNTH
2026-03-09 13:48:36.750Z,1.4924,53,SYNTH
2026-03-09 13:48:37.368Z,1.4884,242,SYNTH
2026-03-09 13:48:38.536Z,1.4916,195,SYNTH
2026-03-09 13:48:39.524Z,1.4897,185,SYNTH
2026-03-09 13:48:40.354Z,1.4891,110,SYNTH
2026-03-09 13:48:41.594Z,1.4909,70,SYNTH
2026-03-09 13:48:42.231Z,1.4912,48,SYNTH
2026-03-09 13:48:43.492Z,1.4886,96,SYNTH
2026-03-09 13:48:44.431Z,1.4895,81,SYNTH
2026-03-09 13:48:45.492Z,1.4909,150,SYNTH
2026-03-09 13:48:46.789Z,1.4918,116,SYNTH
2026-03-09 13:48:47.264Z,1.4885,71,SYNTH
2026-03-09 13:48:48.866Z,1.4878,82,SYNTH
2026-03-09 13:48:49.421Z,1.4903,70,SYNTH
2026-03-09 13:48:50.832Z,1.4891,85,SYNTH
2026-03-09 13:48:51.026Z,1.4883,89,SYNTH
2026-03-09 13:48:52.589Z,1.4915,76,SYNTH
2026-03-09 13:48:53.355Z,1.4881,88,SYNTH
2026-03-09 13:48:54.666Z,1.4910,83,SYNTH
2026-03-09 13:48:55.097Z,1.4912,130,SYNTH
2026-03-09 13:48:56.884Z,1.4890,89,SYNTH
2026-03-09 13:48:57.609Z,1.4892,91,SYNTH
2026-03-09 13:48:58.380Z,1.4913,100,SYNTH
2026-03-09 13:48:59.511Z,1.4892,131,SYNTH
2026-03-09 13:49:00.787Z,1.4919,41,SYNTH
2026-03-09 13:49:01.514Z,1.4882,37,SYNTH
2026-03-09 13:49:02.401Z,1.4916,33,SYNTH
2026-03-09 13:49:03.058Z,1.4916,33,SYNTH
2026-03-09 13:49:04.644Z,1.4895,29,SYNTH
2026-03-09 13:49:05.696Z,1.4911,18,SYNTH
2026-03-09 13:49:06.681Z,1.4893,37,SYNTH
2026-03-09 13:49:07.159Z,1.4892,25,SYNTH
2026-03-09 13:49:08.442Z,1.4918,26,SYNTH
2026-03-09 13:49:09.487Z,1.4892,18,SYNTH
2026-03-09 13:49:10.574Z,1.4887,25,SYNTH
2026-03-09 13:49:11.220Z,1.4902,43,SYNTH
2026-03-09 13:49:12.639Z,1.4887,58,SYNTH
2026-03-09 13:49:13.532Z,1.4915,60,SYNTH
2026-03-09 13:49:14.640Z,1.4906,29,SYNTH
2026-03-09 13:49:15.312Z,1.4908,27,SYNTH
2026-03-09 13:49:16.136Z,1.4921,45,SYNTH
2026-03-09 13:49:17.130Z,1.4911,25,SYNTH
2026-03-09 13:49:18.058Z,1.4900,37,SYNTH
2026-03-09 13:49:19.397Z,1.4906,36,SYNTH
2026-03-09 13:49:20.315Z,1.4895,27,SYNTH
2026-03-09 13:49:21.279Z,1.4901,29,SYNTH
2026-03-09 13:49:22.112Z,1.4902,30,SYNTH
2026-03-09 13:49:23.886Z,1.4910,16,SYNTH
2026-03-09 13:49:24.085Z,1.4893,21,SYNTH
2026-03-09 13:49:25.809Z,1.4918,17,SYNTH
2026-03-09 13:49:26.497Z,1.4923,15,SYNTH
2026-03-09 13:49:27.168Z,1.4893,21,SYNTH
2026-03-09 13:49:28.709Z,1.4909,12,SYNTH
2026-03-09 13:49:29.077Z,1.4898,26,SYNTH
2026-03-09 13:49:30.736Z,1.4879,15,SYNTH
2026-03-09 13:49:31.831Z,1.4916,27,SYNTH
2026-03-09 13:49:32.126Z,1.4911,27,SYNTH
2026-03-09 13:49:33.896Z,1.4919,16,SYNTH
2026-03-09 13:49:34.174Z,1.4889,20,SYNTH
2026-03-09 13:49:35.584Z,1.4912,21,SYNTH
2026-03-09 13:49:36.513Z,1.4898,16,SYNTH
2026-03-09 13:49:37.183Z,1.4904,42,SYNTH
2026-03-09 13:49:38.194Z,1.4889,44,SYNTH
2026-03-09 13:49:39.885Z,1.4884,57,SYNTH
2026-03-09 13:49:40.580Z,1.4913,56,SYNTH
2026-03-09 13:49:41.478Z,1.4910,27,SYNTH
2026-03-09 13:49:42.108Z,1.4908,25,SYNTH
2026-03-09 13:49:43.628Z,1.4909,30,SYNTH
2026-03-09 13:49:44.197Z,1.4893,19,SYNTH
2026-03-09 13:49:45.485Z,1.4889,44,SYNTH
2026-03-09 13:49:46.808Z,1.4895,40,SYNTH
2026-03-09 13:49:47.744Z,1.4885,40,SYNTH
2026-03-09 13:49:48.863Z,1.4922,21,SYNTH
2026-03-09 13:49:49.607Z,1.4896,20,SYNTH
2026-03-09 13:49:50.033Z,1.4904,36,SYNTH
2026-03-09 13:49:51.428Z,1.4909,25,SYNTH
2026-03-09 13:49:52.104Z,1.4914,40,SYNTH
2026-03-09 13:49:53.538Z,1.4886,33,SYNTH
2026-03-09 13:49:54.490Z,1.4910,31,SYNTH
2026-03-09 13:49:55.655Z,1.4899,41,SYNTH
2026-03-09 13:49:56.453Z,1.4889,37,SYNTH
2026-03-09 13:49:57.403Z,1.4907,27,SYNTH
2026-03-09 13:49:58.750Z,1.4911,22,SYNTH
2026-03-09 13:49:59.333Z,1.4887,24,SYNTH
2026-03-09 13:50:00.652Z,1.4855,79,SYNTH
2026-03-09 13:50:01.151Z,1.4868,69,SYNTH
2026-03-09 13:50:02.881Z,1.4835,79,SYNTH
2026-03-09 13:50:03.753Z,1.4828,86,SYNTH
2026-03-09 13:50:04.112Z,1.4853,61,SYNTH
2026-03-09 13:50:05.373Z,1.4869,72,SYNTH
2026-03-09 13:50:06.487Z,1.4841,102,SYNTH
2026-03-09 13:50:07.721Z,1.4867,97,SYNTH
2026-03-09 13:50:08.765Z,1.4855,45,SYNTH
2026-03-09 13:50:09.154Z,1.4831,50,SYNTH
2026-03-09 13:50:10.164Z,1.4841,40,SYNTH
2026-03-09 13:50:11.019Z,1.4846,127,SYNTH
2026-03-09 13:50:12.554Z,1.4858,148,SYNTH
2026-03-09 13:50:13.240Z,1.4842,142,SYNTH
2026-03-09 13:50:14.469Z,1.4831,89,SYNTH
2026-03-09 13:50:15.775Z,1.4869,55,SYNTH
2026-03-09 13:50:16.444Z,1.4842,67,SYNTH
2026-03-09 13:50:17.470Z,1.4838,107,SYNTH
2026-03-09 13:50:18.217Z,1.4860,113,SYNTH
2026-03-09 13:50:19.684Z,1.4848,134,SYNTH
2026-03-09 13:50:20.056Z,1.4863,64,SYNTH
2026-03-09 13:50:21.627Z,1.4875,77,SYNTH
2026-03-09 13:50:22.171Z,1.4875,66,SYNTH
2026-03-09 13:50:23.073Z,1.4889,69,SYNTH
2026-03-09 13:50:24.494Z,1.4887,58,SYNTH
2026-03-09 13:50:25.314Z,1.4900,59,SYNTH
2026-03-09 13:50:26.406Z,1.4920,64,SYNTH
2026-03-09 13:50:27.798Z,1.4927,43,SYNTH
2026-03-09 13:50:28.194Z,1.4935,50,SYNTH
2026-03-09 13:50:29.447Z,1.4939,44,SYNTH
2026-03-09 13:50:30.477Z,1.4952,73,SYNTH
2026-03-09 13:50:31.851Z,1.4956,70,SYNTH
2026-03-09 13:50:32.244Z,1.4970,58,SYNTH
2026-03-09 13:50:33.765Z,1.4988,40,SYNTH
2026-03-09 13:50:34.779Z,1.4994,42,SYNTH
2026-03-09 13:50:35.058Z,1.5008,38,SYNTH
2026-03-09 13:50:36.084Z,1.5014,50,SYNTH
2026-03-09 13:50:37.515Z,1.5015,199,SYNTH
2026-03-09 13:50:38.792Z,1.5013,193,SYNTH
2026-03-09 13:50:39.558Z,1.5011,119,SYNTH
2026-03-09 13:50:40.526Z,1.4984,142,SYNTH
2026-03-09 13:50:41.013Z,1.5001,74,SYNTH
2026-03-09 13:50:42.067Z,1.4973,66,SYNTH
2026-03-09 13:50:43.023Z,1.4978,42,SYNTH
2026-03-09 13:50:44.169Z,1.4998,40,SYNTH
2026-03-09 13:50:45.739Z,1.4981,94,SYNTH
2026-03-09 13:50:46.327Z,1.4987,93,SYNTH
2026-03-09 13:50:47.319Z,1.5001,56,SYNTH
2026-03-09 13:50:48.364Z,1.4977,47,SYNTH
2026-03-09 13:50:49.398Z,1.4992,44,SYNTH
2026-03-09 13:50:50.090Z,1.4994,54,SYNTH
2026-03-09 13:50:51.276Z,1.5001,71,SYNTH
2026-03-09 13:50:52.336Z,1.4986,60,SYNTH
2026-03-09 13:50:53.140Z,1.5003,45,SYNTH
2026-03-09 13:50:54.801Z,1.4998,100,SYNTH
2026-03-09 13:50:55.230Z,1.4997,77,SYNTH
2026-03-09 13:50:56.153Z,1.5018,87,SYNTH
2026-03-09 13:50:57.197Z,1.5020,95,SYNTH
2026-03-09 13:50:58.015Z,1.5013,50,SYNTH
2026-03-09 13:50:59.247Z,1.4993,99,SYNTH
2026-03-09 13:51:00.657Z,1.4919,6,SYNTH
2026-03-09 13:51:01.399Z,1.4914,10,SYNTH
2026-03-09 13:51:02.719Z,1.4889,6,SYNTH
2026-03-09 13:51:03.146Z,1.4887,5,SYNTH
2026-03-09 13:51:04.438Z,1.4911,6,SYNTH
2026-03-09 13:51:05.481Z,1.4892,8,SYNTH
2026-03-09 13:51:06.260Z,1.4909,4,SYNTH
2026-03-09 13:51:07.490Z,1.4897,7,SYNTH
2026-03-09 13:51:08.644Z,1.4902,8,SYNTH
2026-03-09 13:51:09.738Z,1.4914,4,SYNTH
2026-03-09 13:51:10.397Z,1.4897,6,SYNTH
2026-03-09 13:51:11.866Z,1.4887,14,SYNTH
2026-03-09 13:51:12.441Z,1.4904,18,SYNTH
2026-03-09 13:51:13.793Z,1.4919,15,SYNTH
2026-03-09 13:51:14.317Z,1.4915,5,SYNTH
2026-03-09 13:51:15.118Z,1.4896,4,SYNTH
2026-03-09 13:51:16.460Z,1.4909,6,SYNTH
2026-03-09 13:51:17.747Z,1.4888,9,SYNTH
2026-03-09 13:51:18.432Z,1.4912,12,SYNTH
2026-03-09 13:51:19.537Z,1.4884,8,SYNTH
2026-03-09 13:51:20.551Z,1.4902,5,SYNTH
2026-03-09 13:51:21.611Z,1.4918,7,SYNTH
2026-03-09 13:51:22.719Z,1.4899,4,SYNTH
2026-03-09 13:51:23.710Z,1.4909,6,SYNTH
2026-03-09 13:51:24.194Z,1.4886,4,SYNTH
2026-03-09 13:51:25.634Z,1.4900,3,SYNTH
2026-03-09 13:51:26.891Z,1.4906,7,SYNTH
2026-03-09 13:51:27.673Z,1.4917,5,SYNTH
2026-03-09 13:51:28.004Z,1.4893,4,SYNTH
2026-03-09 13:51:29.784Z,1.4917,5,SYNTH
2026-03-09 13:51:30.193Z,1.4883,4,SYNTH
2026-03-09 13:51:31.113Z,1.4911,3,SYNTH
2026-03-09 13:51:32.340Z,1.4894,3,SYNTH
2026-03-09 13:51:33.374Z,1.4904,5,SYNTH
2026-03-09 13:51:34.718Z,1.4910,3,SYNTH
2026-03-09 13:51:35.399Z,1.4891,6,SYNTH
2026-03-09 13:51:36.172Z,1.4894,5,SYNTH
2026-03-09 13:51:37.553Z,1.4899,15,SYNTH
2026-03-09 13:51:38.593Z,1.4908,15,SYNTH
2026-03-09 13:51:39.722Z,1.4881,8,SYNTH
2026-03-09 13:51:40.113Z,1.4920,17,SYNTH
2026-03-09 13:51:41.864Z,1.4917,4,SYNTH
2026-03-09 13:51:42.595Z,1.4909,4,SYNTH
2026-03-09 13:51:43.642Z,1.4880,5,SYNTH
2026-03-09 13:51:44.290Z,1.4912,5,SYNTH
2026-03-09 13:51:45.290Z,1.4915,5,SYNTH
2026-03-09 13:51:46.629Z,1.4911,9,SYNTH
2026-03-09 13:51:47.123Z,1.4920,6,SYNTH
2026-03-09 13:51:48.659Z,1.4887,5,SYNTH
2026-03-09 13:51:49.347Z,1.4914,4,SYNTH
2026-03-09 13:51:50.092Z,1.4896,4,SYNTH
2026-03-09 13:51:51.062Z,1.4891,7,SYNTH
2026-03-09 13:51:52.564Z,1.4922,4,SYNTH
2026-03-09 13:51:53.510Z,1.4905,9,SYNTH
2026-03-09 13:51:54.894Z,1.4887,8,SYNTH
2026-03-09 13:51:55.612Z,1.4879,5,SYNTH
2026-03-09 13:51:56.655Z,1.4908,7,SYNTH
2026-03-09 13:51:57.735Z,1.4883,8,SYNTH
2026-03-09 13:51:58.001Z,1.4903,8,SYNTH
2026-03-09 13:51:59.493Z,1.4916,6,SYNTH
2026-03-09 13:53:00.502Z,1.4912,43,SYNTH
2026-03-09 13:53:01.057Z,1.4888,39,SYNTH
2026-03-09 13:53:02.734Z,1.4919,23,SYNTH
2026-03-09 13:53:03.548Z,1.4907,32,SYNTH
2026-03-09 13:53:04.451Z,1.4892,38,SYNTH
2026-03-09 13:53:05.497Z,1.4905,25,SYNTH
2026-03-09 13:53:06.770Z,1.4913,18,SYNTH
2026-03-09 13:53:07.753Z,1.4884,24,SYNTH
2026-03-09 13:53:08.662Z,1.4914,24,SYNTH
2026-03-09 13:53:09.618Z,1.4890,19,SYNTH
2026-03-09 13:53:10.177Z,1.4919,25,SYNTH
2026-03-09 13:53:11.407Z,1.4880,40,SYNTH
2026-03-09 13:53:12.633Z,1.4915,69,SYNTH
2026-03-09 13:53:13.549Z,1.4881,38,SYNTH
2026-03-09 13:53:14.403Z,1.4885,30,SYNTH
2026-03-09 13:53:15.817Z,1.4903,16,SYNTH
2026-03-09 13:53:16.574Z,1.4901,43,SYNTH
2026-03-09 13:53:17.308Z,1.4881,30,SYNTH
2026-03-09 13:53:18.311Z,1.4889,57,SYNTH
2026-03-09 13:53:19.759Z,1.4922,38,SYNTH
2026-03-09 13:53:20.366Z,1.4885,14,SYNTH
2026-03-09 13:53:21.525Z,1.4921,12,SYNTH
2026-03-09 13:53:22.045Z,1.4886,17,SYNTH
2026-03-09 13:53:23.507Z,1.4905,13,SYNTH
2026-03-09 13:53:24.778Z,1.4891,16,SYNTH
2026-03-09 13:53:25.868Z,1.4915,21,SYNTH
2026-03-09 13:53:26.741Z,1.4894,26,SYNTH
2026-03-09 13:53:27.037Z,1.4911,18,SYNTH
2026-03-09 13:53:28.052Z,1.4905,12,SYNTH
2026-03-09 13:53:29.381Z,1.4880,14,SYNTH
2026-03-09 13:53:30.840Z,1.4879,22,SYNTH
2026-03-09 13:53:31.399Z,1.4905,19,SYNTH
2026-03-09 13:53:32.443Z,1.4879,25,SYNTH
2026-03-09 13:53:33.495Z,1.4908,15,SYNTH
2026-03-09 13:53:34.404Z,1.4881,13,SYNTH
2026-03-09 13:53:35.215Z,1.4908,18,SYNTH
2026-03-09 13:53:36.042Z,1.4892,18,SYNTH
2026-03-09 13:53:37.858Z,1.4904,67,SYNTH
2026-03-09 13:53:38.692Z,1.4898,35,SYNTH
2026-03-09 13:53:39.310Z,1.4914,39,SYNTH
2026-03-09 13:53:40.018Z,1.4889,58,SYNTH
2026-03-09 13:53:41.571Z,1.4916,22,SYNTH
2026-03-09 13:53:42.085Z,1.4883,19,SYNTH
2026-03-09 13:53:43.358Z,1.4905,20,SYNTH
2026-03-09 13:53:44.128Z,1.4892,21,SYNTH
2026-03-09 13:53:45.299Z,1.4918,22,SYNTH
2026-03-09 13:53:46.023Z,1.4908,22,SYNTH
2026-03-09 13:53:47.462Z,1.4903,43,SYNTH
2026-03-09 13:53:48.176Z,1.4881,17,SYNTH
2026-03-09 13:53:49.646Z,1.4913,22,SYNTH
2026-03-09 13:53:50.875Z,1.4885,25,SYNTH
2026-03-09 13:53:51.315Z,1.4907,16,SYNTH
2026-03-09 13:53:52.265Z,1.4918,17,SYNTH
2026-03-09 13:53:53.241Z,1.4916,24,SYNTH
2026-03-09 13:53:54.344Z,1.4898,23,SYNTH
2026-03-09 13:53:55.387Z,1.4894,39,SYNTH
2026-03-09 13:53:56.273Z,1.4916,29,SYNTH
2026-03-09 13:53:57.522Z,1.4896,21,SYNTH
2026-03-09 13:53:58.219Z,1.4917,27,SYNTH
2026-03-09 13:53:59.611Z,1.4896,27,SYNTH
2026-03-09 13:54:00.147Z,1.4810,62,SYNTH
2026-03-09 13:54:01.031Z,1.4792,114,SYNTH
2026-03-09 13:54:02.027Z,1.4816,57,SYNTH
2026-03-09 13:54:03.395Z,1.4813,111,SYNTH
2026-03-09 13:54:04.232Z,1.4812,111,SYNTH
2026-03-09 13:54:05.729Z,1.4807,105,SYNTH
2026-03-09 13:54:06.248Z,1.4806,67,SYNTH
2026-03-09 13:54:07.152Z,1.4820,113,SYNTH
2026-03-09 13:54:08.784Z,1.4794,69,SYNTH
2026-03-09 13:54:09.477Z,1.4779,73,SYNTH
2026-03-09 13:54:10.028Z,1.4808,70,SYNTH
2026-03-09 13:54:11.241Z,1.4793,109,SYNTH
2026-03-09 13:54:12.389Z,1.4815,156,SYNTH
2026-03-09 13:54:13.487Z,1.4796,184,SYNTH
2026-03-09 13:54:14.044Z,1.4822,59,SYNTH
2026-03-09 13:54:15.433Z,1.4778,92,SYNTH
2026-03-09 13:54:16.049Z,1.4807,76,SYNTH
2026-03-09 13:54:17.266Z,1.4795,117,SYNTH
2026-03-09 13:54:18.451Z,1.4807,133,SYNTH
2026-03-09 13:54:19.492Z,1.4821,130,SYNTH
2026-03-09 13:54:20.616Z,1.4821,49,SYNTH
2026-03-09 13:54:21.676Z,1.4795,60,SYNTH
2026-03-09 13:54:22.412Z,1.4812,64,SYNTH
2026-03-09 13:54:23.196Z,1.4806,71,SYNTH
2026-03-09 13:54:24.515Z,1.4807,57,SYNTH
2026-03-09 13:54:25.071Z,1.4784,45,SYNTH
2026-03-09 13:54:26.138Z,1.4807,66,SYNTH
2026-03-09 13:54:27.152Z,1.4788,74,SYNTH
2026-03-09 13:54:28.727Z,1.4810,63,SYNTH
2026-03-09 13:54:29.481Z,1.4780,77,SYNTH
2026-03-09 13:54:30.665Z,1.4808,82,SYNTH
2026-03-09 13:54:31.183Z,1.4821,54,SYNTH
2026-03-09 13:54:32.744Z,1.4792,49,SYNTH
2026-03-09 13:54:33.336Z,1.4786,44,SYNTH
2026-03-09 13:54:34.083Z,1.4807,82,SYNTH
2026-03-09 13:54:35.052Z,1.4815,62,SYNTH
2026-03-09 13:54:36.070Z,1.4815,81,SYNTH
2026-03-09 13:54:37.525Z,1.4804,128,SYNTH
2026-03-09 13:54:38.029Z,1.4816,106,SYNTH
2026-03-09 13:54:39.678Z,1.4796,126,SYNTH
2026-03-09 13:54:40.607Z,1.4799,185,SYNTH
2026-03-09 13:54:41.314Z,1.4810,82,SYNTH
2026-03-09 13:54:42.409Z,1.4793,85,SYNTH
2026-03-09 13:54:43.260Z,1.4806,54,SYNTH
2026-03-09 13:54:44.804Z,1.4786,88,SYNTH
2026-03-09 13:54:45.529Z,1.4817,115,SYNTH
2026-03-09 13:54:46.260Z,1.4784,147,SYNTH
2026-03-09 13:54:47.528Z,1.4784,129,SYNTH
2026-03-09 13:54:48.049Z,1.4815,102,SYNTH
2026-03-09 13:54:49.371Z,1.4785,80,SYNTH
2026-03-09 13:54:50.645Z,1.4803,64,SYNTH
2026-03-09 13:54:51.511Z,1.4787,53,SYNTH
2026-03-09 13:54:52.513Z,1.4799,100,SYNTH
2026-03-09 13:54:53.171Z,1.4803,108,SYNTH
2026-03-09 13:54:54.440Z,1.4802,82,SYNTH
2026-03-09 13:54:55.346Z,1.4780,97,SYNTH
2026-03-09 13:54:56.544Z,1.4820,68,SYNTH
2026-03-09 13:54:57.629Z,1.4790,81,SYNTH
2026-03-09 13:54:58.512Z,1.4815,83,SYNTH
2026-03-09 13:54:59.668Z,1.4809,106,SYNTH
2026-03-09 13:55:00.170Z,1.4809,11,SYNTH
2026-03-09 13:55:01.855Z,1.4804,24,SYNTH
2026-03-09 13:55:02.631Z,1.4812,23,SYNTH
2026-03-09 13:55:03.890Z,1.4787,18,SYNTH
2026-03-09 13:55:04.304Z,1.4814,10,SYNTH
2026-03-09 13:55:05.456Z,1.4783,22,SYNTH
2026-03-09 13:55:06.293Z,1.4783,12,SYNTH
2026-03-09 13:55:07.895Z,1.4814,20,SYNTH
2026-03-09 13:55:08.844Z,1.4786,19,SYNTH
2026-03-09 13:55:09.352Z,1.4819,17,SYNTH
2026-03-09 13:55:10.150Z,1.4815,17,SYNTH
2026-03-09 13:55:11.077Z,1.4819,23,SYNTH
2026-03-09 13:55:12.521Z,1.4818,38,SYNTH
2026-03-09 13:55:13.307Z,1.4788,20,SYNTH
2026-03-09 13:55:14.452Z,1.4784,14,SYNTH
2026-03-09 13:55:15.792Z,1.4802,9,SYNTH
2026-03-09 13:55:16.617Z,1.4797,17,SYNTH
2026-03-09 13:55:17.784Z,1.4802,19,SYNTH
2026-03-09 13:55:18.074Z,1.4822,25,SYNTH
2026-03-09 13:55:19.265Z,1.4824,17,SYNTH
2026-03-09 13:55:20.205Z,1.4790,11,SYNTH
2026-03-09 13:55:21.703Z,1.4819,9,SYNTH
2026-03-09 13:55:22.356Z,1.4806,14,SYNTH
2026-03-09 13:55:23.236Z,1.4821,14,SYNTH
2026-03-09 13:55:24.653Z,1.4786,11,SYNTH
2026-03-09 13:55:25.027Z,1.4822,16,SYNTH
2026-03-09 13:55:26.093Z,1.4819,14,SYNTH
2026-03-09 13:55:27.530Z,1.4782,10,SYNTH
2026-03-09 13:55:28.481Z,1.4818,15,SYNTH
2026-03-09 13:55:29.714Z,1.4796,11,SYNTH
2026-03-09 13:55:30.427Z,1.4785,10,SYNTH
2026-03-09 13:55:31.391Z,1.4809,14,SYNTH
2026-03-09 13:55:32.644Z,1.4795,14,SYNTH
2026-03-09 13:55:33.806Z,1.4790,11,SYNTH
2026-03-09 13:55:34.754Z,1.4808,15,SYNTH
2026-03-09 13:55:35.000Z,1.4791,12,SYNTH
2026-03-09 13:55:36.879Z,1.4813,11,SYNTH
2026-03-09 13:55:37.429Z,1.4788,33,SYNTH
2026-03-09 13:55:38.607Z,1.4811,26,SYNTH
2026-03-09 13:55:39.490Z,1.4819,26,SYNTH
2026-03-09 13:55:40.398Z,1.4797,41,SYNTH
2026-03-09 13:55:41.008Z,1.4785,11,SYNTH
2026-03-09 13:55:42.173Z,1.4809,14,SYNTH
2026-03-09 13:55:43.098Z,1.4806,18,SYNTH
2026-03-09 13:55:44.177Z,1.4798,12,SYNTH
2026-03-09 13:55:45.176Z,1.4793,15,SYNTH
2026-03-09 13:55:46.190Z,1.4801,23,SYNTH
2026-03-09 13:55:47.634Z,1.4810,23,SYNTH
2026-03-09 13:55:48.829Z,1.4807,12,SYNTH
2026-03-09 13:55:49.219Z,1.4784,8,SYNTH
2026-03-09 13:55:50.261Z,1.4812,21,SYNTH
2026-03-09 13:55:51.131Z,1.4792,19,SYNTH
2026-03-09 13:55:52.627Z,1.4803,14,SYNTH
2026-03-09 13:55:53.554Z,1.4820,11,SYNTH
2026-03-09 13:55:54.825Z,1.4786,22,SYNTH
2026-03-09 13:55:55.864Z,1.4813,21,SYNTH
2026-03-09 13:55:56.796Z,1.4788,12,SYNTH
2026-03-09 13:55:57.038Z,1.4824,11,SYNTH
2026-03-09 13:55:58.731Z,1.4796,13,SYNTH
2026-03-09 13:55:59.703Z,1.4814,11,SYNTH
2026-03-09 13:57:00.758Z,1.4850,29,SYNTH
2026-03-09 13:57:01.525Z,1.4850,60,SYNTH
2026-03-09 13:57:02.795Z,1.4830,43,SYNTH
2026-03-09 13:57:03.273Z,1.4870,64,SYNTH
2026-03-09 13:57:04.655Z,1.4838,48,SYNTH
2026-03-09 13:57:05.401Z,1.4854,40,SYNTH
2026-03-09 13:57:06.501Z,1.4866,30,SYNTH
2026-03-09 13:57:07.713Z,1.4857,41,SYNTH
2026-03-09 13:57:08.493Z,1.4834,45,SYNTH
2026-03-09 13:57:09.067Z,1.4863,29,SYNTH
2026-03-09 13:57:10.676Z,1.4849,29,SYNTH
2026-03-09 13:57:11.327Z,1.4861,114,SYNTH
2026-03-09 13:57:12.362Z,1.4860,53,SYNTH
2026-03-09 13:57:13.083Z,1.4857,67,SYNTH
2026-03-09 13:57:14.058Z,1.4860,39,SYNTH
2026-03-09 13:57:15.411Z,1.4841,49,SYNTH
2026-03-09 13:57:16.888Z,1.4841,47,SYNTH
2026-03-09 13:57:17.470Z,1.4864,76,SYNTH
2026-03-09 13:57:18.138Z,1.4845,52,SYNTH
2026-03-09 13:57:19.852Z,1.4831,81,SYNTH
2026-03-09 13:57:20.264Z,1.4860,46,SYNTH
2026-03-09 13:57:21.586Z,1.4863,26,SYNTH
2026-03-09 13:57:22.750Z,1.4865,37,SYNTH
2026-03-09 13:57:23.025Z,1.4848,21,SYNTH
2026-03-09 13:57:24.336Z,1.4828,23,SYNTH
2026-03-09 13:57:25.354Z,1.4856,41,SYNTH
2026-03-09 13:57:26.773Z,1.4852,33,SYNTH
2026-03-09 13:57:27.028Z,1.4868,19,SYNTH
2026-03-09 13:57:28.819Z,1.4841,19,SYNTH
2026-03-09 13:57:29.307Z,1.4866,24,SYNTH
2026-03-09 13:57:30.711Z,1.4843,22,SYNTH
2026-03-09 13:57:31.407Z,1.4855,34,SYNTH
2026-03-09 13:57:32.544Z,1.4843,43,SYNTH
2026-03-09 13:57:33.365Z,1.4839,20,SYNTH
2026-03-09 13:57:34.600Z,1.4847,19,SYNTH
2026-03-09 13:57:35.682Z,1.4867,35,SYNTH
2026-03-09 13:57:36.621Z,1.4842,21,SYNTH
2026-03-09 13:57:37.260Z,1.4866,86,SYNTH
2026-03-09 13:57:38.709Z,1.4860,80,SYNTH
2026-03-09 13:57:39.578Z,1.4832,95,SYNTH
2026-03-09 13:57:40.125Z,1.4854,109,SYNTH
2026-03-09 13:57:41.536Z,1.4851,38,SYNTH
2026-03-09 13:57:42.888Z,1.4860,28,SYNTH
2026-03-09 13:57:43.231Z,1.4835,38,SYNTH
2026-03-09 13:57:44.703Z,1.4862,45,SYNTH
2026-03-09 13:57:45.024Z,1.4854,46,SYNTH
2026-03-09 13:57:46.135Z,1.4860,39,SYNTH
2026-03-09 13:57:47.495Z,1.4873,36,SYNTH
2026-03-09 13:57:48.549Z,1.4868,41,SYNTH
2026-03-09 13:57:49.006Z,1.4828,27,SYNTH
2026-03-09 13:57:50.197Z,1.4857,45,SYNTH
2026-03-09 13:57:51.210Z,1.4851,48,SYNTH
2026-03-09 13:57:52.887Z,1.4867,40,SYNTH
2026-03-09 13:57:53.642Z,1.4846,52,SYNTH
2026-03-09 13:57:54.401Z,1.4843,57,SYNTH
2026-03-09 13:57:55.507Z,1.4868,53,SYNTH
2026-03-09 13:57:56.430Z,1.4833,29,SYNTH
2026-03-09 13:57:57.271Z,1.4860,39,SYNTH
2026-03-09 13:57:58.345Z,1.4852,58,SYNTH
2026-03-09 13:57:59.726Z,1.4831,58,SYNTH
2026-03-09 13:58:00.131Z,1.4827,5,SYNTH
2026-03-09 13:58:01.132Z,1.4837,5,SYNTH
2026-03-09 13:58:02.126Z,1.4800,4,SYNTH
2026-03-09 13:58:03.253Z,1.4818,4,SYNTH
2026-03-09 13:58:04.258Z,1.4802,6,SYNTH
2026-03-09 13:58:05.855Z,1.4805,6,SYNTH
2026-03-09 13:58:06.120Z,1.4821,6,SYNTH
2026-03-09 13:58:07.255Z,1.4833,3,SYNTH
2026-03-09 13:58:08.835Z,1.4813,5,SYNTH
2026-03-09 13:58:09.081Z,1.4829,6,SYNTH
2026-03-09 13:58:10.533Z,1.4810,5,SYNTH
2026-03-09 13:58:11.097Z,1.4828,9,SYNTH
2026-03-09 13:58:12.812Z,1.4833,10,SYNTH
2026-03-09 13:58:13.635Z,1.4813,9,SYNTH
2026-03-09 13:58:14.363Z,1.4819,5,SYNTH
2026-03-09 13:58:15.437Z,1.4800,5,SYNTH
2026-03-09 13:58:16.541Z,1.4821,7,SYNTH
2026-03-09 13:58:17.667Z,1.4801,8,SYNTH
2026-03-09 13:58:18.711Z,1.4809,6,SYNTH
2026-03-09 13:58:19.505Z,1.4819,7,SYNTH
2026-03-09 13:58:20.508Z,1.4821,4,SYNTH
2026-03-09 13:58:21.276Z,1.4802,5,SYNTH
2026-03-09 13:58:22.474Z,1.4796,4,SYNTH
2026-03-09 13:58:23.040Z,1.4819,5,SYNTH
2026-03-09 13:58:24.425Z,1.4821,4,SYNTH
2026-03-09 13:58:25.320Z,1.4809,4,SYNTH
2026-03-09 13:58:26.515Z,1.4812,4,SYNTH
2026-03-09 13:58:27.525Z,1.4834,4,SYNTH
2026-03-09 13:58:28.876Z,1.4810,4,SYNTH
2026-03-09 13:58:29.771Z,1.4834,3,SYNTH
2026-03-09 13:58:30.571Z,1.4813,3,SYNTH
2026-03-09 13:58:31.780Z,1.4813,4,SYNTH
2026-03-09 13:58:32.670Z,1.4830,4,SYNTH
2026-03-09 13:58:33.877Z,1.4825,4,SYNTH
2026-03-09 13:58:34.823Z,1.4819,3,SYNTH
2026-03-09 13:58:35.102Z,1.4822,4,SYNTH
2026-03-09 13:58:36.544Z,1.4815,4,SYNTH
2026-03-09 13:58:37.272Z,1.4834,10,SYNTH
2026-03-09 13:58:38.860Z,1.4794,11,SYNTH
2026-03-09 13:58:39.682Z,1.4830,9,SYNTH
2026-03-09 13:58:40.249Z,1.4812,8,SYNTH
2026-03-09 13:58:41.086Z,1.4833,3,SYNTH
2026-03-09 13:58:42.693Z,1.4797,5,SYNTH
2026-03-09 13:58:43.327Z,1.4824,3,SYNTH
2026-03-09 13:58:44.131Z,1.4803,5,SYNTH
2026-03-09 13:58:45.069Z,1.4821,7,SYNTH
2026-03-09 13:58:46.137Z,1.4813,6,SYNTH
2026-03-09 13:58:47.818Z,1.4834,6,SYNTH
2026-03-09 13:58:48.573Z,1.4796,3,SYNTH
2026-03-09 13:58:49.061Z,1.4830,3,SYNTH
2026-03-09 13:58:50.068Z,1.4804,5,SYNTH
2026-03-09 13:58:51.864Z,1.4807,4,SYNTH
2026-03-09 13:58:52.031Z,1.4830,4,SYNTH
2026-03-09 13:58:53.599Z,1.4805,3,SYNTH
2026-03-09 13:58:54.377Z,1.4835,6,SYNTH
2026-03-09 13:58:55.506Z,1.4803,5,SYNTH
2026-03-09 13:58:56.716Z,1.4799,6,SYNTH
2026-03-09 13:58:57.827Z,1.4819,4,SYNTH
2026-03-09 13:58:58.761Z,1.4814,5,SYNTH
2026-03-09 13:58:59.340Z,1.4805,3,SYNTH
2026-03-09 14:00:00.218Z,1.4856,2,SYNTH
2026-03-09 14:00:01.491Z,1.4852,2,SYNTH
2026-03-09 14:00:02.409Z,1.4830,1,SYNTH
2026-03-09 14:00:03.027Z,1.4859,2,SYNTH
2026-03-09 14:00:04.583Z,1.4831,2,SYNTH
2026-03-09 14:00:05.314Z,1.4861,2,SYNTH
2026-03-09 14:00:06.602Z,1.4857,1,SYNTH
2026-03-09 14:00:07.367Z,1.4832,2,SYNTH
2026-03-09 14:00:08.163Z,1.4863,2,SYNTH
2026-03-09 14:00:09.041Z,1.4832,2,SYNTH
2026-03-09 14:00:10.181Z,1.4865,2,SYNTH
2026-03-09 14:00:11.367Z,1.4850,3,SYNTH
2026-03-09 14:00:12.689Z,1.4834,5,SYNTH
2026-03-09 14:00:13.179Z,1.4866,4,SYNTH
2026-03-09 14:00:14.511Z,1.4859,1,SYNTH
2026-03-09 14:00:15.698Z,1.4829,2,SYNTH
2026-03-09 14:00:16.469Z,1.4854,2,SYNTH
2026-03-09 14:00:17.328Z,1.4868,3,SYNTH
2026-03-09 14:00:18.831Z,1.4864,3,SYNTH
2026-03-09 14:00:19.158Z,1.4838,2,SYNTH
2026-03-09 14:00:20.229Z,1.4841,1,SYNTH
2026-03-09 14:00:21.140Z,1.4867,2,SYNTH
2026-03-09 14:00:22.785Z,1.4838,2,SYNTH
2026-03-09 14:00:23.140Z,1.4828,1,SYNTH
2026-03-09 14:00:24.484Z,1.4868,1,SYNTH
2026-03-09 14:00:25.149Z,1.4857,1,SYNTH
2026-03-09 14:00:26.481Z,1.4850,1,SYNTH
2026-03-09 14:00:27.145Z,1.4832,1,SYNTH
2026-03-09 14:00:28.859Z,1.4872,1,SYNTH
2026-03-09 14:00:29.851Z,1.4836,1,SYNTH
2026-03-09 14:00:30.031Z,1.4867,1,SYNTH
2026-03-09 14:00:31.269Z,1.4837,1,SYNTH
2026-03-09 14:00:32.305Z,1.4855,1,SYNTH
2026-03-09 14:00:33.602Z,1.4832,1,SYNTH
2026-03-09 14:00:34.654Z,1.4856,1,SYNTH
2026-03-09 14:00:35.350Z,1.4849,1,SYNTH
2026-03-09 14:00:36.760Z,1.4831,1,SYNTH
2026-03-09 14:00:37.122Z,1.4864,3,SYNTH
2026-03-09 14:00:38.712Z,1.4847,2,SYNTH
2026-03-09 14:00:39.034Z,1.4833,3,SYNTH
2026-03-09 14:00:40.017Z,1.4863,2,SYNTH
2026-03-09 14:00:41.281Z,1.4836,2,SYNTH
2026-03-09 14:00:42.005Z,1.4840,1,SYNTH
2026-03-09 14:00:43.389Z,1.4854,1,SYNTH
2026-03-09 14:00:44.103Z,1.4838,2,SYNTH
2026-03-09 14:00:45.310Z,1.4850,2,SYNTH
2026-03-09 14:00:46.183Z,1.4869,2,SYNTH
2026-03-09 14:00:47.832Z,1.4842,3,SYNTH
2026-03-09 14:00:48.427Z,1.4862,2,SYNTH
2026-03-09 14:00:49.661Z,1.4858,2,SYNTH
2026-03-09 14:00:50.563Z,1.4834,1,SYNTH
2026-03-09 14:00:51.654Z,1.4856,1,SYNTH
2026-03-09 14:00:52.316Z,1.4854,1,SYNTH
2026-03-09 14:00:53.315Z,1.4843,1,SYNTH
2026-03-09 14:00:54.852Z,1.4864,1,SYNTH
2026-03-09 14:00:55.586Z,1.4865,2,SYNTH
2026-03-09 14:00:56.776Z,1.4835,2,SYNTH
2026-03-09 14:00:57.727Z,1.4850,2,SYNTH
2026-03-09 14:00:58.435Z,1.4860,1,SYNTH
2026-03-09 14:00:59.869Z,1.4834,1,SYNTH
2026-03-09 14:01:00.241Z,1.4899,12,SYNTH
2026-03-09 14:01:01.326Z,1.4886,11,SYNTH
2026-03-09 14:01:02.290Z,1.4915,5,SYNTH
2026-03-09 14:01:03.434Z,1.4908,9,SYNTH
2026-03-09 14:01:04.136Z,1.4887,11,SYNTH
2026-03-09 14:01:05.511Z,1.4917,9,SYNTH
2026-03-09 14:01:06.081Z,1.4919,7,SYNTH
2026-03-09 14:01:07.105Z,1.4899,10,SYNTH
2026-03-09 14:01:08.795Z,1.4907,6,SYNTH
2026-03-09 14:01:09.545Z,1.4886,5,SYNTH
2026-03-09 14:01:10.715Z,1.4882,9,SYNTH
2026-03-09 14:01:11.328Z,1.4909,16,SYNTH
2026-03-09 14:01:12.339Z,1.4887,18,SYNTH
2026-03-09 14:01:13.059Z,1.4892,11,SYNTH
2026-03-09 14:01:14.184Z,1.4884,6,SYNTH
2026-03-09 14:01:15.786Z,1.4920,5,SYNTH
2026-03-09 14:01:16.243Z,1.4903,11,SYNTH
2026-03-09 14:01:17.568Z,1.4890,9,SYNTH
2026-03-09 14:01:18.345Z,1.4910,14,SYNTH
2026-03-09 14:01:19.244Z,1.4902,8,SYNTH
2026-03-09 14:01:20.471Z,1.4877,5,SYNTH
2026-03-09 14:01:21.679Z,1.4904,6,SYNTH
2026-03-09 14:01:22.198Z,1.4870,8,SYNTH
2026-03-09 14:01:23.190Z,1.4902,4,SYNTH
2026-03-09 14:01:24.611Z,1.4862,7,SYNTH
2026-03-09 14:01:25.509Z,1.4848,5,SYNTH
2026-03-09 14:01:26.794Z,1.4853,5,SYNTH
2026-03-09 14:01:27.685Z,1.4844,3,SYNTH
2026-03-09 14:01:28.170Z,1.4837,5,SYNTH
2026-03-09 14:01:29.247Z,1.4827,3,SYNTH
2026-03-09 14:01:30.164Z,1.4827,4,SYNTH
2026-03-09 14:01:31.585Z,1.4818,5,SYNTH
2026-03-09 14:01:32.575Z,1.4811,6,SYNTH
2026-03-09 14:01:33.743Z,1.4804,6,SYNTH
2026-03-09 14:01:34.072Z,1.4800,4,SYNTH
2026-03-09 14:01:35.215Z,1.4785,3,SYNTH
2026-03-09 14:01:36.885Z,1.4798,3,SYNTH
2026-03-09 14:01:37.642Z,1.4816,15,SYNTH
2026-03-09 14:01:38.761Z,1.4814,20,SYNTH
2026-03-09 14:01:39.667Z,1.4790,11,SYNTH
2026-03-09 14:01:40.204Z,1.4811,14,SYNTH
2026-03-09 14:01:41.626Z,1.4786,7,SYNTH
2026-03-09 14:01:42.651Z,1.4815,8,SYNTH
2026-03-09 14:01:43.604Z,1.4827,6,SYNTH
2026-03-09 14:01:44.188Z,1.4824,5,SYNTH
2026-03-09 14:01:45.702Z,1.4830,11,SYNTH
2026-03-09 14:01:46.396Z,1.4830,8,SYNTH
2026-03-09 14:01:47.086Z,1.4791,10,SYNTH
2026-03-09 14:01:48.027Z,1.4811,6,SYNTH
2026-03-09 14:01:49.698Z,1.4806,7,SYNTH
2026-03-09 14:01:50.406Z,1.4791,7,SYNTH
2026-03-09 14:01:51.417Z,1.4795,8,SYNTH
2026-03-09 14:01:52.204Z,1.4825,7,SYNTH
2026-03-09 14:01:53.495Z,1.4791,7,SYNTH
2026-03-09 14:01:54.425Z,1.4823,9,SYNTH
2026-03-09 14:01:55.610Z,1.4795,7,SYNTH
2026-03-09 14:01:56.418Z,1.4812,11,SYNTH
2026-03-09 14:01:57.334Z,1.4788,10,SYNTH
2026-03-09 14:01:58.074Z,1.4821,11,SYNTH
2026-03-09 14:01:59.042Z,1.4789,8,SYNTH
2026-03-09 14:02:00.820Z,1.4856,11,SYNTH
2026-03-09 14:02:01.823Z,1.4856,18,SYNTH
2026-03-09 14:02:02.378Z,1.4841,14,SYNTH
2026-03-09 14:02:03.370Z,1.4865,19,SYNTH
2026-03-09 14:02:04.366Z,1.4870,19,SYNTH
2026-03-09 14:02:05.050Z,1.4839,12,SYNTH
2026-03-09 14:02:06.492Z,1.4854,14,SYNTH
2026-03-09 14:02:07.720Z,1.4855,10,SYNTH
2026-03-09 14:02:08.232Z,1.4857,8,SYNTH
2026-03-09 14:02:09.609Z,1.4837,15,SYNTH
2026-03-09 14:02:10.785Z,1.4830,11,SYNTH
2026-03-09 14:02:11.586Z,1.4832,28,SYNTH
2026-03-09 14:02:12.577Z,1.4860,18,SYNTH
2026-03-09 14:02:13.265Z,1.4863,27,SYNTH
2026-03-09 14:02:14.108Z,1.4857,9,SYNTH
2026-03-09 14:02:15.632Z,1.4857,9,SYNTH
2026-03-09 14:02:16.168Z,1.4866,23,SYNTH
2026-03-09 14:02:17.367Z,1.4841,27,SYNTH
2026-03-09 14:02:18.435Z,1.4863,25,SYNTH
2026-03-09 14:02:19.774Z,1.4846,23,SYNTH
2026-03-09 14:02:20.300Z,1.4854,7,SYNTH
2026-03-09 14:02:21.135Z,1.4835,10,SYNTH
2026-03-09 14:02:22.376Z,1.4850,8,SYNTH
2026-03-09 14:02:23.753Z,1.4854,11,SYNTH
2026-03-09 14:02:24.348Z,1.4856,6,SYNTH
2026-03-09 14:02:25.059Z,1.4836,10,SYNTH
2026-03-09 14:02:26.451Z,1.4864,10,SYNTH
2026-03-09 14:02:27.698Z,1.4862,7,SYNTH
2026-03-09 14:02:28.115Z,1.4831,12,SYNTH
2026-03-09 14:02:29.440Z,1.4867,11,SYNTH
2026-03-09 14:02:30.269Z,1.4842,9,SYNTH
2026-03-09 14:02:31.394Z,1.4829,9,SYNTH
2026-03-09 14:02:32.867Z,1.4866,8,SYNTH
2026-03-09 14:02:33.458Z,1.4858,11,SYNTH
2026-03-09 14:02:34.885Z,1.4829,7,SYNTH
2026-03-09 14:02:35.308Z,1.4867,6,SYNTH
2026-03-09 14:02:36.272Z,1.4834,13,SYNTH
2026-03-09 14:02:37.159Z,1.4838,28,SYNTH
2026-03-09 14:02:38.716Z,1.4860,25,SYNTH
2026-03-09 14:02:39.387Z,1.4842,18,SYNTH
2026-03-09 14:02:40.586Z,1.4867,20,SYNTH
2026-03-09 14:02:41.329Z,1.4833,12,SYNTH
2026-03-09 14:02:42.017Z,1.4867,12,SYNTH
2026-03-09 14:02:43.817Z,1.4842,14,SYNTH
2026-03-09 14:02:44.771Z,1.4860,7,SYNTH
2026-03-09 14:02:45.122Z,1.4867,16,SYNTH
2026-03-09 14:02:46.331Z,1.4856,12,SYNTH
2026-03-09 14:02:47.739Z,1.4848,13,SYNTH
2026-03-09 14:02:48.245Z,1.4838,7,SYNTH
2026-03-09 14:02:49.483Z,1.4862,14,SYNTH
2026-03-09 14:02:50.085Z,1.4869,15,SYNTH
2026-03-09 14:02:51.042Z,1.4840,11,SYNTH
2026-03-09 14:02:52.084Z,1.4868,10,SYNTH
2026-03-09 14:02:53.523Z,1.4848,13,SYNTH
2026-03-09 14:02:54.393Z,1.4861,16,SYNTH
2026-03-09 14:02:55.777Z,1.4849,17,SYNTH
2026-03-09 14:02:56.456Z,1.4841,15,SYNTH
2026-03-09 14:02:57.355Z,1.4828,18,SYNTH
2026-03-09 14:02:58.154Z,1.4862,20,SYNTH
2026-03-09 14:02:59.393Z,1.4866,14,SYNTH
2026-03-09 14:03:00.856Z,1.4803,7,SYNTH
2026-03-09 14:03:01.199Z,1.4812,10,SYNTH
2026-03-09 14:03:02.300Z,1.4790,7,SYNTH
2026-03-09 14:03:03.757Z,1.4808,10,SYNTH
2026-03-09 14:03:04.567Z,1.4814,9,SYNTH
2026-03-09 14:03:05.117Z,1.4783,9,SYNTH
2026-03-09 14:03:06.465Z,1.4813,7,SYNTH
2026-03-09 14:03:07.733Z,1.4809,4,SYNTH
2026-03-09 14:03:08.543Z,1.4807,8,SYNTH
2026-03-09 14:03:09.714Z,1.4781,5,SYNTH
2026-03-09 14:03:10.234Z,1.4802,8,SYNTH
2026-03-09 14:03:11.817Z,1.4781,10,SYNTH
2026-03-09 14:03:12.204Z,1.4777,13,SYNTH
2026-03-09 14:03:13.647Z,1.4814,10,SYNTH
2026-03-09 14:03:14.351Z,1.4817,4,SYNTH
2026-03-09 14:03:15.572Z,1.4796,4,SYNTH
2026-03-09 14:03:16.487Z,1.4801,13,SYNTH
2026-03-09 14:03:17.356Z,1.4811,11,SYNTH
2026-03-09 14:03:18.367Z,1.4803,7,SYNTH
2026-03-09 14:03:19.804Z,1.4813,9,SYNTH
2026-03-09 14:03:20.451Z,1.4798,4,SYNTH
2026-03-09 14:03:21.480Z,1.4785,4,SYNTH
2026-03-09 14:03:22.735Z,1.4812,6,SYNTH
2026-03-09 14:03:23.074Z,1.4791,3,SYNTH
2026-03-09 14:03:24.746Z,1.4811,3,SYNTH
2026-03-09 14:03:25.364Z,1.4803,4,SYNTH
2026-03-09 14:03:26.476Z,1.4791,6,SYNTH
2026-03-09 14:03:27.757Z,1.4813,5,SYNTH
2026-03-09 14:03:28.664Z,1.4795,3,SYNTH
2026-03-09 14:03:29.126Z,1.4823,3,SYNTH
2026-03-09 14:03:30.230Z,1.4791,3,SYNTH
2026-03-09 14:03:31.204Z,1.4811,5,SYNTH
2026-03-09 14:03:32.808Z,1.4820,3,SYNTH
2026-03-09 14:03:33.073Z,1.4816,6,SYNTH
2026-03-09 14:03:34.483Z,1.4798,4,SYNTH
2026-03-09 14:03:35.311Z,1.4808,6,SYNTH
2026-03-09 14:03:36.481Z,1.4794,7,SYNTH
2026-03-09 14:03:37.698Z,1.4803,9,SYNTH
2026-03-09 14:03:38.415Z,1.4789,10,SYNTH
2026-03-09 14:03:39.004Z,1.4814,12,SYNTH
2026-03-09 14:03:40.491Z,1.4810,17,SYNTH
2026-03-09 14:03:41.218Z,1.4785,5,SYNTH
2026-03-09 14:03:42.488Z,1.4795,6,SYNTH
2026-03-09 14:03:43.342Z,1.4779,7,SYNTH
2026-03-09 14:03:44.127Z,1.4802,6,SYNTH
2026-03-09 14:03:45.825Z,1.4817,9,SYNTH
2026-03-09 14:03:46.023Z,1.4815,9,SYNTH
2026-03-09 14:03:47.835Z,1.4790,11,SYNTH
2026-03-09 14:03:48.571Z,1.4790,3,SYNTH
2026-03-09 14:03:49.194Z,1.4803,6,SYNTH
2026-03-09 14:03:50.142Z,1.4813,6,SYNTH
2026-03-09 14:03:51.700Z,1.4814,4,SYNTH
2026-03-09 14:03:52.705Z,1.4782,7,SYNTH
2026-03-09 14:03:53.035Z,1.4817,8,SYNTH
2026-03-09 14:03:54.394Z,1.4811,4,SYNTH
2026-03-09 14:03:55.840Z,1.4799,10,SYNTH
2026-03-09 14:03:56.267Z,1.4816,5,SYNTH
2026-03-09 14:03:57.551Z,1.4820,6,SYNTH
2026-03-09 14:03:58.361Z,1.4793,10,SYNTH
2026-03-09 14:03:59.679Z,1.4812,9,SYNTH
2026-03-09 14:05:00.017Z,1.4866,5,SYNTH
2026-03-09 14:05:01.161Z,1.4863,6,SYNTH
2026-03-09 14:05:02.352Z,1.4867,8,SYNTH
2026-03-09 14:05:03.521Z,1.4869,9,SYNTH
2026-03-09 14:05:04.231Z,1.4843,8,SYNTH
2026-03-09 14:05:05.473Z,1.4855,7,SYNTH
2026-03-09 14:05:06.443Z,1.4864,10,SYNTH
2026-03-09 14:05:07.465Z,1.4834,9,SYNTH
2026-03-09 14:05:08.454Z,1.4864,9,SYNTH
2026-03-09 14:05:09.254Z,1.4831,9,SYNTH
2026-03-09 14:05:10.355Z,1.4863,7,SYNTH
2026-03-09 14:05:11.530Z,1.4833,16,SYNTH
2026-03-09 14:05:12.198Z,1.4850,14,SYNTH
2026-03-09 14:05:13.325Z,1.4831,15,SYNTH
2026-03-09 14:05:14.507Z,1.4854,4,SYNTH
2026-03-09 14:05:15.273Z,1.4855,8,SYNTH
2026-03-09 14:05:16.820Z,1.4867,8,SYNTH
2026-03-09 14:05:17.664Z,1.4851,10,SYNTH
2026-03-09 14:05:18.529Z,1.4845,11,SYNTH
2026-03-09 14:05:19.251Z,1.4856,13,SYNTH
2026-03-09 14:05:20.714Z,1.4838,7,SYNTH
2026-03-09 14:05:21.230Z,1.4855,6,SYNTH
2026-03-09 14:05:22.273Z,1.4857,3,SYNTH
2026-03-09 14:05:23.658Z,1.4860,4,SYNTH
2026-03-09 14:05:24.027Z,1.4839,6,SYNTH
2026-03-09 14:05:25.067Z,1.4854,6,SYNTH
2026-03-09 14:05:26.673Z,1.4841,5,SYNTH
2026-03-09 14:05:27.690Z,1.4864,5,SYNTH
2026-03-09 14:05:28.350Z,1.4840,6,SYNTH
2026-03-09 14:05:29.279Z,1.4851,7,SYNTH
2026-03-09 14:05:30.039Z,1.4854,4,SYNTH
2026-03-09 14:05:31.541Z,1.4836,5,SYNTH
2026-03-09 14:05:32.453Z,1.4860,3,SYNTH
2026-03-09 14:05:33.473Z,1.4861,7,SYNTH
2026-03-09 14:05:34.307Z,1.4848,6,SYNTH
2026-03-09 14:05:35.659Z,1.4855,6,SYNTH
2026-03-09 14:05:36.866Z,1.4851,5,SYNTH
2026-03-09 14:05:37.471Z,1.4853,11,SYNTH
2026-03-09 14:05:38.183Z,1.4832,13,SYNTH
2026-03-09 14:05:39.693Z,1.4855,15,SYNTH
2026-03-09 14:05:40.685Z,1.4869,10,SYNTH
2026-03-09 14:05:41.756Z,1.4835,4,SYNTH
2026-03-09 14:05:42.891Z,1.4857,7,SYNTH
2026-03-09 14:05:43.146Z,1.4848,7,SYNTH
2026-03-09 14:05:44.452Z,1.4854,5,SYNTH
2026-03-09 14:05:45.622Z,1.4851,12,SYNTH
2026-03-09 14:05:46.642Z,1.4858,9,SYNTH
2026-03-09 14:05:47.212Z,1.4855,6,SYNTH
2026-03-09 14:05:48.087Z,1.4851,7,SYNTH
2026-03-09 14:05:49.600Z,1.4872,9,SYNTH
2026-03-09 14:05:50.499Z,1.4843,5,SYNTH
2026-03-09 14:05:51.359Z,1.4856,7,SYNTH
2026-03-09 14:05:52.314Z,1.4844,7,SYNTH
2026-03-09 14:05:53.298Z,1.4858,10,SYNTH
2026-03-09 14:05:54.775Z,1.4851,8,SYNTH
2026-03-09 14:05:55.100Z,1.4843,6,SYNTH
2026-03-09 14:05:56.121Z,1.4840,5,SYNTH
2026-03-09 14:05:57.359Z,1.4850,8,SYNTH
2026-03-09 14:05:58.039Z,1.4869,11,SYNTH
2026-03-09 14:05:59.347Z,1.4844,11,SYNTH
2026-03-09 14:06:00.533Z,1.4853,4,SYNTH
2026-03-09 14:06:01.553Z,1.4833,4,SYNTH
2026-03-09 14:06:02.576Z,1.4831,3,SYNTH
2026-03-09 14:06:03.015Z,1.4855,4,SYNTH
2026-03-09 14:06:04.547Z,1.4834,5,SYNTH
2026-03-09 14:06:05.728Z,1.4868,5,SYNTH
2026-03-09 14:06:06.272Z,1.4835,3,SYNTH
2026-03-09 14:06:07.848Z,1.4848,5,SYNTH
2026-03-09 14:06:08.621Z,1.4867,3,SYNTH
2026-03-09 14:06:09.591Z,1.4830,5,SYNTH
2026-03-09 14:06:10.092Z,1.4856,4,SYNTH
2026-03-09 14:06:11.425Z,1.4858,13,SYNTH
2026-03-09 14:06:12.469Z,1.4844,7,SYNTH
2026-03-09 14:06:13.579Z,1.4856,10,SYNTH
2026-03-09 14:06:14.811Z,1.4858,2,SYNTH
2026-03-09 14:06:15.470Z,1.4862,4,SYNTH
2026-03-09 14:06:16.084Z,1.4863,7,SYNTH
2026-03-09 14:06:17.465Z,1.4841,5,SYNTH
2026-03-09 14:06:18.247Z,1.4834,8,SYNTH
2026-03-09 14:06:19.557Z,1.4852,7,SYNTH
2026-03-09 14:06:20.655Z,1.4858,4,SYNTH
2026-03-09 14:06:21.519Z,1.4844,2,SYNTH
2026-03-09 14:06:22.378Z,1.4853,4,SYNTH
2026-03-09 14:06:23.162Z,1.4856,2,SYNTH
2026-03-09 14:06:24.827Z,1.4868,4,SYNTH
2026-03-09 14:06:25.671Z,1.4863,4,SYNTH
2026-03-09 14:06:26.611Z,1.4867,2,SYNTH
2026-03-09 14:06:27.282Z,1.4851,3,SYNTH
2026-03-09 14:06:28.598Z,1.4833,2,SYNTH
2026-03-09 14:06:29.790Z,1.4852,3,SYNTH
2026-03-09 14:06:30.600Z,1.4854,3,SYNTH
2026-03-09 14:06:31.838Z,1.4861,2,SYNTH
2026-03-09 14:06:32.187Z,1.4833,4,SYNTH
2026-03-09 14:06:33.246Z,1.4847,2,SYNTH
2026-03-09 14:06:34.426Z,1.4865,4,SYNTH
2026-03-09 14:06:35.538Z,1.4854,4,SYNTH
2026-03-09 14:06:36.578Z,1.4854,4,SYNTH
2026-03-09 14:06:37.288Z,1.4849,6,SYNTH
2026-03-09 14:06:38.543Z,1.4843,5,SYNTH
2026-03-09 14:06:39.206Z,1.4868,9,SYNTH
2026-03-09 14:06:40.077Z,1.4842,8,SYNTH
2026-03-09 14:06:41.258Z,1.4861,4,SYNTH
2026-03-09 14:06:42.086Z,1.4867,2,SYNTH
2026-03-09 14:06:43.149Z,1.4869,5,SYNTH
2026-03-09 14:06:44.413Z,1.4835,3,SYNTH
2026-03-09 14:06:45.823Z,1.4861,6,SYNTH
2026-03-09 14:06:46.134Z,1.4852,4,SYNTH
2026-03-09 14:06:47.750Z,1.4843,7,SYNTH
2026-03-09 14:06:48.850Z,1.4868,5,SYNTH
2026-03-09 14:06:49.821Z,1.4840,3,SYNTH
2026-03-09 14:06:50.835Z,1.4860,3,SYNTH
2026-03-09 14:06:51.564Z,1.4845,5,SYNTH
2026-03-09 14:06:52.841Z,1.4861,6,SYNTH
2026-03-09 14:06:53.695Z,1.4854,2,SYNTH
2026-03-09 14:06:54.417Z,1.4844,3,SYNTH
2026-03-09 14:06:55.373Z,1.4834,3,SYNTH
2026-03-09 14:06:56.198Z,1.4858,5,SYNTH
2026-03-09 14:06:57.184Z,1.4861,3,SYNTH
2026-03-09 14:06:58.713Z,1.4849,5,SYNTH
2026-03-09 14:06:59.501Z,1.4831,6,SYNTH
2026-03-09 14:07:00.032Z,1.4918,15,SYNTH
2026-03-09 14:07:01.106Z,1.4877,17,SYNTH
2026-03-09 14:07:02.612Z,1.4899,14,SYNTH
2026-03-09 14:07:03.617Z,1.4913,7,SYNTH
2026-03-09 14:07:04.354Z,1.4890,14,SYNTH
2026-03-09 14:07:05.571Z,1.4908,14,SYNTH
2026-03-09 14:07:06.167Z,1.4890,12,SYNTH
2026-03-09 14:07:07.380Z,1.4879,11,SYNTH
2026-03-09 14:07:08.149Z,1.4904,12,SYNTH
2026-03-09 14:07:09.512Z,1.4898,13,SYNTH
2026-03-09 14:07:10.415Z,1.4896,14,SYNTH
2026-03-09 14:07:11.798Z,1.4906,21,SYNTH
2026-03-09 14:07:12.770Z,1.4896,18,SYNTH
2026-03-09 14:07:13.898Z,1.4890,32,SYNTH
2026-03-09 14:07:14.753Z,1.4911,12,SYNTH
2026-03-09 14:07:15.718Z,1.4904,12,SYNTH
2026-03-09 14:07:16.070Z,1.4899,17,SYNTH
2026-03-09 14:07:17.530Z,1.4892,18,SYNTH
2026-03-09 14:07:18.643Z,1.4905,17,SYNTH
2026-03-09 14:07:19.792Z,1.4901,18,SYNTH
2026-03-09 14:07:20.441Z,1.4882,9,SYNTH
2026-03-09 14:07:21.009Z,1.4904,6,SYNTH
2026-03-09 14:07:22.404Z,1.4876,7,SYNTH
2026-03-09 14:07:23.172Z,1.4873,6,SYNTH
2026-03-09 14:07:24.702Z,1.4909,9,SYNTH
2026-03-09 14:07:25.195Z,1.4882,7,SYNTH
2026-03-09 14:07:26.323Z,1.4875,10,SYNTH
2026-03-09 14:07:27.615Z,1.4875,7,SYNTH
2026-03-09 14:07:28.619Z,1.4859,8,SYNTH
2026-03-09 14:07:29.532Z,1.4876,7,SYNTH
2026-03-09 14:07:30.119Z,1.4853,11,SYNTH
2026-03-09 14:07:31.691Z,1.4861,10,SYNTH
2026-03-09 14:07:32.475Z,1.4855,8,SYNTH
2026-03-09 14:07:33.202Z,1.4845,11,SYNTH
2026-03-09 14:07:34.708Z,1.4867,12,SYNTH
2026-03-09 14:07:35.125Z,1.4841,11,SYNTH
2026-03-09 14:07:36.078Z,1.4865,6,SYNTH
2026-03-09 14:07:37.797Z,1.4844,20,SYNTH
2026-03-09 14:07:38.812Z,1.4835,29,SYNTH
2026-03-09 14:07:39.353Z,1.4853,24,SYNTH
2026-03-09 14:07:40.893Z,1.4857,24,SYNTH
2026-03-09 14:07:41.507Z,1.4856,12,SYNTH
2026-03-09 14:07:42.223Z,1.4849,5,SYNTH
2026-03-09 14:07:43.331Z,1.4873,7,SYNTH
2026-03-09 14:07:44.585Z,1.4845,7,SYNTH
2026-03-09 14:07:45.022Z,1.4834,20,SYNTH
2026-03-09 14:07:46.400Z,1.4859,20,SYNTH
2026-03-09 14:07:47.677Z,1.4874,16,SYNTH
2026-03-09 14:07:48.306Z,1.4842,13,SYNTH
2026-03-09 14:07:49.338Z,1.4851,12,SYNTH
2026-03-09 14:07:50.712Z,1.4860,12,SYNTH
2026-03-09 14:07:51.082Z,1.4835,8,SYNTH
2026-03-09 14:07:52.643Z,1.4866,11,SYNTH
2026-03-09 14:07:53.379Z,1.4856,6,SYNTH
2026-03-09 14:07:54.403Z,1.4844,13,SYNTH
2026-03-09 14:07:55.070Z,1.4833,13,SYNTH
2026-03-09 14:07:56.508Z,1.4860,14,SYNTH
2026-03-09 14:07:57.112Z,1.4832,12,SYNTH
2026-03-09 14:07:58.702Z,1.4856,11,SYNTH
2026-03-09 14:07:59.561Z,1.4833,12,SYNTH
2026-03-09 14:08:00.767Z,1.4902,14,SYNTH
2026-03-09 14:08:01.269Z,1.4884,6,SYNTH
2026-03-09 14:08:02.020Z,1.4903,6,SYNTH
2026-03-09 14:08:03.793Z,1.4881,9,SYNTH
2026-03-09 14:08:04.838Z,1.4884,10,SYNTH
2026-03-09 14:08:05.193Z,1.4916,10,SYNTH
2026-03-09 14:08:06.581Z,1.4909,13,SYNTH
2026-03-09 14:08:07.614Z,1.4882,10,SYNTH
2026-03-09 14:08:08.003Z,1.4917,12,SYNTH
2026-03-09 14:08:09.314Z,1.4916,10,SYNTH
2026-03-09 14:08:10.680Z,1.4883,11,SYNTH
2026-03-09 14:08:11.073Z,1.4919,28,SYNTH
2026-03-09 14:08:12.063Z,1.4915,23,SYNTH
2026-03-09 14:08:13.552Z,1.4888,26,SYNTH
2026-03-09 14:08:14.800Z,1.4878,8,SYNTH
2026-03-09 14:08:15.466Z,1.4919,8,SYNTH
2026-03-09 14:08:16.842Z,1.4902,19,SYNTH
2026-03-09 14:08:17.763Z,1.4884,13,SYNTH
2026-03-09 14:08:18.701Z,1.4879,16,SYNTH
2026-03-09 14:08:19.014Z,1.4904,18,SYNTH
2026-03-09 14:08:20.069Z,1.4890,8,SYNTH
2026-03-09 14:08:21.114Z,1.4911,4,SYNTH
2026-03-09 14:08:22.087Z,1.4892,7,SYNTH
2026-03-09 14:08:23.483Z,1.4889,10,SYNTH
2026-03-09 14:08:24.711Z,1.4904,8,SYNTH
2026-03-09 14:08:25.652Z,1.4863,6,SYNTH
2026-03-09 14:08:26.865Z,1.4903,8,SYNTH
2026-03-09 14:08:27.503Z,1.4880,8,SYNTH
2026-03-09 14:08:28.089Z,1.4855,8,SYNTH
2026-03-09 14:08:29.125Z,1.4860,6,SYNTH
2026-03-09 14:08:30.103Z,1.4854,7,SYNTH
2026-03-09 14:08:31.596Z,1.4846,7,SYNTH
2026-03-09 14:08:32.728Z,1.4857,5,SYNTH
2026-03-09 14:08:33.405Z,1.4843,8,SYNTH
2026-03-09 14:08:34.284Z,1.4871,7,SYNTH
2026-03-09 14:08:35.148Z,1.4843,5,SYNTH
2026-03-09 14:08:36.175Z,1.4872,7,SYNTH
2026-03-09 14:08:37.701Z,1.4857,13,SYNTH
2026-03-09 14:08:38.107Z,1.4855,15,SYNTH
2026-03-09 14:08:39.571Z,1.4843,12,SYNTH
2026-03-09 14:08:40.365Z,1.4832,24,SYNTH
2026-03-09 14:08:41.132Z,1.4856,9,SYNTH
2026-03-09 14:08:42.469Z,1.4870,10,SYNTH
2026-03-09 14:08:43.543Z,1.4875,9,SYNTH
2026-03-09 14:08:44.636Z,1.4862,7,SYNTH
2026-03-09 14:08:45.184Z,1.4860,13,SYNTH
2026-03-09 14:08:46.377Z,1.4835,11,SYNTH
2026-03-09 14:08:47.246Z,1.4874,7,SYNTH
2026-03-09 14:08:48.231Z,1.4849,8,SYNTH
2026-03-09 14:08:49.322Z,1.4842,11,SYNTH
2026-03-09 14:08:50.589Z,1.4872,6,SYNTH
2026-03-09 14:08:51.069Z,1.4831,8,SYNTH
2026-03-09 14:08:52.523Z,1.4872,8,SYNTH
2026-03-09 14:08:53.105Z,1.4846,10,SYNTH
2026-03-09 14:08:54.171Z,1.4845,10,SYNTH
2026-03-09 14:08:55.287Z,1.4847,13,SYNTH
2026-03-09 14:08:56.067Z,1.4862,10,SYNTH
2026-03-09 14:08:57.685Z,1.4847,7,SYNTH
2026-03-09 14:08:58.278Z,1.4855,12,SYNTH
2026-03-09 14:08:59.646Z,1.4842,8,SYNTH
2026-03-09 14:09:00.297Z,1.4812,162,SYNTH
2026-03-09 14:09:01.239Z,1.4781,175,SYNTH
2026-03-09 14:09:02.682Z,1.4804,166,SYNTH
2026-03-09 14:09:03.143Z,1.4809,159,SYNTH
2026-03-09 14:09:04.029Z,1.4786,136,SYNTH
2026-03-09 14:09:05.278Z,1.4806,116,SYNTH
2026-03-09 14:09:06.723Z,1.4816,71,SYNTH
2026-03-09 14:09:07.094Z,1.4785,118,SYNTH
2026-03-09 14:09:08.709Z,1.4780,117,SYNTH
2026-03-09 14:09:09.378Z,1.4815,111,SYNTH
2026-03-09 14:09:10.401Z,1.4784,78,SYNTH
2026-03-09 14:09:11.077Z,1.4804,260,SYNTH
2026-03-09 14:09:12.159Z,1.4810,245,SYNTH
2026-03-09 14:09:13.156Z,1.4783,342,SYNTH
2026-03-09 14:09:14.744Z,1.4810,71,SYNTH
2026-03-09 14:09:15.762Z,1.4804,137,SYNTH
2026-03-09 14:09:16.765Z,1.4796,160,SYNTH
2026-03-09 14:09:17.398Z,1.4809,160,SYNTH
2026-03-09 14:09:18.085Z,1.4803,99,SYNTH
2026-03-09 14:09:19.220Z,1.4820,111,SYNTH
2026-03-09 14:09:20.599Z,1.4822,76,SYNTH
2026-03-09 14:09:21.224Z,1.4813,114,SYNTH
2026-03-09 14:09:22.095Z,1.4787,103,SYNTH
2026-03-09 14:09:23.817Z,1.4818,66,SYNTH
2026-03-09 14:09:24.407Z,1.4805,109,SYNTH
2026-03-09 14:09:25.359Z,1.4809,69,SYNTH
2026-03-09 14:09:26.181Z,1.4789,58,SYNTH
2026-03-09 14:09:27.542Z,1.4818,76,SYNTH
2026-03-09 14:09:28.570Z,1.4792,102,SYNTH
2026-03-09 14:09:29.224Z,1.4783,84,SYNTH
2026-03-09 14:09:30.302Z,1.4811,117,SYNTH
2026-03-09 14:09:31.073Z,1.4793,117,SYNTH
2026-03-09 14:09:32.658Z,1.4782,113,SYNTH
2026-03-09 14:09:33.152Z,1.4815,80,SYNTH
2026-03-09 14:09:34.141Z,1.4809,72,SYNTH
2026-03-09 14:09:35.047Z,1.4820,125,SYNTH
2026-03-09 14:09:36.006Z,1.4802,65,SYNTH
2026-03-09 14:09:37.336Z,1.4787,289,SYNTH
2026-03-09 14:09:38.863Z,1.4820,184,SYNTH
2026-03-09 14:09:39.357Z,1.4810,136,SYNTH
2026-03-09 14:09:40.384Z,1.4801,292,SYNTH
2026-03-09 14:09:41.748Z,1.4810,66,SYNTH
2026-03-09 14:09:42.526Z,1.4791,82,SYNTH
2026-03-09 14:09:43.318Z,1.4821,127,SYNTH
2026-03-09 14:09:44.884Z,1.4797,96,SYNTH
2026-03-09 14:09:45.202Z,1.4820,141,SYNTH
2026-03-09 14:09:46.402Z,1.4790,116,SYNTH
2026-03-09 14:09:47.583Z,1.4806,207,SYNTH
2026-03-09 14:09:48.516Z,1.4793,124,SYNTH
2026-03-09 14:09:49.703Z,1.4813,138,SYNTH
2026-03-09 14:09:50.157Z,1.4810,160,SYNTH
2026-03-09 14:09:51.367Z,1.4795,124,SYNTH
2026-03-09 14:09:52.556Z,1.4820,149,SYNTH
2026-03-09 14:09:53.374Z,1.4820,147,SYNTH
2026-03-09 14:09:54.861Z,1.4808,167,SYNTH
2026-03-09 14:09:55.836Z,1.4781,170,SYNTH
2026-03-09 14:09:56.816Z,1.4818,93,SYNTH
2026-03-09 14:09:57.192Z,1.4783,144,SYNTH
2026-03-09 14:09:58.653Z,1.4814,78,SYNTH
2026-03-09 14:09:59.485Z,1.4786,121,SYNTH
2026-03-09 14:10:00.712Z,1.4858,88,SYNTH
2026-03-09 14:10:01.398Z,1.4872,88,SYNTH
2026-03-09 14:10:02.035Z,1.4834,41,SYNTH
2026-03-09 14:10:03.703Z,1.4831,86,SYNTH
2026-03-09 14:10:04.380Z,1.4869,80,SYNTH
2026-03-09 14:10:05.802Z,1.4853,41,SYNTH
2026-03-09 14:10:06.388Z,1.4838,79,SYNTH
2026-03-09 14:10:07.433Z,1.4845,57,SYNTH
2026-03-09 14:10:08.500Z,1.4833,57,SYNTH
2026-03-09 14:10:09.278Z,1.4855,70,SYNTH
2026-03-09 14:10:10.363Z,1.4858,74,SYNTH
2026-03-09 14:10:11.750Z,1.4842,170,SYNTH
2026-03-09 14:10:12.448Z,1.4862,163,SYNTH
2026-03-09 14:10:13.843Z,1.4844,84,SYNTH
2026-03-09 14:10:14.795Z,1.4838,29,SYNTH
2026-03-09 14:10:15.643Z,1.4863,31,SYNTH
2026-03-09 14:10:16.284Z,1.4861,122,SYNTH
2026-03-09 14:10:17.301Z,1.4862,59,SYNTH
2026-03-09 14:10:18.618Z,1.4859,76,SYNTH
2026-03-09 14:10:19.359Z,1.4858,110,SYNTH
2026-03-09 14:10:20.780Z,1.4830,34,SYNTH
2026-03-09 14:10:21.420Z,1.4854,25,SYNTH
2026-03-09 14:10:22.895Z,1.4819,34,SYNTH
2026-03-09 14:10:23.774Z,1.4819,30,SYNTH
2026-03-09 14:10:24.820Z,1.4828,55,SYNTH
2026-03-09 14:10:25.786Z,1.4803,33,SYNTH
2026-03-09 14:10:26.333Z,1.4807,37,SYNTH
2026-03-09 14:10:27.165Z,1.4792,48,SYNTH
2026-03-09 14:10:28.412Z,1.4790,59,SYNTH
2026-03-09 14:10:29.079Z,1.4781,41,SYNTH
2026-03-09 14:10:30.468Z,1.4777,41,SYNTH
2026-03-09 14:10:31.181Z,1.4770,42,SYNTH
2026-03-09 14:10:32.862Z,1.4757,52,SYNTH
2026-03-09 14:10:33.009Z,1.4765,50,SYNTH
2026-03-09 14:10:34.582Z,1.4780,56,SYNTH
2026-03-09 14:10:35.830Z,1.4753,27,SYNTH
2026-03-09 14:10:36.318Z,1.4747,27,SYNTH
2026-03-09 14:10:37.732Z,1.4743,142,SYNTH
2026-03-09 14:10:38.123Z,1.4756,78,SYNTH
2026-03-09 14:10:39.865Z,1.4742,79,SYNTH
2026-03-09 14:10:40.850Z,1.4771,136,SYNTH
2026-03-09 14:10:41.848Z,1.4740,44,SYNTH
2026-03-09 14:10:42.890Z,1.4759,49,SYNTH
2026-03-09 14:10:43.434Z,1.4740,56,SYNTH
2026-03-09 14:10:44.191Z,1.4775,39,SYNTH
2026-03-09 14:10:45.453Z,1.4777,83,SYNTH
2026-03-09 14:10:46.230Z,1.4784,96,SYNTH
2026-03-09 14:10:47.220Z,1.4754,70,SYNTH
2026-03-09 14:10:48.686Z,1.4773,39,SYNTH
2026-03-09 14:10:49.257Z,1.4752,44,SYNTH
2026-03-09 14:10:50.161Z,1.4765,53,SYNTH
2026-03-09 14:10:51.634Z,1.4765,59,SYNTH
2026-03-09 14:10:52.618Z,1.4742,60,SYNTH
2026-03-09 14:10:53.110Z,1.4749,75,SYNTH
2026-03-09 14:10:54.414Z,1.4763,83,SYNTH
2026-03-09 14:10:55.056Z,1.4743,79,SYNTH
2026-03-09 14:10:56.545Z,1.4765,70,SYNTH
2026-03-09 14:10:57.597Z,1.4759,89,SYNTH
2026-03-09 14:10:58.784Z,1.4733,44,SYNTH
2026-03-09 14:10:59.315Z,1.4740,74,SYNTH
2026-03-09 14:11:00.668Z,1.4768,44,SYNTH
2026-03-09 14:11:01.030Z,1.4764,46,SYNTH
2026-03-09 14:11:02.454Z,1.4733,22,SYNTH
2026-03-09 14:11:03.695Z,1.4758,31,SYNTH
2026-03-09 14:11:04.584Z,1.4761,26,SYNTH
2026-03-09 14:11:05.603Z,1.4737,27,SYNTH
2026-03-09 14:11:06.652Z,1.4762,34,SYNTH
2026-03-09 14:11:07.211Z,1.4729,20,SYNTH
2026-03-09 14:11:08.142Z,1.4756,39,SYNTH
2026-03-09 14:11:09.336Z,1.4762,36,SYNTH
2026-03-09 14:11:10.773Z,1.4735,21,SYNTH
2026-03-09 14:11:11.854Z,1.4753,61,SYNTH
2026-03-09 14:11:12.620Z,1.4767,92,SYNTH
2026-03-09 14:11:13.811Z,1.4731,72,SYNTH
2026-03-09 14:11:14.745Z,1.4757,30,SYNTH
2026-03-09 14:11:15.593Z,1.4752,20,SYNTH
2026-03-09 14:11:16.555Z,1.4742,32,SYNTH
2026-03-09 14:11:17.600Z,1.4759,62,SYNTH
2026-03-09 14:11:18.729Z,1.4735,47,SYNTH
2026-03-09 14:11:19.143Z,1.4758,50,SYNTH
2026-03-09 14:11:20.176Z,1.4767,17,SYNTH
2026-03-09 14:11:21.490Z,1.4768,18,SYNTH
2026-03-09 14:11:22.269Z,1.4765,22,SYNTH
2026-03-09 14:11:23.661Z,1.4755,33,SYNTH
2026-03-09 14:11:24.473Z,1.4734,27,SYNTH
2026-03-09 14:11:25.392Z,1.4752,17,SYNTH
2026-03-09 14:11:26.201Z,1.4768,24,SYNTH
2026-03-09 14:11:27.796Z,1.4729,22,SYNTH
2026-03-09 14:11:28.733Z,1.4751,26,SYNTH
2026-03-09 14:11:29.790Z,1.4760,25,SYNTH
2026-03-09 14:11:30.191Z,1.4768,30,SYNTH
2026-03-09 14:11:31.290Z,1.4758,16,SYNTH
2026-03-09 14:11:32.650Z,1.4742,19,SYNTH
2026-03-09 14:11:33.573Z,1.4746,19,SYNTH
2026-03-09 14:11:34.132Z,1.4758,33,SYNTH
2026-03-09 14:11:35.500Z,1.4760,16,SYNTH
2026-03-09 14:11:36.028Z,1.4748,28,SYNTH
2026-03-09 14:11:37.783Z,1.4737,53,SYNTH
2026-03-09 14:11:38.088Z,1.4758,78,SYNTH
2026-03-09 14:11:39.242Z,1.4741,42,SYNTH
2026-03-09 14:11:40.874Z,1.4762,56,SYNTH
2026-03-09 14:11:41.315Z,1.4738,22,SYNTH
2026-03-09 14:11:42.659Z,1.4757,27,SYNTH
2026-03-09 14:11:43.543Z,1.4740,16,SYNTH
2026-03-09 14:11:44.354Z,1.4762,17,SYNTH
2026-03-09 14:11:45.294Z,1.4753,30,SYNTH
2026-03-09 14:11:46.473Z,1.4736,43,SYNTH
2026-03-09 14:11:47.396Z,1.4760,52,SYNTH
2026-03-09 14:11:48.735Z,1.4768,34,SYNTH
2026-03-09 14:11:49.556Z,1.4742,37,SYNTH
2026-03-09 14:11:50.676Z,1.4752,21,SYNTH
2026-03-09 14:11:51.633Z,1.4732,21,SYNTH
2026-03-09 14:11:52.735Z,1.4765,39,SYNTH
2026-03-09 14:11:53.470Z,1.4765,25,SYNTH
2026-03-09 14:11:54.217Z,1.4742,27,SYNTH
2026-03-09 14:11:55.044Z,1.4748,34,SYNTH
2026-03-09 14:11:56.721Z,1.4732,32,SYNTH
2026-03-09 14:11:57.532Z,1.4762,23,SYNTH
2026-03-09 14:11:58.317Z,1.4768,44,SYNTH
2026-03-09 14:11:59.494Z,1.4735,23,SYNTH
2026-03-09 14:12:00.474Z,1.4737,34,SYNTH
2026-03-09 14:12:01.430Z,1.4719,39,SYNTH
2026-03-09 14:12:02.348Z,1.4723,47,SYNTH
2026-03-09 14:12:03.456Z,1.4734,45,SYNTH
2026-03-09 14:12:04.894Z,1.4711,34,SYNTH
2026-03-09 14:12:05.482Z,1.4734,33,SYNTH
2026-03-09 14:12:06.660Z,1.4710,27,SYNTH
2026-03-09 14:12:07.333Z,1.4712,45,SYNTH
2026-03-09 14:12:08.085Z,1.4739,33,SYNTH
2026-03-09 14:12:09.063Z,1.4712,44,SYNTH
2026-03-09 14:12:10.089Z,1.4723,26,SYNTH
2026-03-09 14:12:11.436Z,1.4729,74,SYNTH
2026-03-09 14:12:12.104Z,1.4704,105,SYNTH
2026-03-09 14:12:13.761Z,1.4714,104,SYNTH
2026-03-09 14:12:14.304Z,1.4732,35,SYNTH
2026-03-09 14:12:15.791Z,1.4710,34,SYNTH
2026-03-09 14:12:16.344Z,1.4732,66,SYNTH
2026-03-09 14:12:17.310Z,1.4718,63,SYNTH
2026-03-09 14:12:18.076Z,1.4733,72,SYNTH
2026-03-09 14:12:19.584Z,1.4741,63,SYNTH
2026-03-09 14:12:20.586Z,1.4727,33,SYNTH
2026-03-09 14:12:21.212Z,1.4729,20,SYNTH
2026-03-09 14:12:22.031Z,1.4747,29,SYNTH
2026-03-09 14:12:23.219Z,1.4749,40,SYNTH
2026-03-09 14:12:24.168Z,1.4751,35,SYNTH
2026-03-09 14:12:25.463Z,1.4760,22,SYNTH
2026-03-09 14:12:26.255Z,1.4768,35,SYNTH
2026-03-09 14:12:27.108Z,1.4756,40,SYNTH
2026-03-09 14:12:28.290Z,1.4778,35,SYNTH
2026-03-09 14:12:29.482Z,1.4771,24,SYNTH
2026-03-09 14:12:30.420Z,1.4786,38,SYNTH
2026-03-09 14:12:31.184Z,1.4790,33,SYNTH
2026-03-09 14:12:32.104Z,1.4802,21,SYNTH
2026-03-09 14:12:33.507Z,1.4803,32,SYNTH
2026-03-09 14:12:34.405Z,1.4804,31,SYNTH
2026-03-09 14:12:35.321Z,1.4802,31,SYNTH
2026-03-09 14:12:36.217Z,1.4780,21,SYNTH
2026-03-09 14:12:37.152Z,1.4813,45,SYNTH
2026-03-09 14:12:38.453Z,1.4801,69,SYNTH
2026-03-09 14:12:39.764Z,1.4811,42,SYNTH
2026-03-09 14:12:40.724Z,1.4794,77,SYNTH
2026-03-09 14:12:41.859Z,1.4809,20,SYNTH
2026-03-09 14:12:42.872Z,1.4787,22,SYNTH
2026-03-09 14:12:43.836Z,1.4792,44,SYNTH
2026-03-09 14:12:44.823Z,1.4779,24,SYNTH
2026-03-09 14:12:45.280Z,1.4809,36,SYNTH
2026-03-09 14:12:46.826Z,1.4804,38,SYNTH
2026-03-09 14:12:47.618Z,1.4781,61,SYNTH
2026-03-09 14:12:48.658Z,1.4810,23,SYNTH
2026-03-09 14:12:49.454Z,1.4776,26,SYNTH
2026-03-09 14:12:50.035Z,1.4804,42,SYNTH
2026-03-09 14:12:51.769Z,1.4784,33,SYNTH
2026-03-09 14:12:52.215Z,1.4806,33,SYNTH
2026-03-09 14:12:53.017Z,1.4814,40,SYNTH
2026-03-09 14:12:54.713Z,1.4801,25,SYNTH
2026-03-09 14:12:55.130Z,1.4794,26,SYNTH
2026-03-09 14:12:56.322Z,1.4789,55,SYNTH
2026-03-09 14:12:57.715Z,1.4808,48,SYNTH
2026-03-09 14:12:58.718Z,1.4802,56,SYNTH
2026-03-09 14:12:59.789Z,1.4815,29,SYNTH
2026-03-09 14:13:00.023Z,1.4760,40,SYNTH
2026-03-09 14:13:01.566Z,1.4764,24,SYNTH
2026-03-09 14:13:02.773Z,1.4744,46,SYNTH
2026-03-09 14:13:03.660Z,1.4760,22,SYNTH
2026-03-09 14:13:04.839Z,1.4759,45,SYNTH
2026-03-09 14:13:05.435Z,1.4745,39,SYNTH
2026-03-09 14:13:06.725Z,1.4747,22,SYNTH
2026-03-09 14:13:07.511Z,1.4762,36,SYNTH
2026-03-09 14:13:08.335Z,1.4733,37,SYNTH
2026-03-09 14:13:09.197Z,1.4759,35,SYNTH
2026-03-09 14:13:10.544Z,1.4741,18,SYNTH
2026-03-09 14:13:11.892Z,1.4773,53,SYNTH
2026-03-09 14:13:12.229Z,1.4744,89,SYNTH
2026-03-09 14:13:13.325Z,1.4755,49,SYNTH
2026-03-09 14:13:14.674Z,1.4754,23,SYNTH
2026-03-09 14:13:15.706Z,1.4731,19,SYNTH
2026-03-09 14:13:16.666Z,1.4729,44,SYNTH
2026-03-09 14:13:17.705Z,1.4772,27,SYNTH
2026-03-09 14:13:18.047Z,1.4760,53,SYNTH
2026-03-09 14:13:19.859Z,1.4747,42,SYNTH
2026-03-09 14:13:20.574Z,1.4762,20,SYNTH
2026-03-09 14:13:21.659Z,1.4770,21,SYNTH
2026-03-09 14:13:22.392Z,1.4763,17,SYNTH
2026-03-09 14:13:23.176Z,1.4736,14,SYNTH
2026-03-09 14:13:24.854Z,1.4760,25,SYNTH
2026-03-09 14:13:25.291Z,1.4763,22,SYNTH
2026-03-09 14:13:26.552Z,1.4775,27,SYNTH
2026-03-09 14:13:27.483Z,1.4750,13,SYNTH
2026-03-09 14:13:28.856Z,1.4778,16,SYNTH
2026-03-09 14:13:29.346Z,1.4772,28,SYNTH
2026-03-09 14:13:30.680Z,1.4795,18,SYNTH
2026-03-09 14:13:31.635Z,1.4782,21,SYNTH
2026-03-09 14:13:32.885Z,1.4783,20,SYNTH
2026-03-09 14:13:33.732Z,1.4794,22,SYNTH
2026-03-09 14:13:34.595Z,1.4785,31,SYNTH
2026-03-09 14:13:35.449Z,1.4776,28,SYNTH
2026-03-09 14:13:36.640Z,1.4790,20,SYNTH
2026-03-09 14:13:37.284Z,1.4803,42,SYNTH
2026-03-09 14:13:38.809Z,1.4796,83,SYNTH
2026-03-09 14:13:39.494Z,1.4782,84,SYNTH
2026-03-09 14:13:40.510Z,1.4799,71,SYNTH
2026-03-09 14:13:41.690Z,1.4772,26,SYNTH
2026-03-09 14:13:42.365Z,1.4773,30,SYNTH
2026-03-09 14:13:43.717Z,1.4803,19,SYNTH
2026-03-09 14:13:44.604Z,1.4780,21,SYNTH
2026-03-09 14:13:45.752Z,1.4794,29,SYNTH
2026-03-09 14:13:46.250Z,1.4764,41,SYNTH
2026-03-09 14:13:47.068Z,1.4792,48,SYNTH
2026-03-09 14:13:48.324Z,1.4792,25,SYNTH
2026-03-09 14:13:49.544Z,1.4773,19,SYNTH
2026-03-09 14:13:50.060Z,1.4783,29,SYNTH
2026-03-09 14:13:51.546Z,1.4796,37,SYNTH
2026-03-09 14:13:52.106Z,1.4790,19,SYNTH
2026-03-09 14:13:53.732Z,1.4795,43,SYNTH
2026-03-09 14:13:54.067Z,1.4772,19,SYNTH
2026-03-09 14:13:55.829Z,1.4793,25,SYNTH
2026-03-09 14:13:56.404Z,1.4777,46,SYNTH
2026-03-09 14:13:57.676Z,1.4800,44,SYNTH
2026-03-09 14:13:58.488Z,1.4775,34,SYNTH
2026-03-09 14:13:59.412Z,1.4797,35,SYNTH
2026-03-09 14:15:00.336Z,1.4769,15,SYNTH
2026-03-09 14:15:01.303Z,1.4735,18,SYNTH
2026-03-09 14:15:02.888Z,1.4762,12,SYNTH
2026-03-09 14:15:03.536Z,1.4768,8,SYNTH
2026-03-09 14:15:04.352Z,1.4762,12,SYNTH
2026-03-09 14:15:05.417Z,1.4730,15,SYNTH
2026-03-09 14:15:06.723Z,1.4761,9,SYNTH
2026-03-09 14:15:07.157Z,1.4732,10,SYNTH
2026-03-09 14:15:08.200Z,1.4752,13,SYNTH
2026-03-09 14:15:09.249Z,1.4763,13,SYNTH
2026-03-09 14:15:10.061Z,1.4733,16,SYNTH
2026-03-09 14:15:11.295Z,1.4762,23,SYNTH
2026-03-09 14:15:12.728Z,1.4739,29,SYNTH
2026-03-09 14:15:13.785Z,1.4760,39,SYNTH
2026-03-09 14:15:14.235Z,1.4762,14,SYNTH
2026-03-09 14:15:15.114Z,1.4735,7,SYNTH
2026-03-09 14:15:16.160Z,1.4756,16,SYNTH
2026-03-09 14:15:17.039Z,1.4733,14,SYNTH
2026-03-09 14:15:18.389Z,1.4738,26,SYNTH
2026-03-09 14:15:19.710Z,1.4729,23,SYNTH
2026-03-09 14:15:20.811Z,1.4753,9,SYNTH
2026-03-09 14:15:21.164Z,1.4753,12,SYNTH
2026-03-09 14:15:22.360Z,1.4759,7,SYNTH
2026-03-09 14:15:23.186Z,1.4740,8,SYNTH
2026-03-09 14:15:24.877Z,1.4728,6,SYNTH
2026-03-09 14:15:25.456Z,1.4765,11,SYNTH
2026-03-09 14:15:26.423Z,1.4758,8,SYNTH
2026-03-09 14:15:27.124Z,1.4744,6,SYNTH
2026-03-09 14:15:28.765Z,1.4768,12,SYNTH
2026-03-09 14:15:29.545Z,1.4735,7,SYNTH
2026-03-09 14:15:30.816Z,1.4754,10,SYNTH
2026-03-09 14:15:31.269Z,1.4764,10,SYNTH
2026-03-09 14:15:32.139Z,1.4765,7,SYNTH
2026-03-09 14:15:33.557Z,1.4757,9,SYNTH
2026-03-09 14:15:34.777Z,1.4740,12,SYNTH
2026-03-09 14:15:35.735Z,1.4734,9,SYNTH
2026-03-09 14:15:36.477Z,1.4768,6,SYNTH
2026-03-09 14:15:37.447Z,1.4753,34,SYNTH
2026-03-09 14:15:38.014Z,1.4768,21,SYNTH
2026-03-09 14:15:39.364Z,1.4731,32,SYNTH
2026-03-09 14:15:40.761Z,1.4736,19,SYNTH
2026-03-09 14:15:41.873Z,1.4757,12,SYNTH
2026-03-09 14:15:42.746Z,1.4730,7,SYNTH
2026-03-09 14:15:43.301Z,1.4756,8,SYNTH
2026-03-09 14:15:44.084Z,1.4733,12,SYNTH
2026-03-09 14:15:45.229Z,1.4734,13,SYNTH
2026-03-09 14:15:46.336Z,1.4738,14,SYNTH
2026-03-09 14:15:47.630Z,1.4770,13,SYNTH
2026-03-09 14:15:48.453Z,1.4757,14,SYNTH
2026-03-09 14:15:49.593Z,1.4738,7,SYNTH
2026-03-09 14:15:50.187Z,1.4751,13,SYNTH
2026-03-09 14:15:51.732Z,1.4754,9,SYNTH
2026-03-09 14:15:52.339Z,1.4728,8,SYNTH
2026-03-09 14:15:53.568Z,1.4760,15,SYNTH
2026-03-09 14:15:54.372Z,1.4741,8,SYNTH
2026-03-09 14:15:55.739Z,1.4763,16,SYNTH
2026-03-09 14:15:56.534Z,1.4730,15,SYNTH
2026-03-09 14:15:57.774Z,1.4742,20,SYNTH
2026-03-09 14:15:58.522Z,1.4760,21,SYNTH
2026-03-09 14:15:59.453Z,1.4762,17,SYNTH
2026-03-09 14:16:00.488Z,1.4810,232,SYNTH
2026-03-09 14:16:01.206Z,1.4782,173,SYNTH
2026-03-09 14:16:02.393Z,1.4805,228,SYNTH
2026-03-09 14:16:03.047Z,1.4786,189,SYNTH
2026-03-09 14:16:04.036Z,1.4822,250,SYNTH
2026-03-09 14:16:05.751Z,1.4787,127,SYNTH
2026-03-09 14:16:06.378Z,1.4800,224,SYNTH
2026-03-09 14:16:07.670Z,1.4792,149,SYNTH
2026-03-09 14:16:08.349Z,1.4804,237,SYNTH
2026-03-09 14:16:09.856Z,1.4784,232,SYNTH
2026-03-09 14:16:10.327Z,1.4804,130,SYNTH
2026-03-09 14:16:11.748Z,1.4814,324,SYNTH
2026-03-09 14:16:12.553Z,1.4795,319,SYNTH
2026-03-09 14:16:13.865Z,1.4810,551,SYNTH
2026-03-09 14:16:14.412Z,1.4797,137,SYNTH
2026-03-09 14:16:15.493Z,1.4796,112,SYNTH
2026-03-09 14:16:16.687Z,1.4800,155,SYNTH
2026-03-09 14:16:17.318Z,1.4781,326,SYNTH
2026-03-09 14:16:18.060Z,1.4803,245,SYNTH
2026-03-09 14:16:19.407Z,1.4806,232,SYNTH
2026-03-09 14:16:20.399Z,1.4796,138,SYNTH
2026-03-09 14:16:21.192Z,1.4815,192,SYNTH
2026-03-09 14:16:22.099Z,1.4821,137,SYNTH
2026-03-09 14:16:23.460Z,1.4784,120,SYNTH
2026-03-09 14:16:24.281Z,1.4805,89,SYNTH
2026-03-09 14:16:25.686Z,1.4784,153,SYNTH
2026-03-09 14:16:26.308Z,1.4810,142,SYNTH
2026-03-09 14:16:27.180Z,1.4795,97,SYNTH
2026-03-09 14:16:28.679Z,1.4801,128,SYNTH
2026-03-09 14:16:29.130Z,1.4790,122,SYNTH
2026-03-09 14:16:30.196Z,1.4817,126,SYNTH
2026-03-09 14:16:31.714Z,1.4800,77,SYNTH
2026-03-09 14:16:32.527Z,1.4808,152,SYNTH
2026-03-09 14:16:33.834Z,1.4792,89,SYNTH
2026-03-09 14:16:34.028Z,1.4816,87,SYNTH
2026-03-09 14:16:35.633Z,1.4785,103,SYNTH
2026-03-09 14:16:36.110Z,1.4805,165,SYNTH
2026-03-09 14:16:37.687Z,1.4791,320,SYNTH
2026-03-09 14:16:38.228Z,1.4808,266,SYNTH
2026-03-09 14:16:39.886Z,1.4785,362,SYNTH
2026-03-09 14:16:40.500Z,1.4790,299,SYNTH
2026-03-09 14:16:41.054Z,1.4802,135,SYNTH
2026-03-09 14:16:42.479Z,1.4820,165,SYNTH
2026-03-09 14:16:43.712Z,1.4787,180,SYNTH
2026-03-09 14:16:44.811Z,1.4809,202,SYNTH
2026-03-09 14:16:45.415Z,1.4790,322,SYNTH
2026-03-09 14:16:46.374Z,1.4813,261,SYNTH
2026-03-09 14:16:47.746Z,1.4781,315,SYNTH
2026-03-09 14:16:48.810Z,1.4804,133,SYNTH
2026-03-09 14:16:49.571Z,1.4787,170,SYNTH
2026-03-09 14:16:50.254Z,1.4803,174,SYNTH
2026-03-09 14:16:51.228Z,1.4804,191,SYNTH
2026-03-09 14:16:52.556Z,1.4817,162,SYNTH
2026-03-09 14:16:53.437Z,1.4782,107,SYNTH
2026-03-09 14:16:54.571Z,1.4814,147,SYNTH
2026-03-09 14:16:55.462Z,1.4796,216,SYNTH
2026-03-09 14:16:56.143Z,1.4786,247,SYNTH
2026-03-09 14:16:57.252Z,1.4809,163,SYNTH
2026-03-09 14:16:58.894Z,1.4787,179,SYNTH
2026-03-09 14:16:59.742Z,1.4814,154,SYNTH
2026-03-09 14:18:00.571Z,1.4869,167,SYNTH
2026-03-09 14:18:01.014Z,1.4828,131,SYNTH
2026-03-09 14:18:02.538Z,1.4870,134,SYNTH
2026-03-09 14:18:03.755Z,1.4847,162,SYNTH
2026-03-09 14:18:04.078Z,1.4855,175,SYNTH
2026-03-09 14:18:05.803Z,1.4829,118,SYNTH
2026-03-09 14:18:06.731Z,1.4861,148,SYNTH
2026-03-09 14:18:07.342Z,1.4845,130,SYNTH
2026-03-09 14:18:08.784Z,1.4862,152,SYNTH
2026-03-09 14:18:09.686Z,1.4840,174,SYNTH
2026-03-09 14:18:10.702Z,1.4861,175,SYNTH
2026-03-09 14:18:11.502Z,1.4855,417,SYNTH
2026-03-09 14:18:12.125Z,1.4857,439,SYNTH
2026-03-09 14:18:13.279Z,1.4840,402,SYNTH
2026-03-09 14:18:14.149Z,1.4849,162,SYNTH
2026-03-09 14:18:15.019Z,1.4860,186,SYNTH
2026-03-09 14:18:16.875Z,1.4836,315,SYNTH
2026-03-09 14:18:17.400Z,1.4846,174,SYNTH
2026-03-09 14:18:18.300Z,1.4860,214,SYNTH
2026-03-09 14:18:19.134Z,1.4854,312,SYNTH
2026-03-09 14:18:20.390Z,1.4859,97,SYNTH
2026-03-09 14:18:21.617Z,1.4838,169,SYNTH
2026-03-09 14:18:22.704Z,1.4829,102,SYNTH
2026-03-09 14:18:23.636Z,1.4867,85,SYNTH
2026-03-09 14:18:24.530Z,1.4832,150,SYNTH
2026-03-09 14:18:25.693Z,1.4870,168,SYNTH
2026-03-09 14:18:26.257Z,1.4831,122,SYNTH
2026-03-09 14:18:27.162Z,1.4864,139,SYNTH
2026-03-09 14:18:28.662Z,1.4831,124,SYNTH
2026-03-09 14:18:29.813Z,1.4845,144,SYNTH
2026-03-09 14:18:30.333Z,1.4863,138,SYNTH
2026-03-09 14:18:31.702Z,1.4865,138,SYNTH
2026-03-09 14:18:32.576Z,1.4833,129,SYNTH
2026-03-09 14:18:33.221Z,1.4869,165,SYNTH
2026-03-09 14:18:34.687Z,1.4829,122,SYNTH
2026-03-09 14:18:35.534Z,1.4856,138,SYNTH
2026-03-09 14:18:36.648Z,1.4862,105,SYNTH
2026-03-09 14:18:37.021Z,1.4837,198,SYNTH
2026-03-09 14:18:38.212Z,1.4851,260,SYNTH
2026-03-09 14:18:39.836Z,1.4869,191,SYNTH
2026-03-09 14:18:40.258Z,1.4854,200,SYNTH
2026-03-09 14:18:41.543Z,1.4830,118,SYNTH
2026-03-09 14:18:42.899Z,1.4869,106,SYNTH
2026-03-09 14:18:43.522Z,1.4856,168,SYNTH
2026-03-09 14:18:44.177Z,1.4842,154,SYNTH
2026-03-09 14:18:45.180Z,1.4852,284,SYNTH
2026-03-09 14:18:46.887Z,1.4870,279,SYNTH
2026-03-09 14:18:47.258Z,1.4869,205,SYNTH
2026-03-09 14:18:48.751Z,1.4835,91,SYNTH
2026-03-09 14:18:49.281Z,1.4837,100,SYNTH
2026-03-09 14:18:50.335Z,1.4864,158,SYNTH
2026-03-09 14:18:51.413Z,1.4868,196,SYNTH
2026-03-09 14:18:52.055Z,1.4828,202,SYNTH
2026-03-09 14:18:53.101Z,1.4866,129,SYNTH
2026-03-09 14:18:54.407Z,1.4833,162,SYNTH
2026-03-09 14:18:55.454Z,1.4857,161,SYNTH
2026-03-09 14:18:56.882Z,1.4869,229,SYNTH
2026-03-09 14:18:57.205Z,1.4838,111,SYNTH
2026-03-09 14:18:58.321Z,1.4864,204,SYNTH
2026-03-09 14:18:59.011Z,1.4852,199,SYNTH
2026-03-09 14:19:00.096Z,1.4866,362,SYNTH
2026-03-09 14:19:01.331Z,1.4835,372,SYNTH
2026-03-09 14:19:02.637Z,1.4872,175,SYNTH
2026-03-09 14:19:03.016Z,1.4833,225,SYNTH
2026-03-09 14:19:04.762Z,1.4868,181,SYNTH
2026-03-09 14:19:05.538Z,1.4860,154,SYNTH
2026-03-09 14:19:06.249Z,1.4834,146,SYNTH
2026-03-09 14:19:07.314Z,1.4847,331,SYNTH
2026-03-09 14:19:08.868Z,1.4865,209,SYNTH
2026-03-09 14:19:09.488Z,1.4867,251,SYNTH
2026-03-09 14:19:10.454Z,1.4854,252,SYNTH
2026-03-09 14:19:11.787Z,1.4855,649,SYNTH
2026-03-09 14:19:12.571Z,1.4855,754,SYNTH
2026-03-09 14:19:13.394Z,1.4840,656,SYNTH
2026-03-09 14:19:14.715Z,1.4853,133,SYNTH
2026-03-09 14:19:15.436Z,1.4858,128,SYNTH
2026-03-09 14:19:16.149Z,1.4845,222,SYNTH
2026-03-09 14:19:17.115Z,1.4861,346,SYNTH
2026-03-09 14:19:18.529Z,1.4838,478,SYNTH
2026-03-09 14:19:19.393Z,1.4859,410,SYNTH
2026-03-09 14:19:20.776Z,1.4831,245,SYNTH
2026-03-09 14:19:21.117Z,1.4841,148,SYNTH
2026-03-09 14:19:22.475Z,1.4849,179,SYNTH
2026-03-09 14:19:23.848Z,1.4869,103,SYNTH
2026-03-09 14:19:24.565Z,1.4850,148,SYNTH
2026-03-09 14:19:25.296Z,1.4867,118,SYNTH
2026-03-09 14:19:26.714Z,1.4864,246,SYNTH
2026-03-09 14:19:27.829Z,1.4843,192,SYNTH
2026-03-09 14:19:28.773Z,1.4844,152,SYNTH
2026-03-09 14:19:29.853Z,1.4855,229,SYNTH
2026-03-09 14:19:30.361Z,1.4863,227,SYNTH
2026-03-09 14:19:31.025Z,1.4864,145,SYNTH
2026-03-09 14:19:32.784Z,1.4870,195,SYNTH
2026-03-09 14:19:33.575Z,1.4855,115,SYNTH
2026-03-09 14:19:34.087Z,1.4834,249,SYNTH
2026-03-09 14:19:35.570Z,1.4832,212,SYNTH
2026-03-09 14:19:36.466Z,1.4860,160,SYNTH
2026-03-09 14:19:37.350Z,1.4840,540,SYNTH
2026-03-09 14:19:38.406Z,1.4870,531,SYNTH
2026-03-09 14:19:39.226Z,1.4858,439,SYNTH
2026-03-09 14:19:40.877Z,1.4837,586,SYNTH
2026-03-09 14:19:41.340Z,1.4831,249,SYNTH
2026-03-09 14:19:42.425Z,1.4831,147,SYNTH
2026-03-09 14:19:43.519Z,1.4864,145,SYNTH
2026-03-09 14:19:44.615Z,1.4843,177,SYNTH
2026-03-09 14:19:45.320Z,1.4869,194,SYNTH
2026-03-09 14:19:46.149Z,1.4854,249,SYNTH
2026-03-09 14:19:47.529Z,1.4832,379,SYNTH
2026-03-09 14:19:48.843Z,1.4853,297,SYNTH
2026-03-09 14:19:49.056Z,1.4832,217,SYNTH
2026-03-09 14:19:50.095Z,1.4864,302,SYNTH
2026-03-09 14:19:51.170Z,1.4847,181,SYNTH
2026-03-09 14:19:52.815Z,1.4868,249,SYNTH
2026-03-09 14:19:53.411Z,1.4838,148,SYNTH
2026-03-09 14:19:54.593Z,1.4862,326,SYNTH
2026-03-09 14:19:55.813Z,1.4865,268,SYNTH
2026-03-09 14:19:56.809Z,1.4847,247,SYNTH
2026-03-09 14:19:57.319Z,1.4848,175,SYNTH
2026-03-09 14:19:58.415Z,1.4855,168,SYNTH
2026-03-09 14:19:59.738Z,1.4842,174,SYNTH
2026-03-09 14:20:00.396Z,1.4883,77,SYNTH
2026-03-09 14:20:01.572Z,1.4890,78,SYNTH
2026-03-09 14:20:02.515Z,1.4849,46,SYNTH
2026-03-09 14:20:03.289Z,1.4857,62,SYNTH
2026-03-09 14:20:04.382Z,1.4841,64,SYNTH
2026-03-09 14:20:05.752Z,1.4850,74,SYNTH
2026-03-09 14:20:06.841Z,1.4842,43,SYNTH
2026-03-09 14:20:07.080Z,1.4819,69,SYNTH
2026-03-09 14:20:08.826Z,1.4821,36,SYNTH
2026-03-09 14:20:09.148Z,1.4819,32,SYNTH
2026-03-09 14:20:10.876Z,1.4799,66,SYNTH
2026-03-09 14:20:11.115Z,1.4833,101,SYNTH
2026-03-09 14:20:12.193Z,1.4810,157,SYNTH
2026-03-09 14:20:13.069Z,1.4836,144,SYNTH
2026-03-09 14:20:14.221Z,1.4837,46,SYNTH
2026-03-09 14:20:15.175Z,1.4829,47,SYNTH
2026-03-09 14:20:16.697Z,1.4852,92,SYNTH
2026-03-09 14:20:17.777Z,1.4852,46,SYNTH
2026-03-09 14:20:18.456Z,1.4857,93,SYNTH
2026-03-09 14:20:19.843Z,1.4855,96,SYNTH
2026-03-09 14:20:20.127Z,1.4833,58,SYNTH
2026-03-09 14:20:21.862Z,1.4837,44,SYNTH
2026-03-09 14:20:22.219Z,1.4838,28,SYNTH
2026-03-09 14:20:23.248Z,1.4841,49,SYNTH
2026-03-09 14:20:24.087Z,1.4856,25,SYNTH
2026-03-09 14:20:25.723Z,1.4866,26,SYNTH
2026-03-09 14:20:26.163Z,1.4865,38,SYNTH
2026-03-09 14:20:27.344Z,1.4873,42,SYNTH
2026-03-09 14:20:28.436Z,1.4866,32,SYNTH
2026-03-09 14:20:29.389Z,1.4871,54,SYNTH
2026-03-09 14:20:30.669Z,1.4873,37,SYNTH
2026-03-09 14:20:31.010Z,1.4878,31,SYNTH
2026-03-09 14:20:32.124Z,1.4880,55,SYNTH
2026-03-09 14:20:33.852Z,1.4856,37,SYNTH
2026-03-09 14:20:34.363Z,1.4880,25,SYNTH
2026-03-09 14:20:35.716Z,1.4848,44,SYNTH
2026-03-09 14:20:36.727Z,1.4878,57,SYNTH
2026-03-09 14:20:37.043Z,1.4868,66,SYNTH
2026-03-09 14:20:38.808Z,1.4889,98,SYNTH
2026-03-09 14:20:39.592Z,1.4888,93,SYNTH
2026-03-09 14:20:40.207Z,1.4857,128,SYNTH
2026-03-09 14:20:41.665Z,1.4866,48,SYNTH
2026-03-09 14:20:42.884Z,1.4874,39,SYNTH
2026-03-09 14:20:43.482Z,1.4863,45,SYNTH
2026-03-09 14:20:44.276Z,1.4885,55,SYNTH
2026-03-09 14:20:45.007Z,1.4867,53,SYNTH
2026-03-09 14:20:46.236Z,1.4888,79,SYNTH
2026-03-09 14:20:47.685Z,1.4882,49,SYNTH
2026-03-09 14:20:48.099Z,1.4891,47,SYNTH
2026-03-09 14:20:49.453Z,1.4879,42,SYNTH
2026-03-09 14:20:50.225Z,1.4859,62,SYNTH
2026-03-09 14:20:51.327Z,1.4877,57,SYNTH
2026-03-09 14:20:52.704Z,1.4886,68,SYNTH
2026-03-09 14:20:53.203Z,1.4854,59,SYNTH
2026-03-09 14:20:54.048Z,1.4887,41,SYNTH
2026-03-09 14:20:55.308Z,1.4856,41,SYNTH
2026-03-09 14:20:56.069Z,1.4887,67,SYNTH
2026-03-09 14:20:57.218Z,1.4882,59,SYNTH
2026-03-09 14:20:58.677Z,1.4866,61,SYNTH
2026-03-09 14:20:59.476Z,1.4885,65,SYNTH
2026-03-09 14:21:00.656Z,1.4870,311,SYNTH
2026-03-09 14:21:01.025Z,1.4839,531,SYNTH
2026-03-09 14:21:02.895Z,1.4842,297,SYNTH
2026-03-09 14:21:03.398Z,1.4852,589,SYNTH
2026-03-09 14:21:04.277Z,1.4836,522,SYNTH
2026-03-09 14:21:05.788Z,1.4867,555,SYNTH
2026-03-09 14:21:06.157Z,1.4861,402,SYNTH
2026-03-09 14:21:07.211Z,1.4872,548,SYNTH
2026-03-09 14:21:08.070Z,1.4850,344,SYNTH
2026-03-09 14:21:09.584Z,1.4831,548,SYNTH
2026-03-09 14:21:10.609Z,1.4858,517,SYNTH
2026-03-09 14:21:11.498Z,1.4852,779,SYNTH
2026-03-09 14:21:12.397Z,1.4833,948,SYNTH
2026-03-09 14:21:13.080Z,1.4861,929,SYNTH
2026-03-09 14:21:14.242Z,1.4845,416,SYNTH
2026-03-09 14:21:15.178Z,1.4864,476,SYNTH
2026-03-09 14:21:16.596Z,1.4832,530,SYNTH
2026-03-09 14:21:17.130Z,1.4866,773,SYNTH
2026-03-09 14:21:18.238Z,1.4836,549,SYNTH
2026-03-09 14:21:19.251Z,1.4866,721,SYNTH
2026-03-09 14:21:20.462Z,1.4844,214,SYNTH
2026-03-09 14:21:21.577Z,1.4853,311,SYNTH
2026-03-09 14:21:22.234Z,1.4834,328,SYNTH
2026-03-09 14:21:23.822Z,1.4825,184,SYNTH
2026-03-09 14:21:24.103Z,1.4822,395,SYNTH
2026-03-09 14:21:25.024Z,1.4830,183,SYNTH
2026-03-09 14:21:26.388Z,1.4815,209,SYNTH
2026-03-09 14:21:27.152Z,1.4817,329,SYNTH
2026-03-09 14:21:28.592Z,1.4840,278,SYNTH
2026-03-09 14:21:29.822Z,1.4808,340,SYNTH
2026-03-09 14:21:30.499Z,1.4810,176,SYNTH
2026-03-09 14:21:31.843Z,1.4814,403,SYNTH
2026-03-09 14:21:32.078Z,1.4803,314,SYNTH
2026-03-09 14:21:33.569Z,1.4791,413,SYNTH
2026-03-09 14:21:34.543Z,1.4795,294,SYNTH
2026-03-09 14:21:35.734Z,1.4786,245,SYNTH
2026-03-09 14:21:36.892Z,1.4805,429,SYNTH
2026-03-09 14:21:37.856Z,1.4808,859,SYNTH
