TimestampUtc,Price,Size,Exchange
2026-03-12 19:07:33.798Z,1.1005,22,SYNTH
2026-03-12 19:07:34.018Z,1.0994,29,SYNTH
2026-03-12 19:07:35.592Z,1.1002,13,SYNTH
2026-03-12 19:07:36.846Z,1.1010,16,SYNTH
2026-03-12 19:07:37.872Z,1.0987,27,SYNTH
2026-03-12 19:07:38.319Z,1.0982,26,SYNTH
2026-03-12 19:07:39.080Z,1.1012,22,SYNTH
2026-03-12 19:07:40.724Z,1.1021,15,SYNTH
2026-03-12 19:07:41.105Z,1.0993,16,SYNTH
2026-03-12 19:07:42.614Z,1.1003,13,SYNTH
2026-03-12 19:07:43.044Z,1.0983,12,SYNTH
2026-03-12 19:07:44.782Z,1.0996,36,SYNTH
2026-03-12 19:07:45.743Z,1.1011,27,SYNTH
2026-03-12 19:07:46.133Z,1.1005,49,SYNTH
2026-03-12 19:07:47.398Z,1.1006,18,SYNTH
2026-03-12 19:07:48.027Z,1.1013,20,SYNTH
2026-03-12 19:07:49.130Z,1.1004,30,SYNTH
2026-03-12 19:07:50.015Z,1.0993,32,SYNTH
2026-03-12 19:07:51.103Z,1.1005,21,SYNTH
2026-03-12 19:07:52.045Z,1.1016,15,SYNTH
2026-03-12 19:07:53.854Z,1.1030,9,SYNTH
2026-03-12 19:07:54.254Z,1.1042,11,SYNTH
2026-03-12 19:07:55.564Z,1.1083,10,SYNTH
2026-03-12 19:07:56.712Z,1.1109,13,SYNTH
2026-03-12 19:07:57.816Z,1.1134,16,SYNTH
2026-03-12 19:07:58.221Z,1.1173,18,SYNTH
2026-03-12 19:07:59.801Z,1.1222,8,SYNTH
2026-03-12 19:08:00.054Z,1.1268,15,SYNTH
2026-03-12 19:08:01.414Z,1.1293,16,SYNTH
2026-03-12 19:08:02.437Z,1.1339,18,SYNTH
2026-03-12 19:08:03.016Z,1.1389,19,SYNTH
2026-03-12 19:08:04.152Z,1.1424,9,SYNTH
2026-03-12 19:08:05.753Z,1.1456,10,SYNTH
2026-03-12 19:08:06.107Z,1.1503,10,SYNTH
2026-03-12 19:08:07.616Z,1.1519,14,SYNTH
2026-03-12 19:08:08.461Z,1.1555,18,SYNTH
2026-03-12 19:08:09.610Z,1.1567,10,SYNTH
2026-03-12 19:08:10.417Z,1.1588,42,SYNTH
2026-03-12 19:08:11.871Z,1.1584,31,SYNTH
2026-03-12 19:08:12.109Z,1.1580,35,SYNTH
2026-03-12 19:08:13.189Z,1.1573,51,SYNTH
2026-03-12 19:08:14.221Z,1.1548,10,SYNTH
2026-03-12 19:08:15.402Z,1.1552,21,SYNTH
2026-03-12 19:08:16.194Z,1.1537,15,SYNTH
2026-03-12 19:08:17.405Z,1.1526,9,SYNTH
2026-03-12 19:08:18.862Z,1.1507,19,SYNTH
2026-03-12 19:08:19.631Z,1.1510,32,SYNTH
2026-03-12 19:08:20.522Z,1.1540,15,SYNTH
2026-03-12 19:08:21.246Z,1.1523,12,SYNTH
2026-03-12 19:08:22.738Z,1.1513,15,SYNTH
2026-03-12 19:08:23.410Z,1.1527,18,SYNTH
2026-03-12 19:08:24.213Z,1.1531,19,SYNTH
2026-03-12 19:08:25.098Z,1.1502,25,SYNTH
2026-03-12 19:08:26.110Z,1.1493,13,SYNTH
2026-03-12 19:08:27.570Z,1.1494,28,SYNTH
2026-03-12 19:08:28.530Z,1.1501,16,SYNTH
2026-03-12 19:08:29.108Z,1.1494,25,SYNTH
2026-03-12 19:08:30.514Z,1.1483,24,SYNTH
2026-03-12 19:08:31.365Z,1.1495,23,SYNTH
2026-03-12 19:08:32.194Z,1.1519,14,SYNTH
2026-03-12 19:07:33.447Z,1.1527,4,SYNTH
2026-03-12 19:07:34.810Z,1.1542,3,SYNTH
2026-03-12 19:07:35.254Z,1.1535,3,SYNTH
2026-03-12 19:07:36.116Z,1.1538,4,SYNTH
2026-03-12 19:07:37.779Z,1.1551,2,SYNTH
2026-03-12 19:07:38.181Z,1.1564,3,SYNTH
2026-03-12 19:07:39.744Z,1.1567,2,SYNTH
2026-03-12 19:07:40.667Z,1.1593,4,SYNTH
2026-03-12 19:07:41.641Z,1.1599,2,SYNTH
2026-03-12 19:07:42.893Z,1.1601,4,SYNTH
2026-03-12 19:07:43.835Z,1.1600,3,SYNTH
2026-03-12 19:07:44.791Z,1.1614,5,SYNTH
2026-03-12 19:07:45.763Z,1.1600,9,SYNTH
2026-03-12 19:07:46.680Z,1.1589,8,SYNTH
2026-03-12 19:07:47.737Z,1.1577,3,SYNTH
2026-03-12 19:07:48.264Z,1.1571,2,SYNTH
2026-03-12 19:07:49.163Z,1.1568,5,SYNTH
2026-03-12 19:07:50.176Z,1.1561,6,SYNTH
2026-03-12 19:07:51.616Z,1.1556,5,SYNTH
2026-03-12 19:07:52.797Z,1.1550,5,SYNTH
2026-03-12 19:07:53.099Z,1.1560,1,SYNTH
2026-03-12 19:07:54.249Z,1.1559,2,SYNTH
2026-03-12 19:07:55.676Z,1.1550,2,SYNTH
2026-03-12 19:07:56.379Z,1.1546,1,SYNTH
2026-03-12 19:07:57.261Z,1.1532,2,SYNTH
2026-03-12 19:07:58.806Z,1.1517,2,SYNTH
2026-03-12 19:07:59.855Z,1.1499,3,SYNTH
2026-03-12 19:08:00.395Z,1.1488,2,SYNTH
2026-03-12 19:08:01.153Z,1.1482,2,SYNTH
2026-03-12 19:08:02.186Z,1.1475,2,SYNTH
2026-03-12 19:08:03.375Z,1.1462,3,SYNTH
2026-03-12 19:08:04.049Z,1.1450,2,SYNTH
2026-03-12 19:08:05.795Z,1.1423,2,SYNTH
2026-03-12 19:08:06.708Z,1.1422,2,SYNTH
2026-03-12 19:08:07.718Z,1.1420,1,SYNTH
2026-03-12 19:08:08.566Z,1.1413,3,SYNTH
2026-03-12 19:08:09.004Z,1.1392,3,SYNTH
2026-03-12 19:08:10.776Z,1.1390,6,SYNTH
2026-03-12 19:08:11.821Z,1.1419,5,SYNTH
2026-03-12 19:08:12.771Z,1.1426,6,SYNTH
2026-03-12 19:08:13.344Z,1.1408,5,SYNTH
2026-03-12 19:08:14.412Z,1.1417,3,SYNTH
2026-03-12 19:08:15.694Z,1.1435,3,SYNTH
2026-03-12 19:08:16.381Z,1.1428,3,SYNTH
2026-03-12 19:08:17.241Z,1.1433,3,SYNTH
2026-03-12 19:08:18.421Z,1.1447,3,SYNTH
2026-03-12 19:08:19.565Z,1.1440,3,SYNTH
2026-03-12 19:08:20.809Z,1.1423,3,SYNTH
2026-03-12 19:08:21.702Z,1.1446,3,SYNTH
2026-03-12 19:08:22.440Z,1.1440,2,SYNTH
2026-03-12 19:08:23.095Z,1.1457,2,SYNTH
2026-03-12 19:08:24.151Z,1.1461,3,SYNTH
2026-03-12 19:08:25.059Z,1.1471,3,SYNTH
2026-03-12 19:08:26.595Z,1.1489,4,SYNTH
2026-03-12 19:08:27.702Z,1.1483,3,SYNTH
2026-03-12 19:08:28.725Z,1.1505,3,SYNTH
2026-03-12 19:08:29.427Z,1.1506,2,SYNTH
2026-03-12 19:08:30.752Z,1.1498,3,SYNTH
2026-03-12 19:08:31.140Z,1.1509,3,SYNTH
2026-03-12 19:08:32.248Z,1.1514,2,SYNTH
2026-03-12 19:07:33.084Z,1.1543,2,SYNTH
2026-03-12 19:07:34.060Z,1.1505,2,SYNTH
2026-03-12 19:07:35.670Z,1.1489,2,SYNTH
2026-03-12 19:07:36.428Z,1.1470,1,SYNTH
2026-03-12 19:07:37.539Z,1.1452,1,SYNTH
2026-03-12 19:07:38.598Z,1.1428,2,SYNTH
2026-03-12 19:07:39.599Z,1.1390,2,SYNTH
2026-03-12 19:07:40.395Z,1.1375,2,SYNTH
2026-03-12 19:07:41.251Z,1.1336,1,SYNTH
2026-03-12 19:07:42.634Z,1.1329,1,SYNTH
2026-03-12 19:07:43.496Z,1.1294,2,SYNTH
2026-03-12 19:07:44.015Z,1.1287,3,SYNTH
2026-03-12 19:07:45.370Z,1.1313,2,SYNTH
2026-03-12 19:07:46.860Z,1.1322,3,SYNTH
2026-03-12 19:07:47.591Z,1.1334,1,SYNTH
2026-03-12 19:07:48.581Z,1.1339,2,SYNTH
2026-03-12 19:07:49.722Z,1.1357,4,SYNTH
2026-03-12 19:07:50.278Z,1.1347,2,SYNTH
2026-03-12 19:07:51.429Z,1.1330,3,SYNTH
2026-03-12 19:07:52.775Z,1.1354,2,SYNTH
2026-03-12 19:07:53.633Z,1.1359,1,SYNTH
2026-03-12 19:07:54.860Z,1.1375,2,SYNTH
2026-03-12 19:07:55.488Z,1.1385,1,SYNTH
2026-03-12 19:07:56.156Z,1.1395,1,SYNTH
2026-03-12 19:07:57.445Z,1.1410,1,SYNTH
2026-03-12 19:07:58.443Z,1.1421,1,SYNTH
2026-03-12 19:07:59.773Z,1.1437,1,SYNTH
2026-03-12 19:08:00.035Z,1.1471,1,SYNTH
2026-03-12 19:08:01.165Z,1.1482,1,SYNTH
2026-03-12 19:08:02.534Z,1.1489,1,SYNTH
2026-03-12 19:08:03.605Z,1.1523,1,SYNTH
2026-03-12 19:08:04.020Z,1.1541,1,SYNTH
2026-03-12 19:08:05.657Z,1.1555,1,SYNTH
2026-03-12 19:08:06.428Z,1.1566,1,SYNTH
2026-03-12 19:08:07.014Z,1.1591,2,SYNTH
2026-03-12 19:08:08.300Z,1.1593,2,SYNTH
2026-03-12 19:08:09.651Z,1.1599,2,SYNTH
2026-03-12 19:08:10.228Z,1.1617,5,SYNTH
2026-03-12 19:08:11.609Z,1.1604,3,SYNTH
2026-03-12 19:08:12.806Z,1.1621,2,SYNTH
2026-03-12 19:08:13.706Z,1.1597,5,SYNTH
2026-03-12 19:08:14.355Z,1.1606,2,SYNTH
2026-03-12 19:08:15.826Z,1.1595,1,SYNTH
2026-03-12 19:08:16.786Z,1.1578,2,SYNTH
2026-03-12 19:08:17.457Z,1.1584,2,SYNTH
2026-03-12 19:08:18.538Z,1.1571,3,SYNTH
2026-03-12 19:08:19.565Z,1.1583,3,SYNTH
2026-03-12 19:08:20.240Z,1.1588,2,SYNTH
2026-03-12 19:08:21.891Z,1.1591,2,SYNTH
2026-03-12 19:08:22.382Z,1.1573,2,SYNTH
2026-03-12 19:08:23.422Z,1.1595,2,SYNTH
2026-03-12 19:08:24.199Z,1.1599,2,SYNTH
2026-03-12 19:08:25.845Z,1.1583,2,SYNTH
2026-03-12 19:08:26.646Z,1.1603,1,SYNTH
2026-03-12 19:08:27.366Z,1.1575,2,SYNTH
2026-03-12 19:08:28.236Z,1.1596,2,SYNTH
2026-03-12 19:08:29.039Z,1.1605,1,SYNTH
2026-03-12 19:08:30.487Z,1.1582,3,SYNTH
2026-03-12 19:08:31.652Z,1.1591,3,SYNTH
2026-03-12 19:08:32.793Z,1.1598,2,SYNTH
2026-03-12 19:07:33.563Z,1.1555,2,SYNTH
2026-03-12 19:07:34.359Z,1.1559,3,SYNTH
2026-03-12 19:07:35.703Z,1.1560,2,SYNTH
2026-03-12 19:07:36.048Z,1.1562,2,SYNTH
2026-03-12 19:07:37.138Z,1.1567,1,SYNTH
2026-03-12 19:07:38.811Z,1.1586,3,SYNTH
2026-03-12 19:07:39.838Z,1.1593,2,SYNTH
2026-03-12 19:07:40.208Z,1.1597,2,SYNTH
2026-03-12 19:07:41.655Z,1.1602,2,SYNTH
2026-03-12 19:07:42.828Z,1.1606,2,SYNTH
2026-03-12 19:07:43.797Z,1.1609,2,SYNTH
2026-03-12 19:07:44.515Z,1.1606,5,SYNTH
2026-03-12 19:07:45.744Z,1.1586,6,SYNTH
2026-03-12 19:07:46.292Z,1.1618,6,SYNTH
2026-03-12 19:07:47.306Z,1.1583,1,SYNTH
2026-03-12 19:07:48.548Z,1.1579,1,SYNTH
2026-03-12 19:07:49.137Z,1.1565,3,SYNTH
2026-03-12 19:07:50.781Z,1.1571,4,SYNTH
2026-03-12 19:07:51.571Z,1.1562,3,SYNTH
2026-03-12 19:07:52.090Z,1.1570,2,SYNTH
2026-03-12 19:07:53.837Z,1.1562,1,SYNTH
2026-03-12 19:07:54.377Z,1.1548,2,SYNTH
2026-03-12 19:07:55.831Z,1.1539,2,SYNTH
2026-03-12 19:07:56.772Z,1.1528,1,SYNTH
2026-03-12 19:07:57.600Z,1.1510,2,SYNTH
2026-03-12 19:07:58.349Z,1.1490,1,SYNTH
2026-03-12 19:07:59.167Z,1.1470,1,SYNTH
2026-03-12 19:08:00.281Z,1.1455,1,SYNTH
2026-03-12 19:08:01.199Z,1.1433,1,SYNTH
2026-03-12 19:08:02.198Z,1.1406,1,SYNTH
2026-03-12 19:08:03.531Z,1.1402,2,SYNTH
2026-03-12 19:08:04.032Z,1.1382,1,SYNTH
2026-03-12 19:08:05.081Z,1.1363,2,SYNTH
2026-03-12 19:08:06.641Z,1.1345,1,SYNTH
2026-03-12 19:08:07.257Z,1.1320,1,SYNTH
2026-03-12 19:08:08.322Z,1.1302,2,SYNTH
2026-03-12 19:08:09.361Z,1.1311,1,SYNTH
2026-03-12 19:08:10.898Z,1.1290,2,SYNTH
2026-03-12 19:08:11.821Z,1.1290,5,SYNTH
2026-03-12 19:08:12.706Z,1.1315,4,SYNTH
2026-03-12 19:08:13.502Z,1.1326,5,SYNTH
2026-03-12 19:08:14.822Z,1.1323,1,SYNTH
2026-03-12 19:08:15.386Z,1.1334,2,SYNTH
2026-03-12 19:08:16.506Z,1.1347,2,SYNTH
2026-03-12 19:08:17.894Z,1.1360,1,SYNTH
2026-03-12 19:08:18.276Z,1.1358,3,SYNTH
2026-03-12 19:08:19.876Z,1.1337,2,SYNTH
2026-03-12 19:08:20.158Z,1.1366,2,SYNTH
2026-03-12 19:08:21.439Z,1.1375,1,SYNTH
2026-03-12 19:08:22.455Z,1.1378,2,SYNTH
2026-03-12 19:08:23.479Z,1.1386,2,SYNTH
2026-03-12 19:08:24.689Z,1.1391,2,SYNTH
2026-03-12 19:08:25.103Z,1.1404,2,SYNTH
2026-03-12 19:08:26.649Z,1.1412,2,SYNTH
2026-03-12 19:08:27.806Z,1.1421,2,SYNTH
2026-03-12 19:08:28.374Z,1.1437,1,SYNTH
2026-03-12 19:08:29.539Z,1.1437,1,SYNTH
2026-03-12 19:08:30.226Z,1.1460,1,SYNTH
2026-03-12 19:08:31.391Z,1.1464,2,SYNTH
2026-03-12 19:08:32.027Z,1.1454,3,SYNTH
2026-03-12 19:07:33.561Z,1.1517,1,SYNTH
2026-03-12 19:07:34.231Z,1.1503,1,SYNTH
2026-03-12 19:07:35.271Z,1.1496,1,SYNTH
2026-03-12 19:07:36.156Z,1.1515,1,SYNTH
2026-03-12 19:07:37.592Z,1.1512,1,SYNTH
2026-03-12 19:07:38.060Z,1.1507,1,SYNTH
2026-03-12 19:07:39.709Z,1.1498,1,SYNTH
2026-03-12 19:07:40.378Z,1.1480,1,SYNTH
2026-03-12 19:07:41.452Z,1.1504,1,SYNTH
2026-03-12 19:07:42.479Z,1.1506,1,SYNTH
2026-03-12 19:07:43.228Z,1.1496,1,SYNTH
2026-03-12 19:07:44.177Z,1.1516,1,SYNTH
2026-03-12 19:07:45.643Z,1.1509,1,SYNTH
2026-03-12 19:07:46.031Z,1.1490,1,SYNTH
2026-03-12 19:07:47.468Z,1.1506,1,SYNTH
2026-03-12 19:07:48.092Z,1.1480,1,SYNTH
2026-03-12 19:07:49.895Z,1.1504,1,SYNTH
2026-03-12 19:07:50.878Z,1.1493,1,SYNTH
2026-03-12 19:07:51.473Z,1.1506,1,SYNTH
2026-03-12 19:07:52.094Z,1.1503,1,SYNTH
2026-03-12 19:07:53.815Z,1.1514,1,SYNTH
2026-03-12 19:07:54.577Z,1.1490,1,SYNTH
2026-03-12 19:07:55.009Z,1.1512,1,SYNTH
2026-03-12 19:07:56.635Z,1.1479,1,SYNTH
2026-03-12 19:07:57.660Z,1.1469,1,SYNTH
2026-03-12 19:07:58.610Z,1.1470,1,SYNTH
2026-03-12 19:07:59.628Z,1.1467,1,SYNTH
2026-03-12 19:08:00.397Z,1.1466,1,SYNTH
2026-03-12 19:08:01.201Z,1.1467,1,SYNTH
2026-03-12 19:08:02.762Z,1.1461,1,SYNTH
2026-03-12 19:08:03.155Z,1.1479,1,SYNTH
2026-03-12 19:08:04.739Z,1.1463,1,SYNTH
2026-03-12 19:08:05.671Z,1.1483,1,SYNTH
2026-03-12 19:08:06.394Z,1.1446,1,SYNTH
2026-03-12 19:08:07.827Z,1.1435,1,SYNTH
2026-03-12 19:08:08.420Z,1.1436,1,SYNTH
2026-03-12 19:08:09.803Z,1.1454,1,SYNTH
2026-03-12 19:08:10.055Z,1.1439,1,SYNTH
2026-03-12 19:08:11.351Z,1.1465,1,SYNTH
2026-03-12 19:08:12.772Z,1.1436,1,SYNTH
2026-03-12 19:08:13.817Z,1.1443,1,SYNTH
2026-03-12 19:08:14.534Z,1.1452,1,SYNTH
2026-03-12 19:08:15.074Z,1.1454,1,SYNTH
2026-03-12 19:08:16.651Z,1.1473,1,SYNTH
2026-03-12 19:08:17.807Z,1.1477,1,SYNTH
2026-03-12 19:08:18.680Z,1.1440,1,SYNTH
2026-03-12 19:08:19.567Z,1.1464,1,SYNTH
2026-03-12 19:08:20.555Z,1.1446,1,SYNTH
2026-03-12 19:08:21.390Z,1.1462,1,SYNTH
2026-03-12 19:08:22.422Z,1.1478,1,SYNTH
2026-03-12 19:08:23.879Z,1.1442,1,SYNTH
2026-03-12 19:08:24.512Z,1.1476,1,SYNTH
2026-03-12 19:08:25.258Z,1.1444,1,SYNTH
2026-03-12 19:08:26.619Z,1.1440,1,SYNTH
2026-03-12 19:08:27.805Z,1.1439,1,SYNTH
2026-03-12 19:08:28.177Z,1.1459,1,SYNTH
2026-03-12 19:08:29.298Z,1.1458,1,SYNTH
2026-03-12 19:08:30.216Z,1.1445,1,SYNTH
2026-03-12 19:08:31.708Z,1.1456,1,SYNTH
2026-03-12 19:08:32.003Z,1.1441,1,SYNTH
2026-03-12 19:07:33.586Z,1.1409,1,SYNTH
2026-03-12 19:07:34.582Z,1.1391,1,SYNTH
2026-03-12 19:07:35.105Z,1.1384,1,SYNTH
2026-03-12 19:07:36.871Z,1.1410,1,SYNTH
2026-03-12 19:07:37.687Z,1.1409,1,SYNTH
2026-03-12 19:07:38.070Z,1.1421,1,SYNTH
2026-03-12 19:07:39.163Z,1.1384,1,SYNTH
2026-03-12 19:07:40.278Z,1.1417,1,SYNTH
2026-03-12 19:07:41.652Z,1.1412,1,SYNTH
2026-03-12 19:07:42.791Z,1.1386,1,SYNTH
2026-03-12 19:07:43.748Z,1.1418,1,SYNTH
2026-03-12 19:07:44.444Z,1.1385,1,SYNTH
2026-03-12 19:07:45.527Z,1.1410,1,SYNTH
2026-03-12 19:07:46.636Z,1.1380,1,SYNTH
2026-03-12 19:07:47.732Z,1.1422,1,SYNTH
2026-03-12 19:07:48.773Z,1.1395,1,SYNTH
2026-03-12 19:07:49.350Z,1.1383,1,SYNTH
2026-03-12 19:07:50.229Z,1.1394,1,SYNTH
2026-03-12 19:07:51.265Z,1.1408,1,SYNTH
2026-03-12 19:07:52.505Z,1.1394,1,SYNTH
2026-03-12 19:07:53.845Z,1.1412,1,SYNTH
2026-03-12 19:07:54.630Z,1.1421,1,SYNTH
2026-03-12 19:07:55.094Z,1.1400,1,SYNTH
2026-03-12 19:07:56.152Z,1.1405,1,SYNTH
2026-03-12 19:07:57.074Z,1.1396,1,SYNTH
2026-03-12 19:07:58.591Z,1.1410,1,SYNTH
2026-03-12 19:07:59.124Z,1.1394,1,SYNTH
2026-03-12 19:08:00.283Z,1.1409,1,SYNTH
2026-03-12 19:08:01.819Z,1.1416,1,SYNTH
2026-03-12 19:08:02.535Z,1.1407,1,SYNTH
2026-03-12 19:08:03.102Z,1.1395,1,SYNTH
2026-03-12 19:08:04.488Z,1.1397,1,SYNTH
2026-03-12 19:08:05.180Z,1.1394,1,SYNTH
2026-03-12 19:08:06.698Z,1.1390,1,SYNTH
2026-03-12 19:08:07.843Z,1.1403,1,SYNTH
2026-03-12 19:08:08.622Z,1.1401,1,SYNTH
2026-03-12 19:08:09.014Z,1.1405,1,SYNTH
2026-03-12 19:08:10.536Z,1.1383,1,SYNTH
2026-03-12 19:08:11.514Z,1.1382,1,SYNTH
2026-03-12 19:08:12.706Z,1.1416,1,SYNTH
2026-03-12 19:08:13.071Z,1.1382,1,SYNTH
2026-03-12 19:08:14.886Z,1.1398,1,SYNTH
2026-03-12 19:08:15.173Z,1.1419,1,SYNTH
2026-03-12 19:08:16.723Z,1.1383,1,SYNTH
2026-03-12 19:08:17.846Z,1.1379,1,SYNTH
2026-03-12 19:08:18.212Z,1.1408,1,SYNTH
2026-03-12 19:08:19.310Z,1.1402,1,SYNTH
2026-03-12 19:08:20.182Z,1.1408,1,SYNTH
2026-03-12 19:08:21.665Z,1.1377,1,SYNTH
2026-03-12 19:08:22.726Z,1.1410,1,SYNTH
2026-03-12 19:08:23.422Z,1.1399,1,SYNTH
2026-03-12 19:08:24.711Z,1.1400,1,SYNTH
2026-03-12 19:08:25.475Z,1.1415,1,SYNTH
2026-03-12 19:08:26.692Z,1.1391,1,SYNTH
2026-03-12 19:08:27.664Z,1.1409,1,SYNTH
2026-03-12 19:08:28.422Z,1.1407,1,SYNTH
2026-03-12 19:08:29.099Z,1.1381,1,SYNTH
2026-03-12 19:08:30.041Z,1.1384,1,SYNTH
2026-03-12 19:08:31.212Z,1.1414,1,SYNTH
2026-03-12 19:08:32.834Z,1.1405,1,SYNTH
2026-03-12 19:07:33.388Z,1.1434,5,SYNTH
2026-03-12 19:07:34.678Z,1.1417,4,SYNTH
2026-03-12 19:07:35.437Z,1.1449,2,SYNTH
2026-03-12 19:07:36.294Z,1.1452,4,SYNTH
2026-03-12 19:07:37.784Z,1.1457,4,SYNTH
2026-03-12 19:07:38.679Z,1.1471,5,SYNTH
2026-03-12 19:07:39.481Z,1.1482,4,SYNTH
2026-03-12 19:07:40.304Z,1.1492,3,SYNTH
2026-03-12 19:07:41.713Z,1.1490,4,SYNTH
2026-03-12 19:07:42.401Z,1.1491,3,SYNTH
2026-03-12 19:07:43.814Z,1.1504,3,SYNTH
2026-03-12 19:07:44.169Z,1.1505,7,SYNTH
2026-03-12 19:07:45.142Z,1.1517,8,SYNTH
2026-03-12 19:07:46.492Z,1.1479,8,SYNTH
2026-03-12 19:07:47.711Z,1.1488,2,SYNTH
2026-03-12 19:07:48.654Z,1.1480,4,SYNTH
2026-03-12 19:07:49.697Z,1.1477,7,SYNTH
2026-03-12 19:07:50.586Z,1.1470,4,SYNTH
2026-03-12 19:07:51.014Z,1.1473,4,SYNTH
2026-03-12 19:07:52.072Z,1.1454,7,SYNTH
2026-03-12 19:07:53.576Z,1.1458,3,SYNTH
2026-03-12 19:07:54.456Z,1.1455,2,SYNTH
2026-03-12 19:07:55.669Z,1.1440,2,SYNTH
2026-03-12 19:07:56.265Z,1.1417,3,SYNTH
2026-03-12 19:07:57.348Z,1.1404,2,SYNTH
2026-03-12 19:07:58.709Z,1.1394,4,SYNTH
2026-03-12 19:07:59.464Z,1.1365,3,SYNTH
2026-03-12 19:08:00.172Z,1.1346,3,SYNTH
2026-03-12 19:08:01.424Z,1.1335,3,SYNTH
2026-03-12 19:08:02.690Z,1.1309,4,SYNTH
2026-03-12 19:08:03.804Z,1.1293,2,SYNTH
2026-03-12 19:08:04.622Z,1.1274,3,SYNTH
2026-03-12 19:08:05.662Z,1.1252,3,SYNTH
2026-03-12 19:08:06.372Z,1.1236,3,SYNTH
2026-03-12 19:08:07.660Z,1.1227,2,SYNTH
2026-03-12 19:08:08.186Z,1.1208,3,SYNTH
2026-03-12 19:08:09.499Z,1.1209,3,SYNTH
2026-03-12 19:08:10.496Z,1.1195,8,SYNTH
2026-03-12 19:08:11.447Z,1.1190,8,SYNTH
2026-03-12 19:08:12.749Z,1.1211,5,SYNTH
2026-03-12 19:08:13.808Z,1.1219,6,SYNTH
2026-03-12 19:08:14.809Z,1.1222,3,SYNTH
2026-03-12 19:08:15.797Z,1.1223,4,SYNTH
2026-03-12 19:08:16.866Z,1.1245,4,SYNTH
2026-03-12 19:08:17.332Z,1.1255,4,SYNTH
2026-03-12 19:08:18.541Z,1.1263,5,SYNTH
2026-03-12 19:08:19.016Z,1.1260,3,SYNTH
2026-03-12 19:08:20.349Z,1.1267,4,SYNTH
2026-03-12 19:08:21.603Z,1.1263,5,SYNTH
2026-03-12 19:08:22.097Z,1.1275,2,SYNTH
2026-03-12 19:08:23.235Z,1.1267,4,SYNTH
2026-03-12 19:08:24.846Z,1.1284,4,SYNTH
2026-03-12 19:08:25.059Z,1.1302,5,SYNTH
2026-03-12 19:08:26.265Z,1.1317,3,SYNTH
2026-03-12 19:08:27.672Z,1.1317,4,SYNTH
2026-03-12 19:08:28.113Z,1.1345,3,SYNTH
2026-03-12 19:08:29.752Z,1.1350,3,SYNTH
2026-03-12 19:08:30.315Z,1.1356,4,SYNTH
2026-03-12 19:08:31.233Z,1.1365,3,SYNTH
2026-03-12 19:08:32.400Z,1.1356,4,SYNTH
2026-03-12 19:07:33.628Z,1.1516,1,SYNTH
2026-03-12 19:07:34.708Z,1.1486,1,SYNTH
2026-03-12 19:07:35.639Z,1.1478,1,SYNTH
2026-03-12 19:07:36.513Z,1.1477,1,SYNTH
2026-03-12 19:07:37.820Z,1.1454,1,SYNTH
2026-03-12 19:07:38.038Z,1.1428,1,SYNTH
2026-03-12 19:07:39.020Z,1.1408,1,SYNTH
2026-03-12 19:07:40.497Z,1.1396,1,SYNTH
2026-03-12 19:07:41.252Z,1.1384,1,SYNTH
2026-03-12 19:07:42.068Z,1.1368,1,SYNTH
2026-03-12 19:07:43.204Z,1.1339,1,SYNTH
2026-03-12 19:07:44.871Z,1.1346,1,SYNTH
2026-03-12 19:07:45.108Z,1.1338,1,SYNTH
2026-03-12 19:07:46.887Z,1.1374,1,SYNTH
2026-03-12 19:07:47.679Z,1.1383,1,SYNTH
2026-03-12 19:07:48.050Z,1.1393,1,SYNTH
2026-03-12 19:07:49.601Z,1.1396,1,SYNTH
2026-03-12 19:07:50.075Z,1.1408,1,SYNTH
2026-03-12 19:07:51.070Z,1.1415,1,SYNTH
2026-03-12 19:07:52.797Z,1.1427,1,SYNTH
2026-03-12 19:07:53.863Z,1.1412,1,SYNTH
2026-03-12 19:07:54.095Z,1.1440,1,SYNTH
2026-03-12 19:07:55.709Z,1.1435,1,SYNTH
2026-03-12 19:07:56.506Z,1.1451,1,SYNTH
2026-03-12 19:07:57.216Z,1.1473,1,SYNTH
2026-03-12 19:07:58.508Z,1.1491,1,SYNTH
2026-03-12 19:07:59.106Z,1.1502,1,SYNTH
2026-03-12 19:08:00.497Z,1.1512,1,SYNTH
2026-03-12 19:08:01.479Z,1.1541,1,SYNTH
2026-03-12 19:08:02.306Z,1.1560,1,SYNTH
2026-03-12 19:08:03.132Z,1.1576,1,SYNTH
2026-03-12 19:08:04.773Z,1.1585,1,SYNTH
2026-03-12 19:08:05.207Z,1.1609,1,SYNTH
2026-03-12 19:08:06.234Z,1.1622,1,SYNTH
2026-03-12 19:08:07.586Z,1.1637,1,SYNTH
2026-03-12 19:08:08.008Z,1.1643,1,SYNTH
2026-03-12 19:08:09.707Z,1.1653,1,SYNTH
2026-03-12 19:08:10.194Z,1.1663,1,SYNTH
2026-03-12 19:08:11.335Z,1.1667,1,SYNTH
2026-03-12 19:08:12.176Z,1.1635,1,SYNTH
2026-03-12 19:08:13.495Z,1.1653,1,SYNTH
2026-03-12 19:08:14.123Z,1.1642,1,SYNTH
2026-03-12 19:08:15.580Z,1.1638,1,SYNTH
2026-03-12 19:08:16.764Z,1.1636,1,SYNTH
2026-03-12 19:08:17.599Z,1.1623,1,SYNTH
2026-03-12 19:08:18.264Z,1.1628,1,SYNTH
2026-03-12 19:08:19.158Z,1.1653,1,SYNTH
2026-03-12 19:08:20.128Z,1.1626,1,SYNTH
2026-03-12 19:08:21.435Z,1.1642,1,SYNTH
2026-03-12 19:08:22.710Z,1.1660,1,SYNTH
2026-03-12 19:08:23.009Z,1.1653,1,SYNTH
2026-03-12 19:08:24.234Z,1.1636,1,SYNTH
2026-03-12 19:08:25.586Z,1.1653,1,SYNTH
2026-03-12 19:08:26.898Z,1.1655,1,SYNTH
2026-03-12 19:08:27.709Z,1.1652,1,SYNTH
2026-03-12 19:08:28.320Z,1.1636,1,SYNTH
2026-03-12 19:08:29.877Z,1.1663,1,SYNTH
2026-03-12 19:08:30.367Z,1.1662,1,SYNTH
2026-03-12 19:08:31.060Z,1.1647,1,SYNTH
2026-03-12 19:08:32.463Z,1.1652,1,SYNTH
2026-03-12 19:07:33.634Z,1.1506,6,SYNTH
2026-03-12 19:07:34.014Z,1.1500,3,SYNTH
2026-03-12 19:07:35.549Z,1.1508,7,SYNTH
2026-03-12 19:07:36.781Z,1.1505,4,SYNTH
2026-03-12 19:07:37.412Z,1.1509,3,SYNTH
2026-03-12 19:07:38.070Z,1.1507,4,SYNTH
2026-03-12 19:07:39.612Z,1.1501,7,SYNTH
2026-03-12 19:07:40.525Z,1.1486,4,SYNTH
2026-03-12 19:07:41.646Z,1.1516,6,SYNTH
2026-03-12 19:07:42.369Z,1.1494,3,SYNTH
2026-03-12 19:07:43.265Z,1.1514,3,SYNTH
2026-03-12 19:07:44.625Z,1.1526,9,SYNTH
2026-03-12 19:07:45.644Z,1.1511,12,SYNTH
2026-03-12 19:07:46.538Z,1.1520,9,SYNTH
2026-03-12 19:07:47.676Z,1.1513,4,SYNTH
2026-03-12 19:07:48.291Z,1.1500,3,SYNTH
2026-03-12 19:07:49.205Z,1.1499,9,SYNTH
2026-03-12 19:07:50.349Z,1.1484,9,SYNTH
2026-03-12 19:07:51.814Z,1.1512,10,SYNTH
2026-03-12 19:07:52.656Z,1.1523,9,SYNTH
2026-03-12 19:07:53.546Z,1.1529,2,SYNTH
2026-03-12 19:07:54.403Z,1.1527,3,SYNTH
2026-03-12 19:07:55.191Z,1.1552,2,SYNTH
2026-03-12 19:07:56.670Z,1.1570,3,SYNTH
2026-03-12 19:07:57.774Z,1.1584,3,SYNTH
2026-03-12 19:07:58.360Z,1.1601,2,SYNTH
2026-03-12 19:07:59.886Z,1.1610,4,SYNTH
2026-03-12 19:08:00.727Z,1.1636,5,SYNTH
2026-03-12 19:08:01.344Z,1.1669,3,SYNTH
2026-03-12 19:08:02.715Z,1.1687,5,SYNTH
2026-03-12 19:08:03.897Z,1.1692,2,SYNTH
2026-03-12 19:08:04.122Z,1.1720,2,SYNTH
2026-03-12 19:08:05.825Z,1.1734,5,SYNTH
2026-03-12 19:08:06.331Z,1.1769,2,SYNTH
2026-03-12 19:08:07.465Z,1.1772,3,SYNTH
2026-03-12 19:08:08.327Z,1.1800,4,SYNTH
2026-03-12 19:08:09.040Z,1.1801,4,SYNTH
2026-03-12 19:08:10.235Z,1.1793,9,SYNTH
2026-03-12 19:08:11.543Z,1.1807,11,SYNTH
2026-03-12 19:08:12.275Z,1.1811,10,SYNTH
2026-03-12 19:08:13.705Z,1.1776,10,SYNTH
2026-03-12 19:08:14.040Z,1.1775,3,SYNTH
2026-03-12 19:08:15.218Z,1.1762,3,SYNTH
2026-03-12 19:08:16.532Z,1.1762,4,SYNTH
2026-03-12 19:08:17.033Z,1.1742,3,SYNTH
2026-03-12 19:08:18.502Z,1.1730,4,SYNTH
2026-03-12 19:08:19.453Z,1.1728,7,SYNTH
2026-03-12 19:08:20.714Z,1.1730,7,SYNTH
2026-03-12 19:08:21.673Z,1.1731,5,SYNTH
2026-03-12 19:08:22.511Z,1.1719,3,SYNTH
2026-03-12 19:08:23.513Z,1.1702,5,SYNTH
2026-03-12 19:08:24.223Z,1.1687,7,SYNTH
2026-03-12 19:08:25.163Z,1.1666,6,SYNTH
2026-03-12 19:08:26.677Z,1.1653,5,SYNTH
2026-03-12 19:08:27.455Z,1.1629,5,SYNTH
2026-03-12 19:08:28.372Z,1.1627,4,SYNTH
2026-03-12 19:08:29.255Z,1.1613,7,SYNTH
2026-03-12 19:08:30.317Z,1.1609,5,SYNTH
2026-03-12 19:08:31.697Z,1.1588,4,SYNTH
2026-03-12 19:08:32.375Z,1.1580,8,SYNTH
2026-03-12 19:07:33.625Z,1.1612,4,SYNTH
2026-03-12 19:07:34.647Z,1.1585,4,SYNTH
2026-03-12 19:07:35.050Z,1.1602,8,SYNTH
2026-03-12 19:07:36.725Z,1.1608,4,SYNTH
2026-03-12 19:07:37.084Z,1.1587,3,SYNTH
2026-03-12 19:07:38.448Z,1.1619,7,SYNTH
2026-03-12 19:07:39.594Z,1.1604,5,SYNTH
2026-03-12 19:07:40.436Z,1.1587,6,SYNTH
2026-03-12 19:07:41.235Z,1.1596,3,SYNTH
2026-03-12 19:07:42.824Z,1.1616,5,SYNTH
2026-03-12 19:07:43.406Z,1.1583,4,SYNTH
2026-03-12 19:07:44.234Z,1.1602,10,SYNTH
2026-03-12 19:07:45.545Z,1.1592,13,SYNTH
2026-03-12 19:07:46.038Z,1.1614,8,SYNTH
2026-03-12 19:07:47.259Z,1.1605,6,SYNTH
2026-03-12 19:07:48.357Z,1.1592,5,SYNTH
2026-03-12 19:07:49.289Z,1.1588,8,SYNTH
2026-03-12 19:07:50.855Z,1.1618,11,SYNTH
2026-03-12 19:07:51.426Z,1.1595,4,SYNTH
2026-03-12 19:07:52.588Z,1.1622,8,SYNTH
2026-03-12 19:07:53.586Z,1.1618,6,SYNTH
2026-03-12 19:07:54.455Z,1.1645,2,SYNTH
2026-03-12 19:07:55.322Z,1.1662,3,SYNTH
2026-03-12 19:07:56.753Z,1.1681,4,SYNTH
2026-03-12 19:07:57.215Z,1.1693,5,SYNTH
2026-03-12 19:07:58.333Z,1.1726,4,SYNTH
2026-03-12 19:07:59.296Z,1.1761,3,SYNTH
2026-03-12 19:08:00.880Z,1.1791,4,SYNTH
2026-03-12 19:08:01.867Z,1.1806,2,SYNTH
2026-03-12 19:08:02.167Z,1.1832,3,SYNTH
2026-03-12 19:08:03.459Z,1.1873,5,SYNTH
2026-03-12 19:08:04.152Z,1.1902,4,SYNTH
2026-03-12 19:08:05.621Z,1.1923,2,SYNTH
2026-03-12 19:08:06.548Z,1.1950,5,SYNTH
2026-03-12 19:08:07.223Z,1.1970,5,SYNTH
2026-03-12 19:08:08.748Z,1.1991,4,SYNTH
2026-03-12 19:08:09.881Z,1.2003,4,SYNTH
2026-03-12 19:08:10.230Z,1.2006,12,SYNTH
2026-03-12 19:08:11.269Z,1.2003,12,SYNTH
2026-03-12 19:08:12.352Z,1.2019,12,SYNTH
2026-03-12 19:08:13.047Z,1.1990,10,SYNTH
2026-03-12 19:08:14.232Z,1.1983,3,SYNTH
2026-03-12 19:08:15.728Z,1.1960,4,SYNTH
2026-03-12 19:08:16.068Z,1.1954,3,SYNTH
2026-03-12 19:08:17.063Z,1.1950,3,SYNTH
2026-03-12 19:08:18.442Z,1.1943,7,SYNTH
2026-03-12 19:08:19.788Z,1.1952,7,SYNTH
2026-03-12 19:08:20.869Z,1.1946,9,SYNTH
2026-03-12 19:08:21.812Z,1.1972,5,SYNTH
2026-03-12 19:08:22.863Z,1.1961,3,SYNTH
2026-03-12 19:08:23.651Z,1.1980,6,SYNTH
2026-03-12 19:08:24.208Z,1.1971,5,SYNTH
2026-03-12 19:08:25.463Z,1.1994,5,SYNTH
2026-03-12 19:08:26.360Z,1.1979,5,SYNTH
2026-03-12 19:08:27.561Z,1.1991,5,SYNTH
2026-03-12 19:08:28.652Z,1.1999,8,SYNTH
2026-03-12 19:08:29.608Z,1.2006,7,SYNTH
2026-03-12 19:08:30.412Z,1.2011,6,SYNTH
2026-03-12 19:08:31.772Z,1.2006,4,SYNTH
2026-03-12 19:08:32.884Z,1.1990,5,SYNTH
2026-03-12 19:07:33.336Z,1.2005,19,SYNTH
2026-03-12 19:07:34.151Z,1.1965,17,SYNTH
2026-03-12 19:07:35.407Z,1.1970,10,SYNTH
2026-03-12 19:07:36.884Z,1.1957,13,SYNTH
2026-03-12 19:07:37.386Z,1.1934,9,SYNTH
2026-03-12 19:07:38.890Z,1.1913,12,SYNTH
2026-03-12 19:07:39.207Z,1.1889,9,SYNTH
2026-03-12 19:07:40.117Z,1.1867,15,SYNTH
2026-03-12 19:07:41.531Z,1.1855,16,SYNTH
2026-03-12 19:07:42.165Z,1.1834,14,SYNTH
2026-03-12 19:07:43.324Z,1.1822,13,SYNTH
2026-03-12 19:07:44.586Z,1.1830,31,SYNTH
2026-03-12 19:07:45.288Z,1.1828,16,SYNTH
2026-03-12 19:07:46.075Z,1.1847,22,SYNTH
2026-03-12 19:07:47.009Z,1.1847,6,SYNTH
2026-03-12 19:07:48.378Z,1.1860,9,SYNTH
2026-03-12 19:07:49.364Z,1.1855,19,SYNTH
2026-03-12 19:07:50.267Z,1.1876,12,SYNTH
2026-03-12 19:07:51.881Z,1.1884,21,SYNTH
2026-03-12 19:07:52.120Z,1.1876,10,SYNTH
2026-03-12 19:07:53.583Z,1.1876,8,SYNTH
2026-03-12 19:07:54.085Z,1.1900,13,SYNTH
2026-03-12 19:07:55.381Z,1.1902,6,SYNTH
2026-03-12 19:07:56.025Z,1.1916,10,SYNTH
2026-03-12 19:07:57.048Z,1.1935,10,SYNTH
2026-03-12 19:07:58.755Z,1.1941,9,SYNTH
2026-03-12 19:07:59.502Z,1.1971,6,SYNTH
2026-03-12 19:08:00.879Z,1.1991,6,SYNTH
2026-03-12 19:08:01.612Z,1.1997,8,SYNTH
2026-03-12 19:08:02.664Z,1.2026,12,SYNTH
2026-03-12 19:08:03.308Z,1.2035,11,SYNTH
2026-03-12 19:08:04.605Z,1.2053,9,SYNTH
2026-03-12 19:08:05.793Z,1.2068,9,SYNTH
2026-03-12 19:08:06.170Z,1.2091,5,SYNTH
2026-03-12 19:08:07.395Z,1.2112,8,SYNTH
2026-03-12 19:08:08.314Z,1.2124,12,SYNTH
2026-03-12 19:08:09.273Z,1.2124,12,SYNTH
2026-03-12 19:08:10.040Z,1.2119,22,SYNTH
2026-03-12 19:08:11.736Z,1.2121,29,SYNTH
2026-03-12 19:08:12.809Z,1.2120,26,SYNTH
2026-03-12 19:08:13.298Z,1.2106,17,SYNTH
2026-03-12 19:08:14.767Z,1.2107,8,SYNTH
2026-03-12 19:08:15.465Z,1.2099,8,SYNTH
2026-03-12 19:08:16.797Z,1.2077,9,SYNTH
2026-03-12 19:08:17.461Z,1.2081,9,SYNTH
2026-03-12 19:08:18.316Z,1.2064,18,SYNTH
2026-03-12 19:08:19.794Z,1.2072,10,SYNTH
2026-03-12 19:08:20.519Z,1.2078,14,SYNTH
2026-03-12 19:08:21.162Z,1.2067,8,SYNTH
2026-03-12 19:08:22.794Z,1.2050,14,SYNTH
2026-03-12 19:08:23.026Z,1.2050,9,SYNTH
2026-03-12 19:08:24.298Z,1.2030,15,SYNTH
2026-03-12 19:08:25.888Z,1.2022,14,SYNTH
2026-03-12 19:08:26.543Z,1.2015,15,SYNTH
2026-03-12 19:08:27.093Z,1.1997,8,SYNTH
2026-03-12 19:08:28.833Z,1.2008,18,SYNTH
2026-03-12 19:08:29.702Z,1.1977,15,SYNTH
2026-03-12 19:08:30.413Z,1.1978,14,SYNTH
2026-03-12 19:08:31.104Z,1.1990,18,SYNTH
2026-03-12 19:08:32.476Z,1.1967,16,SYNTH
2026-03-12 19:07:33.640Z,1.1910,19,SYNTH
2026-03-12 19:07:34.701Z,1.1886,19,SYNTH
2026-03-12 19:07:35.022Z,1.1870,14,SYNTH
2026-03-12 19:07:36.513Z,1.1867,16,SYNTH
2026-03-12 19:07:37.414Z,1.1852,15,SYNTH
2026-03-12 19:07:38.824Z,1.1859,7,SYNTH
2026-03-12 19:07:39.470Z,1.1839,10,SYNTH
2026-03-12 19:07:40.353Z,1.1819,12,SYNTH
2026-03-12 19:07:41.032Z,1.1813,15,SYNTH
2026-03-12 19:07:42.510Z,1.1807,9,SYNTH
2026-03-12 19:07:43.271Z,1.1785,11,SYNTH
2026-03-12 19:07:44.743Z,1.1794,17,SYNTH
2026-03-12 19:07:45.042Z,1.1799,21,SYNTH
2026-03-12 19:07:46.512Z,1.1812,25,SYNTH
2026-03-12 19:07:47.369Z,1.1813,6,SYNTH
2026-03-12 19:07:48.128Z,1.1825,9,SYNTH
2026-03-12 19:07:49.305Z,1.1832,23,SYNTH
2026-03-12 19:07:50.075Z,1.1842,24,SYNTH
2026-03-12 19:07:51.467Z,1.1807,17,SYNTH
2026-03-12 19:07:52.416Z,1.1850,11,SYNTH
2026-03-12 19:07:53.616Z,1.1838,8,SYNTH
2026-03-12 19:07:54.044Z,1.1867,12,SYNTH
2026-03-12 19:07:55.681Z,1.1861,13,SYNTH
2026-03-12 19:07:56.024Z,1.1892,11,SYNTH
2026-03-12 19:07:57.105Z,1.1890,7,SYNTH
2026-03-12 19:07:58.436Z,1.1919,6,SYNTH
2026-03-12 19:07:59.392Z,1.1943,7,SYNTH
2026-03-12 19:08:00.868Z,1.1953,10,SYNTH
2026-03-12 19:08:01.329Z,1.1980,12,SYNTH
2026-03-12 19:08:02.096Z,1.1984,7,SYNTH
2026-03-12 19:08:03.090Z,1.2017,11,SYNTH
2026-03-12 19:08:04.122Z,1.2032,10,SYNTH
2026-03-12 19:08:05.607Z,1.2049,12,SYNTH
2026-03-12 19:08:06.648Z,1.2061,12,SYNTH
2026-03-12 19:08:07.000Z,1.2078,12,SYNTH
2026-03-12 19:08:08.852Z,1.2102,9,SYNTH
2026-03-12 19:08:09.837Z,1.2098,7,SYNTH
2026-03-12 19:08:10.104Z,1.2109,17,SYNTH
2026-03-12 19:08:11.676Z,1.2115,26,SYNTH
2026-03-12 19:08:12.062Z,1.2104,18,SYNTH
2026-03-12 19:08:13.756Z,1.2076,14,SYNTH
2026-03-12 19:08:14.202Z,1.2088,12,SYNTH
2026-03-12 19:08:15.558Z,1.2070,7,SYNTH
2026-03-12 19:08:16.045Z,1.2056,9,SYNTH
2026-03-12 19:08:17.399Z,1.2051,14,SYNTH
2026-03-12 19:08:18.843Z,1.2045,11,SYNTH
2026-03-12 19:08:19.354Z,1.2037,19,SYNTH
2026-03-12 19:08:20.750Z,1.2063,15,SYNTH
2026-03-12 19:08:21.078Z,1.2033,14,SYNTH
2026-03-12 19:08:22.521Z,1.2042,12,SYNTH
2026-03-12 19:08:23.101Z,1.2036,8,SYNTH
2026-03-12 19:08:24.275Z,1.2022,16,SYNTH
2026-03-12 19:08:25.188Z,1.2023,17,SYNTH
2026-03-12 19:08:26.419Z,1.2025,11,SYNTH
2026-03-12 19:08:27.752Z,1.2006,8,SYNTH
2026-03-12 19:08:28.107Z,1.2013,8,SYNTH
2026-03-12 19:08:29.661Z,1.1996,8,SYNTH
2026-03-12 19:08:30.741Z,1.2000,17,SYNTH
2026-03-12 19:08:31.103Z,1.1982,14,SYNTH
2026-03-12 19:08:32.810Z,1.2011,15,SYNTH
2026-03-12 19:07:33.829Z,1.2063,1,SYNTH
2026-03-12 19:07:34.399Z,1.2069,1,SYNTH
2026-03-12 19:07:35.729Z,1.2071,1,SYNTH
2026-03-12 19:07:36.381Z,1.2046,1,SYNTH
2026-03-12 19:07:37.381Z,1.2033,1,SYNTH
2026-03-12 19:07:38.254Z,1.2060,1,SYNTH
2026-03-12 19:07:39.504Z,1.2064,1,SYNTH
2026-03-12 19:07:40.096Z,1.2032,1,SYNTH
2026-03-12 19:07:41.871Z,1.2055,1,SYNTH
2026-03-12 19:07:42.043Z,1.2033,1,SYNTH
2026-03-12 19:07:43.602Z,1.2031,1,SYNTH
2026-03-12 19:07:44.004Z,1.2056,1,SYNTH
2026-03-12 19:07:45.246Z,1.2055,1,SYNTH
2026-03-12 19:07:46.166Z,1.2067,1,SYNTH
2026-03-12 19:07:47.772Z,1.2042,1,SYNTH
2026-03-12 19:07:48.114Z,1.2055,1,SYNTH
2026-03-12 19:07:49.057Z,1.2045,1,SYNTH
2026-03-12 19:07:50.076Z,1.2062,1,SYNTH
2026-03-12 19:07:51.744Z,1.2045,1,SYNTH
2026-03-12 19:07:52.138Z,1.2051,1,SYNTH
2026-03-12 19:07:53.533Z,1.2059,1,SYNTH
2026-03-12 19:07:54.675Z,1.2055,1,SYNTH
2026-03-12 19:07:55.293Z,1.2062,1,SYNTH
2026-03-12 19:07:56.281Z,1.2039,1,SYNTH
2026-03-12 19:07:57.885Z,1.2056,1,SYNTH
2026-03-12 19:07:58.824Z,1.2074,1,SYNTH
2026-03-12 19:07:59.735Z,1.2077,1,SYNTH
2026-03-12 19:08:00.575Z,1.2067,1,SYNTH
2026-03-12 19:08:01.713Z,1.2073,1,SYNTH
2026-03-12 19:08:02.654Z,1.2057,1,SYNTH
2026-03-12 19:08:03.530Z,1.2073,1,SYNTH
2026-03-12 19:08:04.376Z,1.2080,1,SYNTH
2026-03-12 19:08:05.514Z,1.2080,1,SYNTH
2026-03-12 19:08:06.488Z,1.2092,1,SYNTH
2026-03-12 19:08:07.597Z,1.2066,1,SYNTH
2026-03-12 19:08:08.655Z,1.2087,1,SYNTH
2026-03-12 19:08:09.626Z,1.2083,1,SYNTH
2026-03-12 19:08:10.849Z,1.2090,1,SYNTH
2026-03-12 19:08:11.296Z,1.2097,1,SYNTH
2026-03-12 19:08:12.605Z,1.2099,1,SYNTH
2026-03-12 19:08:13.137Z,1.2079,1,SYNTH
2026-03-12 19:08:14.068Z,1.2090,1,SYNTH
2026-03-12 19:08:15.356Z,1.2076,1,SYNTH
2026-03-12 19:08:16.190Z,1.2089,1,SYNTH
2026-03-12 19:08:17.177Z,1.2068,1,SYNTH
2026-03-12 19:08:18.869Z,1.2099,1,SYNTH
2026-03-12 19:08:19.629Z,1.2063,1,SYNTH
2026-03-12 19:08:20.280Z,1.2102,1,SYNTH
2026-03-12 19:08:21.240Z,1.2100,1,SYNTH
2026-03-12 19:08:22.482Z,1.2091,1,SYNTH
2026-03-12 19:08:23.007Z,1.2071,1,SYNTH
2026-03-12 19:08:24.581Z,1.2076,1,SYNTH
2026-03-12 19:08:25.384Z,1.2092,1,SYNTH
2026-03-12 19:08:26.004Z,1.2090,1,SYNTH
2026-03-12 19:08:27.345Z,1.2084,1,SYNTH
2026-03-12 19:08:28.867Z,1.2078,1,SYNTH
2026-03-12 19:08:29.065Z,1.2096,1,SYNTH
2026-03-12 19:08:30.558Z,1.2095,1,SYNTH
2026-03-12 19:08:31.822Z,1.2095,1,SYNTH
2026-03-12 19:08:32.849Z,1.2101,1,SYNTH
2026-03-12 19:07:33.326Z,1.2109,27,SYNTH
2026-03-12 19:07:34.880Z,1.2119,34,SYNTH
2026-03-12 19:07:35.693Z,1.2082,24,SYNTH
2026-03-12 19:07:36.124Z,1.2073,21,SYNTH
2026-03-12 19:07:37.534Z,1.2072,23,SYNTH
2026-03-12 19:07:38.390Z,1.2066,28,SYNTH
2026-03-12 19:07:39.657Z,1.2040,15,SYNTH
2026-03-12 19:07:40.837Z,1.2036,17,SYNTH
2026-03-12 19:07:41.664Z,1.2027,17,SYNTH
2026-03-12 19:07:42.864Z,1.2027,24,SYNTH
2026-03-12 19:07:43.491Z,1.2004,20,SYNTH
2026-03-12 19:07:44.889Z,1.2019,56,SYNTH
2026-03-12 19:07:45.540Z,1.2001,71,SYNTH
2026-03-12 19:07:46.017Z,1.2028,30,SYNTH
2026-03-12 19:07:47.352Z,1.2033,15,SYNTH
2026-03-12 19:07:48.421Z,1.2050,24,SYNTH
2026-03-12 19:07:49.619Z,1.2049,46,SYNTH
2026-03-12 19:07:50.196Z,1.2051,33,SYNTH
2026-03-12 19:07:51.406Z,1.2067,41,SYNTH
2026-03-12 19:07:52.636Z,1.2061,43,SYNTH
2026-03-12 19:07:53.324Z,1.2061,23,SYNTH
2026-03-12 19:07:54.672Z,1.2074,14,SYNTH
2026-03-12 19:07:55.645Z,1.2072,14,SYNTH
2026-03-12 19:07:56.848Z,1.2090,11,SYNTH
2026-03-12 19:07:57.847Z,1.2101,20,SYNTH
2026-03-12 19:07:58.656Z,1.2109,17,SYNTH
2026-03-12 19:07:59.024Z,1.2106,15,SYNTH
2026-03-12 19:08:00.307Z,1.2122,15,SYNTH
2026-03-12 19:08:01.047Z,1.2128,13,SYNTH
2026-03-12 19:08:02.829Z,1.2155,18,SYNTH
2026-03-12 19:08:03.453Z,1.2158,12,SYNTH
2026-03-12 19:08:04.688Z,1.2171,16,SYNTH
2026-03-12 19:08:05.836Z,1.2184,22,SYNTH
2026-03-12 19:08:06.480Z,1.2195,12,SYNTH
2026-03-12 19:08:07.604Z,1.2202,12,SYNTH
2026-03-12 19:08:08.358Z,1.2189,14,SYNTH
2026-03-12 19:08:09.819Z,1.2200,11,SYNTH
2026-03-12 19:08:10.887Z,1.2213,61,SYNTH
2026-03-12 19:08:11.073Z,1.2216,43,SYNTH
2026-03-12 19:08:12.472Z,1.2198,41,SYNTH
2026-03-12 19:08:13.273Z,1.2181,49,SYNTH
2026-03-12 19:08:14.577Z,1.2179,21,SYNTH
2026-03-12 19:08:15.292Z,1.2185,19,SYNTH
2026-03-12 19:08:16.785Z,1.2183,14,SYNTH
2026-03-12 19:08:17.689Z,1.2177,18,SYNTH
2026-03-12 19:08:18.481Z,1.2187,28,SYNTH
2026-03-12 19:08:19.137Z,1.2193,41,SYNTH
2026-03-12 19:08:20.273Z,1.2170,17,SYNTH
2026-03-12 19:08:21.478Z,1.2159,15,SYNTH
2026-03-12 19:08:22.386Z,1.2165,19,SYNTH
2026-03-12 19:08:23.232Z,1.2138,29,SYNTH
2026-03-12 19:08:24.495Z,1.2149,26,SYNTH
2026-03-12 19:08:25.504Z,1.2122,15,SYNTH
2026-03-12 19:08:26.896Z,1.2125,17,SYNTH
2026-03-12 19:08:27.646Z,1.2110,13,SYNTH
2026-03-12 19:08:28.301Z,1.2110,19,SYNTH
2026-03-12 19:08:29.580Z,1.2092,26,SYNTH
2026-03-12 19:08:30.832Z,1.2091,21,SYNTH
2026-03-12 19:08:31.853Z,1.2081,28,SYNTH
2026-03-12 19:08:32.535Z,1.2105,35,SYNTH
2026-03-12 19:07:33.388Z,1.2312,8,SYNTH
2026-03-12 19:07:34.069Z,1.2310,12,SYNTH
2026-03-12 19:07:35.505Z,1.2283,12,SYNTH
2026-03-12 19:07:36.608Z,1.2301,10,SYNTH
2026-03-12 19:07:37.637Z,1.2278,11,SYNTH
2026-03-12 19:07:38.679Z,1.2285,11,SYNTH
2026-03-12 19:07:39.482Z,1.2304,6,SYNTH
2026-03-12 19:07:40.594Z,1.2280,6,SYNTH
2026-03-12 19:07:41.426Z,1.2269,6,SYNTH
2026-03-12 19:07:42.403Z,1.2291,5,SYNTH
2026-03-12 19:07:43.273Z,1.2277,9,SYNTH
2026-03-12 19:07:44.710Z,1.2305,14,SYNTH
2026-03-12 19:07:45.862Z,1.2281,17,SYNTH
2026-03-12 19:07:46.440Z,1.2301,15,SYNTH
2026-03-12 19:07:47.391Z,1.2300,4,SYNTH
2026-03-12 19:07:48.871Z,1.2282,9,SYNTH
2026-03-12 19:07:49.113Z,1.2295,8,SYNTH
2026-03-12 19:07:50.277Z,1.2283,11,SYNTH
2026-03-12 19:07:51.746Z,1.2275,10,SYNTH
2026-03-12 19:07:52.645Z,1.2302,12,SYNTH
2026-03-12 19:07:53.890Z,1.2282,7,SYNTH
2026-03-12 19:07:54.501Z,1.2302,7,SYNTH
2026-03-12 19:07:55.848Z,1.2307,7,SYNTH
2026-03-12 19:07:56.026Z,1.2282,7,SYNTH
2026-03-12 19:07:57.499Z,1.2312,5,SYNTH
2026-03-12 19:07:58.068Z,1.2312,6,SYNTH
2026-03-12 19:07:59.774Z,1.2312,6,SYNTH
2026-03-12 19:08:00.356Z,1.2291,7,SYNTH
2026-03-12 19:08:01.657Z,1.2313,5,SYNTH
2026-03-12 19:08:02.166Z,1.2306,7,SYNTH
2026-03-12 19:08:03.071Z,1.2319,6,SYNTH
2026-03-12 19:08:04.004Z,1.2290,7,SYNTH
2026-03-12 19:08:05.204Z,1.2312,5,SYNTH
2026-03-12 19:08:06.392Z,1.2308,5,SYNTH
2026-03-12 19:08:07.407Z,1.2297,5,SYNTH
2026-03-12 19:08:08.887Z,1.2314,7,SYNTH
2026-03-12 19:08:09.699Z,1.2316,5,SYNTH
2026-03-12 19:08:10.854Z,1.2294,21,SYNTH
2026-03-12 19:08:11.779Z,1.2311,13,SYNTH
2026-03-12 19:08:12.389Z,1.2308,21,SYNTH
2026-03-12 19:08:13.111Z,1.2299,12,SYNTH
2026-03-12 19:08:14.273Z,1.2299,9,SYNTH
2026-03-12 19:08:15.789Z,1.2317,4,SYNTH
2026-03-12 19:08:16.701Z,1.2292,9,SYNTH
2026-03-12 19:08:17.098Z,1.2312,6,SYNTH
2026-03-12 19:08:18.114Z,1.2289,8,SYNTH
2026-03-12 19:08:19.393Z,1.2289,14,SYNTH
2026-03-12 19:08:20.224Z,1.2309,14,SYNTH
2026-03-12 19:08:21.411Z,1.2320,10,SYNTH
2026-03-12 19:08:22.313Z,1.2293,8,SYNTH
2026-03-12 19:08:23.706Z,1.2305,8,SYNTH
2026-03-12 19:08:24.591Z,1.2295,9,SYNTH
2026-03-12 19:08:25.006Z,1.2289,8,SYNTH
2026-03-12 19:08:26.768Z,1.2288,7,SYNTH
2026-03-12 19:08:27.392Z,1.2305,10,SYNTH
2026-03-12 19:08:28.482Z,1.2304,10,SYNTH
2026-03-12 19:08:29.669Z,1.2291,6,SYNTH
2026-03-12 19:08:30.860Z,1.2320,7,SYNTH
2026-03-12 19:08:31.165Z,1.2312,7,SYNTH
2026-03-12 19:08:32.170Z,1.2280,7,SYNTH
2026-03-12 19:07:33.580Z,1.2315,2,SYNTH
2026-03-12 19:07:34.883Z,1.2319,2,SYNTH
2026-03-12 19:07:35.192Z,1.2292,3,SYNTH
2026-03-12 19:07:36.311Z,1.2305,2,SYNTH
2026-03-12 19:07:37.134Z,1.2318,2,SYNTH
2026-03-12 19:07:38.177Z,1.2315,2,SYNTH
2026-03-12 19:07:39.186Z,1.2318,2,SYNTH
2026-03-12 19:07:40.165Z,1.2306,2,SYNTH
2026-03-12 19:07:41.437Z,1.2311,2,SYNTH
2026-03-12 19:07:42.154Z,1.2310,2,SYNTH
2026-03-12 19:07:43.023Z,1.2304,2,SYNTH
2026-03-12 19:07:44.705Z,1.2293,5,SYNTH
2026-03-12 19:07:45.502Z,1.2289,2,SYNTH
2026-03-12 19:07:46.317Z,1.2309,5,SYNTH
2026-03-12 19:07:47.382Z,1.2316,1,SYNTH
2026-03-12 19:07:48.138Z,1.2315,1,SYNTH
2026-03-12 19:07:49.188Z,1.2317,4,SYNTH
2026-03-12 19:07:50.807Z,1.2283,2,SYNTH
2026-03-12 19:07:51.692Z,1.2317,3,SYNTH
2026-03-12 19:07:52.319Z,1.2279,3,SYNTH
2026-03-12 19:07:53.404Z,1.2267,2,SYNTH
2026-03-12 19:07:54.443Z,1.2276,1,SYNTH
2026-03-12 19:07:55.807Z,1.2253,1,SYNTH
2026-03-12 19:07:56.267Z,1.2243,2,SYNTH
2026-03-12 19:07:57.321Z,1.2229,1,SYNTH
2026-03-12 19:07:58.498Z,1.2205,1,SYNTH
2026-03-12 19:07:59.075Z,1.2182,1,SYNTH
2026-03-12 19:08:00.117Z,1.2154,2,SYNTH
2026-03-12 19:08:01.067Z,1.2137,1,SYNTH
2026-03-12 19:08:02.240Z,1.2116,1,SYNTH
2026-03-12 19:08:03.287Z,1.2104,1,SYNTH
2026-03-12 19:08:04.422Z,1.2074,2,SYNTH
2026-03-12 19:08:05.764Z,1.2067,1,SYNTH
2026-03-12 19:08:06.472Z,1.2036,2,SYNTH
2026-03-12 19:08:07.891Z,1.2031,1,SYNTH
2026-03-12 19:08:08.220Z,1.2008,1,SYNTH
2026-03-12 19:08:09.816Z,1.1997,1,SYNTH
2026-03-12 19:08:10.216Z,1.2000,4,SYNTH
2026-03-12 19:08:11.578Z,1.1989,4,SYNTH
2026-03-12 19:08:12.859Z,1.1994,4,SYNTH
2026-03-12 19:08:13.759Z,1.2012,2,SYNTH
2026-03-12 19:08:14.605Z,1.2027,1,SYNTH
2026-03-12 19:08:15.273Z,1.2030,1,SYNTH
2026-03-12 19:08:16.603Z,1.2039,1,SYNTH
2026-03-12 19:08:17.001Z,1.2048,1,SYNTH
2026-03-12 19:08:18.550Z,1.2058,3,SYNTH
2026-03-12 19:08:19.757Z,1.2032,2,SYNTH
2026-03-12 19:08:20.813Z,1.2056,2,SYNTH
2026-03-12 19:08:21.872Z,1.2059,2,SYNTH
2026-03-12 19:08:22.369Z,1.2063,2,SYNTH
2026-03-12 19:08:23.192Z,1.2072,2,SYNTH
2026-03-12 19:08:24.438Z,1.2077,2,SYNTH
2026-03-12 19:08:25.437Z,1.2081,2,SYNTH
2026-03-12 19:08:26.495Z,1.2090,3,SYNTH
2026-03-12 19:08:27.801Z,1.2092,2,SYNTH
2026-03-12 19:08:28.866Z,1.2092,2,SYNTH
2026-03-12 19:08:29.380Z,1.2104,2,SYNTH
2026-03-12 19:08:30.437Z,1.2098,2,SYNTH
2026-03-12 19:08:31.772Z,1.2102,1,SYNTH
2026-03-12 19:08:32.088Z,1.2081,2,SYNTH
2026-03-12 19:07:33.514Z,1.2207,8,SYNTH
2026-03-12 19:07:34.466Z,1.2221,6,SYNTH
2026-03-12 19:07:35.417Z,1.2198,5,SYNTH
2026-03-12 19:07:36.214Z,1.2213,7,SYNTH
2026-03-12 19:07:37.103Z,1.2193,5,SYNTH
2026-03-12 19:07:38.726Z,1.2202,3,SYNTH
2026-03-12 19:07:39.483Z,1.2182,6,SYNTH
2026-03-12 19:07:40.239Z,1.2208,3,SYNTH
2026-03-12 19:07:41.154Z,1.2222,5,SYNTH
2026-03-12 19:07:42.613Z,1.2190,3,SYNTH
2026-03-12 19:07:43.229Z,1.2213,4,SYNTH
2026-03-12 19:07:44.064Z,1.2188,8,SYNTH
2026-03-12 19:07:45.871Z,1.2208,9,SYNTH
2026-03-12 19:07:46.158Z,1.2190,6,SYNTH
2026-03-12 19:07:47.101Z,1.2184,4,SYNTH
2026-03-12 19:07:48.430Z,1.2219,5,SYNTH
2026-03-12 19:07:49.570Z,1.2219,6,SYNTH
2026-03-12 19:07:50.236Z,1.2183,5,SYNTH
2026-03-12 19:07:51.497Z,1.2184,7,SYNTH
2026-03-12 19:07:52.643Z,1.2212,5,SYNTH
2026-03-12 19:07:53.500Z,1.2186,5,SYNTH
2026-03-12 19:07:54.248Z,1.2169,5,SYNTH
2026-03-12 19:07:55.593Z,1.2178,4,SYNTH
2026-03-12 19:07:56.858Z,1.2148,4,SYNTH
2026-03-12 19:07:57.055Z,1.2154,5,SYNTH
2026-03-12 19:07:58.443Z,1.2137,5,SYNTH
2026-03-12 19:07:59.359Z,1.2118,4,SYNTH
2026-03-12 19:08:00.648Z,1.2106,4,SYNTH
2026-03-12 19:08:01.106Z,1.2090,4,SYNTH
2026-03-12 19:08:02.791Z,1.2072,2,SYNTH
2026-03-12 19:08:03.196Z,1.2067,5,SYNTH
2026-03-12 19:08:04.614Z,1.2058,4,SYNTH
2026-03-12 19:08:05.251Z,1.2038,2,SYNTH
2026-03-12 19:08:06.435Z,1.2017,3,SYNTH
2026-03-12 19:08:07.118Z,1.2025,2,SYNTH
2026-03-12 19:08:08.692Z,1.1999,4,SYNTH
2026-03-12 19:08:09.224Z,1.1995,3,SYNTH
2026-03-12 19:08:10.015Z,1.1999,10,SYNTH
2026-03-12 19:08:11.078Z,1.1982,8,SYNTH
2026-03-12 19:08:12.100Z,1.2005,13,SYNTH
2026-03-12 19:08:13.254Z,1.2013,9,SYNTH
2026-03-12 19:08:14.486Z,1.2031,5,SYNTH
2026-03-12 19:08:15.032Z,1.2034,3,SYNTH
2026-03-12 19:08:16.411Z,1.2044,6,SYNTH
2026-03-12 19:08:17.471Z,1.2041,5,SYNTH
2026-03-12 19:08:18.299Z,1.2058,5,SYNTH
2026-03-12 19:08:19.251Z,1.2062,7,SYNTH
2026-03-12 19:08:20.010Z,1.2064,4,SYNTH
2026-03-12 19:08:21.856Z,1.2039,4,SYNTH
2026-03-12 19:08:22.774Z,1.2065,4,SYNTH
2026-03-12 19:08:23.138Z,1.2066,5,SYNTH
2026-03-12 19:08:24.818Z,1.2083,7,SYNTH
2026-03-12 19:08:25.468Z,1.2079,3,SYNTH
2026-03-12 19:08:26.213Z,1.2090,5,SYNTH
2026-03-12 19:08:27.367Z,1.2099,7,SYNTH
2026-03-12 19:08:28.275Z,1.2093,8,SYNTH
2026-03-12 19:08:29.822Z,1.2104,8,SYNTH
2026-03-12 19:08:30.856Z,1.2114,7,SYNTH
2026-03-12 19:08:31.095Z,1.2106,8,SYNTH
2026-03-12 19:08:32.721Z,1.2108,7,SYNTH
2026-03-12 19:07:33.176Z,1.2073,2,SYNTH
2026-03-12 19:07:34.129Z,1.2082,3,SYNTH
2026-03-12 19:07:35.413Z,1.2037,3,SYNTH
2026-03-12 19:07:36.069Z,1.2036,2,SYNTH
2026-03-12 19:07:37.008Z,1.2036,3,SYNTH
2026-03-12 19:07:38.428Z,1.2028,2,SYNTH
2026-03-12 19:07:39.425Z,1.2016,2,SYNTH
2026-03-12 19:07:40.097Z,1.2010,3,SYNTH
2026-03-12 19:07:41.812Z,1.2019,3,SYNTH
2026-03-12 19:07:42.006Z,1.2002,2,SYNTH
2026-03-12 19:07:43.491Z,1.2004,1,SYNTH
2026-03-12 19:07:44.585Z,1.2013,6,SYNTH
2026-03-12 19:07:45.369Z,1.1995,4,SYNTH
2026-03-12 19:07:46.534Z,1.2028,4,SYNTH
2026-03-12 19:07:47.717Z,1.2023,1,SYNTH
2026-03-12 19:07:48.084Z,1.2027,2,SYNTH
2026-03-12 19:07:49.739Z,1.2037,3,SYNTH
2026-03-12 19:07:50.387Z,1.2036,4,SYNTH
2026-03-12 19:07:51.745Z,1.2024,4,SYNTH
2026-03-12 19:07:52.675Z,1.2031,3,SYNTH
2026-03-12 19:07:53.227Z,1.2046,2,SYNTH
2026-03-12 19:07:54.700Z,1.2048,2,SYNTH
2026-03-12 19:07:55.582Z,1.2049,1,SYNTH
2026-03-12 19:07:56.502Z,1.2049,1,SYNTH
2026-03-12 19:07:57.360Z,1.2057,2,SYNTH
2026-03-12 19:07:58.806Z,1.2072,1,SYNTH
2026-03-12 19:07:59.611Z,1.2077,1,SYNTH
2026-03-12 19:08:00.681Z,1.2101,2,SYNTH
2026-03-12 19:08:01.369Z,1.2105,1,SYNTH
2026-03-12 19:08:02.200Z,1.2103,1,SYNTH
2026-03-12 19:08:03.563Z,1.2121,2,SYNTH
2026-03-12 19:08:04.655Z,1.2129,1,SYNTH
2026-03-12 19:08:05.862Z,1.2141,2,SYNTH
2026-03-12 19:08:06.108Z,1.2139,1,SYNTH
2026-03-12 19:08:07.172Z,1.2147,2,SYNTH
2026-03-12 19:08:08.259Z,1.2158,1,SYNTH
2026-03-12 19:08:09.034Z,1.2167,1,SYNTH
2026-03-12 19:08:10.418Z,1.2137,5,SYNTH
2026-03-12 19:08:11.660Z,1.2168,6,SYNTH
2026-03-12 19:08:12.764Z,1.2139,3,SYNTH
2026-03-12 19:08:13.202Z,1.2126,5,SYNTH
2026-03-12 19:08:14.241Z,1.2157,2,SYNTH
2026-03-12 19:08:15.050Z,1.2132,1,SYNTH
2026-03-12 19:08:16.096Z,1.2149,2,SYNTH
2026-03-12 19:08:17.635Z,1.2134,2,SYNTH
2026-03-12 19:08:18.261Z,1.2131,2,SYNTH
2026-03-12 19:08:19.398Z,1.2126,2,SYNTH
2026-03-12 19:08:20.032Z,1.2124,4,SYNTH
2026-03-12 19:08:21.651Z,1.2141,2,SYNTH
2026-03-12 19:08:22.729Z,1.2125,1,SYNTH
2026-03-12 19:08:23.449Z,1.2121,2,SYNTH
2026-03-12 19:08:24.725Z,1.2116,2,SYNTH
2026-03-12 19:08:25.467Z,1.2096,2,SYNTH
2026-03-12 19:08:26.343Z,1.2128,2,SYNTH
2026-03-12 19:08:27.399Z,1.2109,2,SYNTH
2026-03-12 19:08:28.868Z,1.2090,3,SYNTH
2026-03-12 19:08:29.502Z,1.2089,3,SYNTH
2026-03-12 19:08:30.249Z,1.2122,2,SYNTH
2026-03-12 19:08:31.407Z,1.2085,3,SYNTH
2026-03-12 19:08:32.370Z,1.2081,3,SYNTH
2026-03-12 19:07:33.486Z,1.2110,2,SYNTH
2026-03-12 19:07:34.850Z,1.2106,2,SYNTH
2026-03-12 19:07:35.455Z,1.2087,2,SYNTH
2026-03-12 19:07:36.804Z,1.2119,2,SYNTH
2026-03-12 19:07:37.487Z,1.2080,2,SYNTH
2026-03-12 19:07:38.704Z,1.2104,1,SYNTH
2026-03-12 19:07:39.055Z,1.2105,2,SYNTH
2026-03-12 19:07:40.406Z,1.2115,2,SYNTH
2026-03-12 19:07:41.824Z,1.2084,2,SYNTH
2026-03-12 19:07:42.394Z,1.2082,1,SYNTH
2026-03-12 19:07:43.558Z,1.2120,1,SYNTH
2026-03-12 19:07:44.371Z,1.2096,5,SYNTH
2026-03-12 19:07:45.371Z,1.2080,4,SYNTH
2026-03-12 19:07:46.181Z,1.2117,5,SYNTH
2026-03-12 19:07:47.216Z,1.2099,1,SYNTH
2026-03-12 19:07:48.768Z,1.2116,2,SYNTH
2026-03-12 19:07:49.170Z,1.2089,2,SYNTH
2026-03-12 19:07:50.859Z,1.2116,3,SYNTH
2026-03-12 19:07:51.010Z,1.2106,3,SYNTH
2026-03-12 19:07:52.297Z,1.2099,2,SYNTH
2026-03-12 19:07:53.250Z,1.2120,2,SYNTH
2026-03-12 19:07:54.681Z,1.2102,1,SYNTH
2026-03-12 19:07:55.284Z,1.2088,1,SYNTH
2026-03-12 19:07:56.563Z,1.2104,1,SYNTH
2026-03-12 19:07:57.026Z,1.2097,1,SYNTH
2026-03-12 19:07:58.584Z,1.2112,1,SYNTH
2026-03-12 19:07:59.715Z,1.2087,1,SYNTH
2026-03-12 19:08:00.516Z,1.2114,1,SYNTH
2026-03-12 19:08:01.363Z,1.2108,2,SYNTH
2026-03-12 19:08:02.546Z,1.2113,1,SYNTH
2026-03-12 19:08:03.049Z,1.2099,1,SYNTH
2026-03-12 19:08:04.446Z,1.2108,1,SYNTH
2026-03-12 19:08:05.093Z,1.2081,1,SYNTH
2026-03-12 19:08:06.870Z,1.2118,1,SYNTH
2026-03-12 19:08:07.513Z,1.2116,1,SYNTH
2026-03-12 19:08:08.632Z,1.2085,1,SYNTH
2026-03-12 19:08:09.238Z,1.2110,1,SYNTH
2026-03-12 19:08:10.146Z,1.2120,3,SYNTH
2026-03-12 19:08:11.523Z,1.2091,4,SYNTH
2026-03-12 19:08:12.463Z,1.2112,4,SYNTH
2026-03-12 19:08:13.283Z,1.2082,5,SYNTH
2026-03-12 19:08:14.309Z,1.2107,2,SYNTH
2026-03-12 19:08:15.497Z,1.2080,1,SYNTH
2026-03-12 19:08:16.719Z,1.2100,1,SYNTH
2026-03-12 19:08:17.532Z,1.2109,2,SYNTH
2026-03-12 19:08:18.869Z,1.2107,2,SYNTH
2026-03-12 19:08:19.134Z,1.2081,3,SYNTH
2026-03-12 19:08:20.208Z,1.2109,2,SYNTH
2026-03-12 19:08:21.635Z,1.2086,1,SYNTH
2026-03-12 19:08:22.782Z,1.2120,2,SYNTH
2026-03-12 19:08:23.807Z,1.2095,2,SYNTH
2026-03-12 19:08:24.337Z,1.2099,2,SYNTH
2026-03-12 19:08:25.359Z,1.2101,2,SYNTH
2026-03-12 19:08:26.525Z,1.2117,1,SYNTH
2026-03-12 19:08:27.392Z,1.2087,1,SYNTH
2026-03-12 19:08:28.155Z,1.2113,1,SYNTH
2026-03-12 19:08:29.853Z,1.2088,1,SYNTH
2026-03-12 19:08:30.788Z,1.2115,1,SYNTH
2026-03-12 19:08:31.593Z,1.2098,2,SYNTH
2026-03-12 19:08:32.431Z,1.2116,2,SYNTH
2026-03-12 19:07:33.377Z,1.2208,6,SYNTH
2026-03-12 19:07:34.678Z,1.2188,7,SYNTH
2026-03-12 19:07:35.218Z,1.2208,4,SYNTH
2026-03-12 19:07:36.625Z,1.2191,6,SYNTH
2026-03-12 19:07:37.561Z,1.2211,5,SYNTH
2026-03-12 19:07:38.486Z,1.2205,4,SYNTH
2026-03-12 19:07:39.017Z,1.2198,5,SYNTH
2026-03-12 19:07:40.355Z,1.2201,7,SYNTH
2026-03-12 19:07:41.175Z,1.2206,6,SYNTH
2026-03-12 19:07:42.236Z,1.2188,5,SYNTH
2026-03-12 19:07:43.752Z,1.2194,6,SYNTH
2026-03-12 19:07:44.232Z,1.2218,7,SYNTH
2026-03-12 19:07:45.253Z,1.2187,13,SYNTH
2026-03-12 19:07:46.412Z,1.2203,13,SYNTH
2026-03-12 19:07:47.398Z,1.2213,2,SYNTH
2026-03-12 19:07:48.639Z,1.2183,5,SYNTH
2026-03-12 19:07:49.456Z,1.2205,9,SYNTH
2026-03-12 19:07:50.790Z,1.2190,5,SYNTH
2026-03-12 19:07:51.594Z,1.2213,4,SYNTH
2026-03-12 19:07:52.605Z,1.2216,4,SYNTH
2026-03-12 19:07:53.360Z,1.2222,2,SYNTH
2026-03-12 19:07:54.743Z,1.2209,5,SYNTH
2026-03-12 19:07:55.586Z,1.2216,3,SYNTH
2026-03-12 19:07:56.664Z,1.2229,4,SYNTH
2026-03-12 19:07:57.507Z,1.2228,4,SYNTH
2026-03-12 19:07:58.749Z,1.2245,2,SYNTH
2026-03-12 19:07:59.063Z,1.2251,4,SYNTH
2026-03-12 19:08:00.891Z,1.2253,3,SYNTH
2026-03-12 19:08:01.581Z,1.2267,5,SYNTH
2026-03-12 19:08:02.050Z,1.2279,4,SYNTH
2026-03-12 19:08:03.005Z,1.2266,3,SYNTH
2026-03-12 19:08:04.222Z,1.2271,3,SYNTH
2026-03-12 19:08:05.827Z,1.2294,3,SYNTH
2026-03-12 19:08:06.610Z,1.2287,3,SYNTH
2026-03-12 19:08:07.123Z,1.2308,4,SYNTH
2026-03-12 19:08:08.645Z,1.2297,4,SYNTH
2026-03-12 19:08:09.556Z,1.2310,4,SYNTH
2026-03-12 19:08:10.736Z,1.2309,5,SYNTH
2026-03-12 19:08:11.476Z,1.2309,9,SYNTH
2026-03-12 19:08:12.630Z,1.2304,7,SYNTH
2026-03-12 19:08:13.654Z,1.2294,10,SYNTH
2026-03-12 19:08:14.692Z,1.2306,3,SYNTH
2026-03-12 19:08:15.018Z,1.2284,3,SYNTH
2026-03-12 19:08:16.598Z,1.2275,5,SYNTH
2026-03-12 19:08:17.635Z,1.2284,5,SYNTH
2026-03-12 19:08:18.078Z,1.2268,4,SYNTH
2026-03-12 19:08:19.715Z,1.2296,6,SYNTH
2026-03-12 19:08:20.271Z,1.2265,7,SYNTH
2026-03-12 19:08:21.890Z,1.2299,5,SYNTH
2026-03-12 19:08:22.604Z,1.2307,4,SYNTH
2026-03-12 19:08:23.704Z,1.2278,3,SYNTH
2026-03-12 19:08:24.375Z,1.2303,5,SYNTH
2026-03-12 19:08:25.841Z,1.2304,6,SYNTH
2026-03-12 19:08:26.708Z,1.2298,6,SYNTH
2026-03-12 19:08:27.453Z,1.2276,3,SYNTH
2026-03-12 19:08:28.510Z,1.2296,6,SYNTH
2026-03-12 19:08:29.119Z,1.2309,5,SYNTH
2026-03-12 19:08:30.592Z,1.2304,6,SYNTH
2026-03-12 19:08:31.507Z,1.2305,3,SYNTH
2026-03-12 19:08:32.636Z,1.2296,5,SYNTH
2026-03-12 19:07:33.280Z,1.2212,9,SYNTH
2026-03-12 19:07:34.552Z,1.2172,19,SYNTH
2026-03-12 19:07:35.266Z,1.2209,12,SYNTH
2026-03-12 19:07:36.621Z,1.2188,18,SYNTH
2026-03-12 19:07:37.181Z,1.2201,13,SYNTH
2026-03-12 19:07:38.613Z,1.2212,12,SYNTH
2026-03-12 19:07:39.531Z,1.2179,14,SYNTH
2026-03-12 19:07:40.400Z,1.2209,13,SYNTH
2026-03-12 19:07:41.867Z,1.2192,11,SYNTH
2026-03-12 19:07:42.262Z,1.2188,10,SYNTH
2026-03-12 19:07:43.849Z,1.2212,8,SYNTH
2026-03-12 19:07:44.484Z,1.2200,20,SYNTH
2026-03-12 19:07:45.522Z,1.2183,41,SYNTH
2026-03-12 19:07:46.126Z,1.2203,17,SYNTH
2026-03-12 19:07:47.538Z,1.2190,13,SYNTH
2026-03-12 19:07:48.625Z,1.2195,12,SYNTH
2026-03-12 19:07:49.057Z,1.2212,19,SYNTH
2026-03-12 19:07:50.131Z,1.2186,12,SYNTH
2026-03-12 19:07:51.535Z,1.2194,17,SYNTH
2026-03-12 19:07:52.292Z,1.2179,18,SYNTH
2026-03-12 19:07:53.746Z,1.2161,6,SYNTH
2026-03-12 19:07:54.643Z,1.2145,10,SYNTH
2026-03-12 19:07:55.376Z,1.2123,13,SYNTH
2026-03-12 19:07:56.288Z,1.2098,7,SYNTH
2026-03-12 19:07:57.255Z,1.2081,13,SYNTH
2026-03-12 19:07:58.614Z,1.2047,9,SYNTH
2026-03-12 19:07:59.142Z,1.2006,6,SYNTH
2026-03-12 19:08:00.373Z,1.1966,9,SYNTH
2026-03-12 19:08:01.812Z,1.1937,8,SYNTH
2026-03-12 19:08:02.883Z,1.1910,11,SYNTH
2026-03-12 19:08:03.076Z,1.1866,8,SYNTH
2026-03-12 19:08:04.769Z,1.1835,9,SYNTH
2026-03-12 19:08:05.532Z,1.1791,7,SYNTH
2026-03-12 19:08:06.138Z,1.1775,8,SYNTH
2026-03-12 19:08:07.488Z,1.1745,9,SYNTH
2026-03-12 19:08:08.536Z,1.1734,10,SYNTH
2026-03-12 19:08:09.674Z,1.1709,8,SYNTH
2026-03-12 19:08:10.754Z,1.1695,25,SYNTH
2026-03-12 19:08:11.566Z,1.1690,16,SYNTH
2026-03-12 19:08:12.736Z,1.1707,30,SYNTH
2026-03-12 19:08:13.029Z,1.1712,28,SYNTH
2026-03-12 19:08:14.674Z,1.1732,9,SYNTH
2026-03-12 19:08:15.291Z,1.1741,15,SYNTH
2026-03-12 19:08:16.429Z,1.1738,9,SYNTH
2026-03-12 19:08:17.788Z,1.1744,9,SYNTH
2026-03-12 19:08:18.729Z,1.1760,23,SYNTH
2026-03-12 19:08:19.083Z,1.1770,12,SYNTH
2026-03-12 19:08:20.320Z,1.1748,15,SYNTH
2026-03-12 19:08:21.297Z,1.1759,8,SYNTH
2026-03-12 19:08:22.717Z,1.1767,9,SYNTH
2026-03-12 19:08:23.075Z,1.1778,10,SYNTH
2026-03-12 19:08:24.473Z,1.1790,13,SYNTH
2026-03-12 19:08:25.604Z,1.1810,12,SYNTH
2026-03-12 19:08:26.763Z,1.1819,17,SYNTH
2026-03-12 19:08:27.519Z,1.1836,15,SYNTH
2026-03-12 19:08:28.837Z,1.1837,14,SYNTH
2026-03-12 19:08:29.117Z,1.1848,20,SYNTH
2026-03-12 19:08:30.546Z,1.1852,10,SYNTH
2026-03-12 19:08:31.480Z,1.1850,21,SYNTH
2026-03-12 19:08:32.803Z,1.1855,10,SYNTH
2026-03-12 19:07:33.339Z,1.1910,3,SYNTH
2026-03-12 19:07:34.699Z,1.1899,4,SYNTH
2026-03-12 19:07:35.560Z,1.1911,2,SYNTH
2026-03-12 19:07:36.100Z,1.1906,3,SYNTH
2026-03-12 19:07:37.725Z,1.1885,2,SYNTH
2026-03-12 19:07:38.286Z,1.1915,3,SYNTH
2026-03-12 19:07:39.186Z,1.1909,2,SYNTH
2026-03-12 19:07:40.615Z,1.1888,3,SYNTH
2026-03-12 19:07:41.279Z,1.1909,2,SYNTH
2026-03-12 19:07:42.092Z,1.1896,2,SYNTH
2026-03-12 19:07:43.044Z,1.1908,2,SYNTH
2026-03-12 19:07:44.052Z,1.1883,8,SYNTH
2026-03-12 19:07:45.320Z,1.1915,8,SYNTH
2026-03-12 19:07:46.155Z,1.1895,7,SYNTH
2026-03-12 19:07:47.543Z,1.1917,3,SYNTH
2026-03-12 19:07:48.795Z,1.1903,2,SYNTH
2026-03-12 19:07:49.674Z,1.1916,2,SYNTH
2026-03-12 19:07:50.407Z,1.1884,5,SYNTH
2026-03-12 19:07:51.882Z,1.1902,3,SYNTH
2026-03-12 19:07:52.153Z,1.1885,4,SYNTH
2026-03-12 19:07:53.587Z,1.1906,2,SYNTH
2026-03-12 19:07:54.588Z,1.1917,3,SYNTH
2026-03-12 19:07:55.511Z,1.1917,2,SYNTH
2026-03-12 19:07:56.352Z,1.1924,1,SYNTH
2026-03-12 19:07:57.014Z,1.1942,2,SYNTH
2026-03-12 19:07:58.583Z,1.1946,1,SYNTH
2026-03-12 19:07:59.557Z,1.1948,2,SYNTH
2026-03-12 19:08:00.166Z,1.1947,2,SYNTH
2026-03-12 19:08:01.469Z,1.1963,2,SYNTH
2026-03-12 19:08:02.025Z,1.1969,1,SYNTH
2026-03-12 19:08:03.042Z,1.1967,2,SYNTH
2026-03-12 19:08:04.749Z,1.1986,2,SYNTH
2026-03-12 19:08:05.013Z,1.1994,3,SYNTH
2026-03-12 19:08:06.500Z,1.1990,2,SYNTH
2026-03-12 19:08:07.719Z,1.2002,2,SYNTH
2026-03-12 19:08:08.604Z,1.2013,3,SYNTH
2026-03-12 19:08:09.174Z,1.1990,2,SYNTH
2026-03-12 19:08:10.224Z,1.2016,4,SYNTH
2026-03-12 19:08:11.131Z,1.1980,8,SYNTH
2026-03-12 19:08:12.552Z,1.2005,6,SYNTH
2026-03-12 19:08:13.586Z,1.1995,4,SYNTH
2026-03-12 19:08:14.125Z,1.1987,2,SYNTH
2026-03-12 19:08:15.828Z,1.1980,1,SYNTH
2026-03-12 19:08:16.761Z,1.1977,2,SYNTH
2026-03-12 19:08:17.379Z,1.1965,2,SYNTH
2026-03-12 19:08:18.696Z,1.1963,2,SYNTH
2026-03-12 19:08:19.619Z,1.1962,3,SYNTH
2026-03-12 19:08:20.390Z,1.1968,5,SYNTH
2026-03-12 19:08:21.252Z,1.1992,3,SYNTH
2026-03-12 19:08:22.566Z,1.1953,2,SYNTH
2026-03-12 19:08:23.322Z,1.1960,3,SYNTH
2026-03-12 19:08:24.001Z,1.1933,2,SYNTH
2026-03-12 19:08:25.492Z,1.1943,4,SYNTH
2026-03-12 19:08:26.877Z,1.1937,2,SYNTH
2026-03-12 19:08:27.377Z,1.1912,4,SYNTH
2026-03-12 19:08:28.598Z,1.1910,3,SYNTH
2026-03-12 19:08:29.204Z,1.1907,3,SYNTH
2026-03-12 19:08:30.232Z,1.1887,2,SYNTH
2026-03-12 19:08:31.717Z,1.1906,4,SYNTH
2026-03-12 19:08:32.755Z,1.1898,2,SYNTH
2026-03-12 19:07:33.783Z,1.1907,3,SYNTH
2026-03-12 19:07:34.134Z,1.1894,3,SYNTH
2026-03-12 19:07:35.253Z,1.1889,2,SYNTH
2026-03-12 19:07:36.155Z,1.1863,3,SYNTH
2026-03-12 19:07:37.104Z,1.1852,2,SYNTH
2026-03-12 19:07:38.048Z,1.1830,2,SYNTH
2026-03-12 19:07:39.117Z,1.1802,2,SYNTH
2026-03-12 19:07:40.536Z,1.1791,2,SYNTH
2026-03-12 19:07:41.011Z,1.1767,2,SYNTH
2026-03-12 19:07:42.288Z,1.1759,2,SYNTH
2026-03-12 19:07:43.507Z,1.1740,2,SYNTH
2026-03-12 19:07:44.708Z,1.1738,6,SYNTH
2026-03-12 19:07:45.315Z,1.1766,3,SYNTH
2026-03-12 19:07:46.613Z,1.1760,6,SYNTH
2026-03-12 19:07:47.705Z,1.1769,2,SYNTH
2026-03-12 19:07:48.676Z,1.1781,1,SYNTH
2026-03-12 19:07:49.848Z,1.1802,3,SYNTH
2026-03-12 19:07:50.570Z,1.1799,4,SYNTH
2026-03-12 19:07:51.182Z,1.1798,3,SYNTH
2026-03-12 19:07:52.660Z,1.1785,2,SYNTH
2026-03-12 19:07:53.765Z,1.1809,2,SYNTH
2026-03-12 19:07:54.184Z,1.1807,2,SYNTH
2026-03-12 19:07:55.480Z,1.1812,1,SYNTH
2026-03-12 19:07:56.323Z,1.1815,2,SYNTH
2026-03-12 19:07:57.116Z,1.1819,1,SYNTH
2026-03-12 19:07:58.302Z,1.1837,1,SYNTH
2026-03-12 19:07:59.587Z,1.1838,1,SYNTH
2026-03-12 19:08:00.408Z,1.1854,2,SYNTH
2026-03-12 19:08:01.860Z,1.1864,2,SYNTH
2026-03-12 19:08:02.516Z,1.1866,2,SYNTH
2026-03-12 19:08:03.025Z,1.1872,1,SYNTH
2026-03-12 19:08:04.675Z,1.1874,1,SYNTH
2026-03-12 19:08:05.775Z,1.1891,2,SYNTH
2026-03-12 19:08:06.180Z,1.1899,1,SYNTH
2026-03-12 19:08:07.515Z,1.1893,1,SYNTH
2026-03-12 19:08:08.692Z,1.1904,2,SYNTH
2026-03-12 19:08:09.791Z,1.1905,2,SYNTH
2026-03-12 19:08:10.451Z,1.1908,3,SYNTH
2026-03-12 19:08:11.898Z,1.1916,5,SYNTH
2026-03-12 19:08:12.867Z,1.1888,6,SYNTH
2026-03-12 19:08:13.739Z,1.1904,4,SYNTH
2026-03-12 19:08:14.087Z,1.1890,2,SYNTH
2026-03-12 19:08:15.000Z,1.1906,2,SYNTH
2026-03-12 19:08:16.685Z,1.1901,2,SYNTH
2026-03-12 19:08:17.728Z,1.1896,2,SYNTH
2026-03-12 19:08:18.595Z,1.1906,2,SYNTH
2026-03-12 19:08:19.745Z,1.1892,2,SYNTH
2026-03-12 19:08:20.850Z,1.1911,2,SYNTH
2026-03-12 19:08:21.515Z,1.1891,2,SYNTH
2026-03-12 19:08:22.212Z,1.1879,2,SYNTH
2026-03-12 19:08:23.779Z,1.1917,2,SYNTH
2026-03-12 19:08:24.130Z,1.1890,2,SYNTH
2026-03-12 19:08:25.261Z,1.1892,2,SYNTH
2026-03-12 19:08:26.120Z,1.1907,1,SYNTH
2026-03-12 19:08:27.409Z,1.1911,2,SYNTH
2026-03-12 19:08:28.099Z,1.1915,3,SYNTH
2026-03-12 19:08:29.039Z,1.1885,3,SYNTH
2026-03-12 19:08:30.223Z,1.1890,2,SYNTH
2026-03-12 19:08:31.376Z,1.1902,3,SYNTH
2026-03-12 19:08:32.356Z,1.1909,2,SYNTH
2026-03-12 19:07:33.112Z,1.1953,1,SYNTH
2026-03-12 19:07:34.328Z,1.1953,2,SYNTH
2026-03-12 19:07:35.431Z,1.1971,2,SYNTH
2026-03-12 19:07:36.750Z,1.1966,1,SYNTH
2026-03-12 19:07:37.847Z,1.1929,1,SYNTH
2026-03-12 19:07:38.850Z,1.1954,1,SYNTH
2026-03-12 19:07:39.419Z,1.1946,1,SYNTH
2026-03-12 19:07:40.598Z,1.1963,1,SYNTH
2026-03-12 19:07:41.190Z,1.1966,1,SYNTH
2026-03-12 19:07:42.254Z,1.1935,1,SYNTH
2026-03-12 19:07:43.539Z,1.1967,1,SYNTH
2026-03-12 19:07:44.024Z,1.1934,3,SYNTH
2026-03-12 19:07:45.555Z,1.1963,2,SYNTH
2026-03-12 19:07:46.214Z,1.1957,3,SYNTH
2026-03-12 19:07:47.109Z,1.1960,1,SYNTH
2026-03-12 19:07:48.368Z,1.1942,1,SYNTH
2026-03-12 19:07:49.511Z,1.1960,2,SYNTH
2026-03-12 19:07:50.563Z,1.1967,1,SYNTH
2026-03-12 19:07:51.444Z,1.1947,1,SYNTH
2026-03-12 19:07:52.153Z,1.1957,1,SYNTH
2026-03-12 19:07:53.040Z,1.1928,1,SYNTH
2026-03-12 19:07:54.557Z,1.1925,1,SYNTH
2026-03-12 19:07:55.206Z,1.1918,1,SYNTH
2026-03-12 19:07:56.797Z,1.1895,1,SYNTH
2026-03-12 19:07:57.117Z,1.1900,1,SYNTH
2026-03-12 19:07:58.731Z,1.1877,1,SYNTH
2026-03-12 19:07:59.219Z,1.1872,1,SYNTH
2026-03-12 19:08:00.650Z,1.1863,1,SYNTH
2026-03-12 19:08:01.452Z,1.1845,1,SYNTH
2026-03-12 19:08:02.408Z,1.1817,1,SYNTH
2026-03-12 19:08:03.646Z,1.1805,1,SYNTH
2026-03-12 19:08:04.218Z,1.1795,1,SYNTH
2026-03-12 19:08:05.824Z,1.1776,1,SYNTH
2026-03-12 19:08:06.640Z,1.1783,1,SYNTH
2026-03-12 19:08:07.713Z,1.1760,1,SYNTH
2026-03-12 19:08:08.300Z,1.1755,1,SYNTH
2026-03-12 19:08:09.436Z,1.1750,1,SYNTH
2026-03-12 19:08:10.601Z,1.1742,2,SYNTH
2026-03-12 19:08:11.626Z,1.1730,1,SYNTH
2026-03-12 19:08:12.133Z,1.1768,1,SYNTH
2026-03-12 19:08:13.576Z,1.1757,2,SYNTH
2026-03-12 19:08:14.025Z,1.1777,1,SYNTH
2026-03-12 19:08:15.294Z,1.1777,1,SYNTH
2026-03-12 19:08:16.753Z,1.1774,1,SYNTH
2026-03-12 19:08:17.058Z,1.1774,1,SYNTH
2026-03-12 19:08:18.738Z,1.1777,2,SYNTH
2026-03-12 19:08:19.899Z,1.1788,2,SYNTH
2026-03-12 19:08:20.142Z,1.1763,1,SYNTH
2026-03-12 19:08:21.893Z,1.1774,1,SYNTH
2026-03-12 19:08:22.127Z,1.1752,1,SYNTH
2026-03-12 19:08:23.244Z,1.1784,1,SYNTH
2026-03-12 19:08:24.143Z,1.1751,1,SYNTH
2026-03-12 19:08:25.098Z,1.1760,1,SYNTH
2026-03-12 19:08:26.073Z,1.1775,1,SYNTH
2026-03-12 19:08:27.398Z,1.1745,1,SYNTH
2026-03-12 19:08:28.781Z,1.1760,1,SYNTH
2026-03-12 19:08:29.081Z,1.1736,1,SYNTH
2026-03-12 19:08:30.324Z,1.1744,1,SYNTH
2026-03-12 19:08:31.143Z,1.1741,1,SYNTH
2026-03-12 19:08:32.720Z,1.1731,1,SYNTH
2026-03-12 19:07:33.423Z,1.1752,1,SYNTH
2026-03-12 19:07:34.826Z,1.1755,1,SYNTH
2026-03-12 19:07:35.176Z,1.1765,1,SYNTH
2026-03-12 19:07:36.645Z,1.1761,1,SYNTH
2026-03-12 19:07:37.344Z,1.1779,1,SYNTH
2026-03-12 19:07:38.451Z,1.1777,1,SYNTH
2026-03-12 19:07:39.126Z,1.1779,1,SYNTH
2026-03-12 19:07:40.673Z,1.1795,1,SYNTH
2026-03-12 19:07:41.809Z,1.1807,1,SYNTH
2026-03-12 19:07:42.309Z,1.1809,1,SYNTH
2026-03-12 19:07:43.839Z,1.1804,1,SYNTH
2026-03-12 19:07:44.647Z,1.1788,1,SYNTH
2026-03-12 19:07:45.661Z,1.1817,1,SYNTH
2026-03-12 19:07:46.737Z,1.1791,1,SYNTH
2026-03-12 19:07:47.148Z,1.1778,1,SYNTH
2026-03-12 19:07:48.778Z,1.1776,1,SYNTH
2026-03-12 19:07:49.891Z,1.1800,1,SYNTH
2026-03-12 19:07:50.816Z,1.1773,1,SYNTH
2026-03-12 19:07:51.009Z,1.1799,1,SYNTH
2026-03-12 19:07:52.818Z,1.1766,1,SYNTH
2026-03-12 19:07:53.660Z,1.1771,1,SYNTH
2026-03-12 19:07:54.536Z,1.1764,1,SYNTH
2026-03-12 19:07:55.159Z,1.1767,1,SYNTH
2026-03-12 19:07:56.814Z,1.1769,1,SYNTH
2026-03-12 19:07:57.596Z,1.1762,1,SYNTH
2026-03-12 19:07:58.633Z,1.1748,1,SYNTH
2026-03-12 19:07:59.084Z,1.1752,1,SYNTH
2026-03-12 19:08:00.088Z,1.1754,1,SYNTH
2026-03-12 19:08:01.897Z,1.1737,1,SYNTH
2026-03-12 19:08:02.591Z,1.1741,1,SYNTH
2026-03-12 19:08:03.821Z,1.1731,1,SYNTH
2026-03-12 19:08:04.654Z,1.1713,1,SYNTH
2026-03-12 19:08:05.424Z,1.1715,1,SYNTH
2026-03-12 19:08:06.167Z,1.1718,1,SYNTH
2026-03-12 19:08:07.396Z,1.1722,1,SYNTH
2026-03-12 19:08:08.812Z,1.1722,1,SYNTH
2026-03-12 19:08:09.048Z,1.1705,1,SYNTH
2026-03-12 19:08:10.697Z,1.1736,1,SYNTH
2026-03-12 19:08:11.327Z,1.1728,1,SYNTH
2026-03-12 19:08:12.136Z,1.1696,1,SYNTH
2026-03-12 19:08:13.158Z,1.1722,1,SYNTH
2026-03-12 19:08:14.836Z,1.1726,1,SYNTH
2026-03-12 19:08:15.418Z,1.1738,1,SYNTH
2026-03-12 19:08:16.354Z,1.1729,1,SYNTH
2026-03-12 19:08:17.599Z,1.1700,1,SYNTH
2026-03-12 19:08:18.788Z,1.1713,1,SYNTH
2026-03-12 19:08:19.415Z,1.1736,1,SYNTH
2026-03-12 19:08:20.070Z,1.1707,1,SYNTH
2026-03-12 19:08:21.284Z,1.1728,1,SYNTH
2026-03-12 19:08:22.642Z,1.1698,1,SYNTH
2026-03-12 19:08:23.672Z,1.1731,1,SYNTH
2026-03-12 19:08:24.036Z,1.1705,1,SYNTH
2026-03-12 19:08:25.592Z,1.1717,1,SYNTH
2026-03-12 19:08:26.390Z,1.1711,1,SYNTH
2026-03-12 19:08:27.819Z,1.1719,1,SYNTH
2026-03-12 19:08:28.467Z,1.1728,1,SYNTH
2026-03-12 19:08:29.081Z,1.1698,1,SYNTH
2026-03-12 19:08:30.086Z,1.1711,1,SYNTH
2026-03-12 19:08:31.108Z,1.1734,1,SYNTH
2026-03-12 19:08:32.116Z,1.1697,1,SYNTH
2026-03-12 19:07:33.038Z,1.1767,1,SYNTH
2026-03-12 19:07:34.374Z,1.1759,1,SYNTH
2026-03-12 19:07:35.173Z,1.1731,1,SYNTH
2026-03-12 19:07:36.372Z,1.1761,1,SYNTH
2026-03-12 19:07:37.117Z,1.1743,1,SYNTH
2026-03-12 19:07:38.423Z,1.1756,1,SYNTH
2026-03-12 19:07:39.450Z,1.1742,1,SYNTH
2026-03-12 19:07:40.173Z,1.1765,1,SYNTH
2026-03-12 19:07:41.362Z,1.1742,1,SYNTH
2026-03-12 19:07:42.755Z,1.1743,1,SYNTH
2026-03-12 19:07:43.491Z,1.1766,1,SYNTH
2026-03-12 19:07:44.019Z,1.1758,1,SYNTH
2026-03-12 19:07:45.024Z,1.1767,1,SYNTH
2026-03-12 19:07:46.220Z,1.1771,1,SYNTH
2026-03-12 19:07:47.548Z,1.1731,1,SYNTH
2026-03-12 19:07:48.515Z,1.1747,1,SYNTH
2026-03-12 19:07:49.635Z,1.1766,1,SYNTH
2026-03-12 19:07:50.563Z,1.1742,1,SYNTH
2026-03-12 19:07:51.108Z,1.1761,1,SYNTH
2026-03-12 19:07:52.487Z,1.1733,1,SYNTH
2026-03-12 19:07:53.686Z,1.1728,1,SYNTH
2026-03-12 19:07:54.526Z,1.1728,1,SYNTH
2026-03-12 19:07:55.444Z,1.1729,1,SYNTH
2026-03-12 19:07:56.236Z,1.1710,1,SYNTH
2026-03-12 19:07:57.848Z,1.1714,1,SYNTH
2026-03-12 19:07:58.741Z,1.1700,1,SYNTH
2026-03-12 19:07:59.763Z,1.1681,1,SYNTH
2026-03-12 19:08:00.479Z,1.1667,1,SYNTH
2026-03-12 19:08:01.306Z,1.1658,1,SYNTH
2026-03-12 19:08:02.850Z,1.1649,1,SYNTH
2026-03-12 19:08:03.428Z,1.1643,1,SYNTH
2026-03-12 19:08:04.266Z,1.1634,1,SYNTH
2026-03-12 19:08:05.522Z,1.1621,1,SYNTH
2026-03-12 19:08:06.863Z,1.1606,1,SYNTH
2026-03-12 19:08:07.241Z,1.1616,1,SYNTH
2026-03-12 19:08:08.722Z,1.1611,1,SYNTH
2026-03-12 19:08:09.757Z,1.1585,1,SYNTH
2026-03-12 19:08:10.244Z,1.1598,1,SYNTH
2026-03-12 19:08:11.752Z,1.1615,1,SYNTH
2026-03-12 19:08:12.897Z,1.1586,1,SYNTH
2026-03-12 19:08:13.095Z,1.1608,1,SYNTH
2026-03-12 19:08:14.852Z,1.1621,1,SYNTH
2026-03-12 19:08:15.227Z,1.1626,1,SYNTH
2026-03-12 19:08:16.660Z,1.1626,1,SYNTH
2026-03-12 19:08:17.601Z,1.1634,1,SYNTH
2026-03-12 19:08:18.832Z,1.1655,1,SYNTH
2026-03-12 19:08:19.828Z,1.1655,1,SYNTH
2026-03-12 19:08:20.683Z,1.1617,1,SYNTH
2026-03-12 19:08:21.327Z,1.1653,1,SYNTH
2026-03-12 19:08:22.748Z,1.1660,1,SYNTH
2026-03-12 19:08:23.561Z,1.1663,1,SYNTH
2026-03-12 19:08:24.230Z,1.1662,1,SYNTH
2026-03-12 19:08:25.472Z,1.1678,1,SYNTH
2026-03-12 19:08:26.878Z,1.1685,1,SYNTH
2026-03-12 19:08:27.340Z,1.1697,1,SYNTH
2026-03-12 19:08:28.033Z,1.1695,1,SYNTH
2026-03-12 19:08:29.320Z,1.1694,1,SYNTH
2026-03-12 19:08:30.627Z,1.1707,1,SYNTH
2026-03-12 19:08:31.034Z,1.1688,1,SYNTH
2026-03-12 19:08:32.019Z,1.1712,1,SYNTH
2026-03-12 19:07:33.796Z,1.1769,2,SYNTH
2026-03-12 19:07:34.852Z,1.1766,1,SYNTH
2026-03-12 19:07:35.794Z,1.1735,2,SYNTH
2026-03-12 19:07:36.101Z,1.1746,1,SYNTH
2026-03-12 19:07:37.590Z,1.1741,1,SYNTH
2026-03-12 19:07:38.157Z,1.1769,2,SYNTH
2026-03-12 19:07:39.282Z,1.1741,2,SYNTH
2026-03-12 19:07:40.352Z,1.1764,2,SYNTH
2026-03-12 19:07:41.542Z,1.1763,1,SYNTH
2026-03-12 19:07:42.333Z,1.1736,1,SYNTH
2026-03-12 19:07:43.101Z,1.1769,2,SYNTH
2026-03-12 19:07:44.273Z,1.1742,3,SYNTH
2026-03-12 19:07:45.394Z,1.1759,3,SYNTH
2026-03-12 19:07:46.797Z,1.1748,3,SYNTH
2026-03-12 19:07:47.239Z,1.1734,1,SYNTH
2026-03-12 19:07:48.792Z,1.1755,1,SYNTH
2026-03-12 19:07:49.705Z,1.1745,2,SYNTH
2026-03-12 19:07:50.527Z,1.1759,1,SYNTH
2026-03-12 19:07:51.691Z,1.1737,2,SYNTH
2026-03-12 19:07:52.416Z,1.1741,1,SYNTH
2026-03-12 19:07:53.338Z,1.1727,2,SYNTH
2026-03-12 19:07:54.658Z,1.1723,2,SYNTH
2026-03-12 19:07:55.249Z,1.1740,1,SYNTH
2026-03-12 19:07:56.353Z,1.1731,1,SYNTH
2026-03-12 19:07:57.728Z,1.1709,1,SYNTH
2026-03-12 19:07:58.097Z,1.1718,1,SYNTH
2026-03-12 19:07:59.607Z,1.1715,1,SYNTH
2026-03-12 19:08:00.171Z,1.1690,1,SYNTH
2026-03-12 19:08:01.711Z,1.1679,1,SYNTH
2026-03-12 19:08:02.015Z,1.1690,1,SYNTH
2026-03-12 19:08:03.075Z,1.1680,1,SYNTH
2026-03-12 19:08:04.147Z,1.1679,1,SYNTH
2026-03-12 19:08:05.194Z,1.1659,1,SYNTH
2026-03-12 19:08:06.855Z,1.1665,1,SYNTH
2026-03-12 19:08:07.456Z,1.1659,1,SYNTH
2026-03-12 19:08:08.311Z,1.1636,1,SYNTH
2026-03-12 19:08:09.743Z,1.1669,1,SYNTH
2026-03-12 19:08:10.642Z,1.1648,2,SYNTH
2026-03-12 19:08:11.478Z,1.1648,2,SYNTH
2026-03-12 19:08:12.043Z,1.1632,3,SYNTH
2026-03-12 19:08:13.538Z,1.1636,3,SYNTH
2026-03-12 19:08:14.687Z,1.1664,1,SYNTH
2026-03-12 19:08:15.204Z,1.1661,1,SYNTH
2026-03-12 19:08:16.383Z,1.1675,1,SYNTH
2026-03-12 19:08:17.230Z,1.1667,1,SYNTH
2026-03-12 19:08:18.708Z,1.1684,1,SYNTH
2026-03-12 19:08:19.385Z,1.1676,1,SYNTH
2026-03-12 19:08:20.231Z,1.1688,2,SYNTH
2026-03-12 19:08:21.680Z,1.1679,1,SYNTH
2026-03-12 19:08:22.011Z,1.1678,1,SYNTH
2026-03-12 19:08:23.417Z,1.1689,2,SYNTH
2026-03-12 19:08:24.682Z,1.1687,1,SYNTH
2026-03-12 19:08:25.779Z,1.1683,1,SYNTH
2026-03-12 19:08:26.756Z,1.1704,2,SYNTH
2026-03-12 19:08:27.103Z,1.1705,1,SYNTH
2026-03-12 19:08:28.162Z,1.1697,2,SYNTH
2026-03-12 19:08:29.236Z,1.1702,1,SYNTH
2026-03-12 19:08:30.748Z,1.1713,2,SYNTH
2026-03-12 19:08:31.070Z,1.1701,2,SYNTH
2026-03-12 19:08:32.474Z,1.1692,2,SYNTH
2026-03-12 19:07:33.851Z,1.1706,1,SYNTH
2026-03-12 19:07:34.270Z,1.1691,1,SYNTH
2026-03-12 19:07:35.435Z,1.1693,1,SYNTH
2026-03-12 19:07:36.229Z,1.1705,1,SYNTH
2026-03-12 19:07:37.254Z,1.1675,1,SYNTH
2026-03-12 19:07:38.780Z,1.1673,1,SYNTH
2026-03-12 19:07:39.857Z,1.1679,1,SYNTH
2026-03-12 19:07:40.762Z,1.1664,1,SYNTH
2026-03-12 19:07:41.094Z,1.1665,1,SYNTH
2026-03-12 19:07:42.480Z,1.1662,1,SYNTH
2026-03-12 19:07:43.589Z,1.1652,1,SYNTH
2026-03-12 19:07:44.408Z,1.1651,1,SYNTH
2026-03-12 19:07:45.474Z,1.1654,1,SYNTH
2026-03-12 19:07:46.561Z,1.1684,1,SYNTH
2026-03-12 19:07:47.555Z,1.1672,1,SYNTH
2026-03-12 19:07:48.220Z,1.1684,1,SYNTH
2026-03-12 19:07:49.468Z,1.1684,1,SYNTH
2026-03-12 19:07:50.817Z,1.1677,1,SYNTH
2026-03-12 19:07:51.254Z,1.1691,1,SYNTH
2026-03-12 19:07:52.480Z,1.1653,1,SYNTH
2026-03-12 19:07:53.161Z,1.1652,1,SYNTH
2026-03-12 19:07:54.150Z,1.1673,1,SYNTH
2026-03-12 19:07:55.594Z,1.1695,1,SYNTH
2026-03-12 19:07:56.295Z,1.1693,1,SYNTH
2026-03-12 19:07:57.299Z,1.1670,1,SYNTH
2026-03-12 19:07:58.202Z,1.1693,1,SYNTH
2026-03-12 19:07:59.466Z,1.1690,1,SYNTH
2026-03-12 19:08:00.760Z,1.1695,1,SYNTH
2026-03-12 19:08:01.349Z,1.1701,1,SYNTH
2026-03-12 19:08:02.845Z,1.1676,1,SYNTH
2026-03-12 19:08:03.218Z,1.1705,1,SYNTH
2026-03-12 19:08:04.734Z,1.1709,1,SYNTH
2026-03-12 19:08:05.121Z,1.1681,1,SYNTH
2026-03-12 19:08:06.491Z,1.1694,1,SYNTH
2026-03-12 19:08:07.867Z,1.1704,1,SYNTH
2026-03-12 19:08:08.099Z,1.1712,1,SYNTH
2026-03-12 19:08:09.747Z,1.1711,1,SYNTH
2026-03-12 19:08:10.193Z,1.1716,1,SYNTH
2026-03-12 19:08:11.065Z,1.1711,1,SYNTH
2026-03-12 19:08:12.466Z,1.1684,1,SYNTH
2026-03-12 19:08:13.194Z,1.1690,1,SYNTH
2026-03-12 19:08:14.264Z,1.1712,1,SYNTH
2026-03-12 19:08:15.813Z,1.1704,1,SYNTH
2026-03-12 19:08:16.305Z,1.1686,1,SYNTH
2026-03-12 19:08:17.794Z,1.1679,1,SYNTH
2026-03-12 19:08:18.079Z,1.1718,1,SYNTH
2026-03-12 19:08:19.308Z,1.1688,1,SYNTH
2026-03-12 19:08:20.204Z,1.1705,1,SYNTH
2026-03-12 19:08:21.514Z,1.1720,1,SYNTH
2026-03-12 19:08:22.433Z,1.1706,1,SYNTH
2026-03-12 19:08:23.318Z,1.1687,1,SYNTH
2026-03-12 19:08:24.277Z,1.1690,1,SYNTH
2026-03-12 19:08:25.413Z,1.1706,1,SYNTH
2026-03-12 19:08:26.659Z,1.1697,1,SYNTH
2026-03-12 19:08:27.159Z,1.1718,1,SYNTH
2026-03-12 19:08:28.055Z,1.1690,1,SYNTH
2026-03-12 19:08:29.075Z,1.1711,1,SYNTH
2026-03-12 19:08:30.868Z,1.1705,1,SYNTH
2026-03-12 19:08:31.831Z,1.1717,1,SYNTH
2026-03-12 19:08:32.647Z,1.1703,1,SYNTH
2026-03-12 19:07:33.380Z,1.1678,13,SYNTH
2026-03-12 19:07:34.801Z,1.1679,7,SYNTH
2026-03-12 19:07:35.722Z,1.1678,8,SYNTH
2026-03-12 19:07:36.651Z,1.1646,8,SYNTH
2026-03-12 19:07:37.819Z,1.1679,6,SYNTH
2026-03-12 19:07:38.737Z,1.1693,7,SYNTH
2026-03-12 19:07:39.768Z,1.1695,10,SYNTH
2026-03-12 19:07:40.623Z,1.1698,12,SYNTH
2026-03-12 19:07:41.770Z,1.1693,12,SYNTH
2026-03-12 19:07:42.709Z,1.1705,11,SYNTH
2026-03-12 19:07:43.431Z,1.1715,10,SYNTH
2026-03-12 19:07:44.255Z,1.1679,20,SYNTH
2026-03-12 19:07:45.645Z,1.1717,25,SYNTH
2026-03-12 19:07:46.742Z,1.1694,18,SYNTH
2026-03-12 19:07:47.625Z,1.1701,8,SYNTH
2026-03-12 19:07:48.164Z,1.1685,7,SYNTH
2026-03-12 19:07:49.549Z,1.1676,10,SYNTH
2026-03-12 19:07:50.024Z,1.1676,18,SYNTH
2026-03-12 19:07:51.749Z,1.1682,12,SYNTH
2026-03-12 19:07:52.757Z,1.1689,14,SYNTH
2026-03-12 19:07:53.093Z,1.1677,6,SYNTH
2026-03-12 19:07:54.672Z,1.1695,7,SYNTH
2026-03-12 19:07:55.373Z,1.1692,5,SYNTH
2026-03-12 19:07:56.041Z,1.1678,8,SYNTH
2026-03-12 19:07:57.387Z,1.1657,7,SYNTH
2026-03-12 19:07:58.777Z,1.1684,6,SYNTH
2026-03-12 19:07:59.384Z,1.1659,8,SYNTH
2026-03-12 19:08:00.076Z,1.1656,6,SYNTH
2026-03-12 19:08:01.155Z,1.1671,5,SYNTH
2026-03-12 19:08:02.366Z,1.1662,6,SYNTH
2026-03-12 19:08:03.846Z,1.1657,9,SYNTH
2026-03-12 19:08:04.124Z,1.1657,9,SYNTH
2026-03-12 19:08:05.822Z,1.1640,8,SYNTH
2026-03-12 19:08:06.200Z,1.1641,10,SYNTH
2026-03-12 19:08:07.450Z,1.1645,4,SYNTH
2026-03-12 19:08:08.223Z,1.1640,9,SYNTH
2026-03-12 19:08:09.745Z,1.1659,8,SYNTH
2026-03-12 19:08:10.193Z,1.1635,12,SYNTH
2026-03-12 19:08:11.647Z,1.1659,24,SYNTH
2026-03-12 19:08:12.137Z,1.1667,14,SYNTH
2026-03-12 19:08:13.218Z,1.1658,11,SYNTH
2026-03-12 19:08:14.434Z,1.1661,8,SYNTH
2026-03-12 19:08:15.337Z,1.1628,8,SYNTH
2026-03-12 19:08:16.379Z,1.1644,4,SYNTH
2026-03-12 19:08:17.341Z,1.1660,8,SYNTH
2026-03-12 19:08:18.210Z,1.1661,12,SYNTH
2026-03-12 19:08:19.789Z,1.1637,12,SYNTH
2026-03-12 19:08:20.348Z,1.1667,13,SYNTH
2026-03-12 19:08:21.752Z,1.1651,10,SYNTH
2026-03-12 19:08:22.495Z,1.1632,11,SYNTH
2026-03-12 19:08:23.227Z,1.1662,11,SYNTH
2026-03-12 19:08:24.025Z,1.1632,6,SYNTH
2026-03-12 19:08:25.753Z,1.1665,11,SYNTH
2026-03-12 19:08:26.566Z,1.1642,6,SYNTH
2026-03-12 19:08:27.203Z,1.1630,7,SYNTH
2026-03-12 19:08:28.073Z,1.1649,8,SYNTH
2026-03-12 19:08:29.461Z,1.1633,14,SYNTH
2026-03-12 19:08:30.753Z,1.1655,11,SYNTH
2026-03-12 19:08:31.104Z,1.1652,12,SYNTH
2026-03-12 19:08:32.390Z,1.1637,12,SYNTH
2026-03-12 19:07:33.585Z,1.1770,1,SYNTH
2026-03-12 19:07:34.484Z,1.1733,1,SYNTH
2026-03-12 19:07:35.805Z,1.1772,1,SYNTH
2026-03-12 19:07:36.166Z,1.1736,1,SYNTH
2026-03-12 19:07:37.790Z,1.1766,1,SYNTH
2026-03-12 19:07:38.031Z,1.1746,1,SYNTH
2026-03-12 19:07:39.689Z,1.1757,1,SYNTH
2026-03-12 19:07:40.402Z,1.1746,1,SYNTH
2026-03-12 19:07:41.412Z,1.1733,1,SYNTH
2026-03-12 19:07:42.598Z,1.1746,1,SYNTH
2026-03-12 19:07:43.650Z,1.1764,1,SYNTH
2026-03-12 19:07:44.851Z,1.1750,1,SYNTH
2026-03-12 19:07:45.006Z,1.1760,1,SYNTH
2026-03-12 19:07:46.060Z,1.1737,1,SYNTH
2026-03-12 19:07:47.415Z,1.1768,1,SYNTH
2026-03-12 19:07:48.196Z,1.1750,1,SYNTH
2026-03-12 19:07:49.043Z,1.1754,1,SYNTH
2026-03-12 19:07:50.578Z,1.1758,1,SYNTH
2026-03-12 19:07:51.141Z,1.1743,1,SYNTH
2026-03-12 19:07:52.281Z,1.1752,1,SYNTH
2026-03-12 19:07:53.753Z,1.1759,1,SYNTH
2026-03-12 19:07:54.515Z,1.1734,1,SYNTH
2026-03-12 19:07:55.237Z,1.1768,1,SYNTH
2026-03-12 19:07:56.485Z,1.1767,1,SYNTH
2026-03-12 19:07:57.715Z,1.1735,1,SYNTH
2026-03-12 19:07:58.267Z,1.1762,1,SYNTH
2026-03-12 19:07:59.047Z,1.1756,1,SYNTH
2026-03-12 19:08:00.542Z,1.1742,1,SYNTH
2026-03-12 19:08:01.186Z,1.1729,1,SYNTH
2026-03-12 19:08:02.500Z,1.1756,1,SYNTH
2026-03-12 19:08:03.259Z,1.1735,1,SYNTH
2026-03-12 19:08:04.534Z,1.1753,1,SYNTH
2026-03-12 19:08:05.258Z,1.1754,1,SYNTH
2026-03-12 19:08:06.126Z,1.1756,1,SYNTH
2026-03-12 19:08:07.214Z,1.1763,1,SYNTH
2026-03-12 19:08:08.577Z,1.1769,1,SYNTH
2026-03-12 19:08:09.174Z,1.1734,1,SYNTH
2026-03-12 19:08:10.729Z,1.1760,1,SYNTH
2026-03-12 19:08:11.444Z,1.1732,1,SYNTH
2026-03-12 19:08:12.476Z,1.1766,1,SYNTH
2026-03-12 19:08:13.546Z,1.1771,1,SYNTH
2026-03-12 19:08:14.724Z,1.1767,1,SYNTH
2026-03-12 19:08:15.007Z,1.1728,1,SYNTH
2026-03-12 19:08:16.749Z,1.1757,1,SYNTH
2026-03-12 19:08:17.210Z,1.1767,1,SYNTH
2026-03-12 19:08:18.468Z,1.1731,1,SYNTH
2026-03-12 19:08:19.846Z,1.1732,1,SYNTH
2026-03-12 19:08:20.742Z,1.1738,1,SYNTH
2026-03-12 19:08:21.390Z,1.1760,1,SYNTH
2026-03-12 19:08:22.740Z,1.1759,1,SYNTH
2026-03-12 19:08:23.536Z,1.1744,1,SYNTH
2026-03-12 19:08:24.084Z,1.1759,1,SYNTH
2026-03-12 19:08:25.574Z,1.1745,1,SYNTH
2026-03-12 19:08:26.704Z,1.1753,1,SYNTH
2026-03-12 19:08:27.328Z,1.1751,1,SYNTH
2026-03-12 19:08:28.668Z,1.1773,1,SYNTH
2026-03-12 19:08:29.769Z,1.1741,1,SYNTH
2026-03-12 19:08:30.232Z,1.1731,1,SYNTH
2026-03-12 19:08:31.216Z,1.1771,1,SYNTH
2026-03-12 19:08:32.071Z,1.1746,1,SYNTH
2026-03-12 19:07:33.181Z,1.1801,1,SYNTH
2026-03-12 19:07:34.059Z,1.1802,1,SYNTH
2026-03-12 19:07:35.250Z,1.1765,1,SYNTH
2026-03-12 19:07:36.805Z,1.1791,1,SYNTH
2026-03-12 19:07:37.699Z,1.1766,1,SYNTH
2026-03-12 19:07:38.857Z,1.1808,1,SYNTH
2026-03-12 19:07:39.808Z,1.1770,1,SYNTH
2026-03-12 19:07:40.860Z,1.1792,1,SYNTH
2026-03-12 19:07:41.479Z,1.1786,1,SYNTH
2026-03-12 19:07:42.262Z,1.1771,1,SYNTH
2026-03-12 19:07:43.294Z,1.1801,1,SYNTH
2026-03-12 19:07:44.817Z,1.1804,1,SYNTH
2026-03-12 19:07:45.784Z,1.1785,1,SYNTH
2026-03-12 19:07:46.554Z,1.1768,1,SYNTH
2026-03-12 19:07:47.585Z,1.1778,1,SYNTH
2026-03-12 19:07:48.014Z,1.1804,1,SYNTH
2026-03-12 19:07:49.327Z,1.1775,1,SYNTH
2026-03-12 19:07:50.286Z,1.1794,1,SYNTH
2026-03-12 19:07:51.061Z,1.1794,1,SYNTH
2026-03-12 19:07:52.364Z,1.1773,1,SYNTH
2026-03-12 19:07:53.304Z,1.1801,1,SYNTH
2026-03-12 19:07:54.342Z,1.1782,1,SYNTH
2026-03-12 19:07:55.527Z,1.1798,1,SYNTH
2026-03-12 19:07:56.511Z,1.1780,1,SYNTH
2026-03-12 19:07:57.345Z,1.1792,1,SYNTH
2026-03-12 19:07:58.811Z,1.1796,1,SYNTH
2026-03-12 19:07:59.529Z,1.1801,1,SYNTH
2026-03-12 19:08:00.311Z,1.1798,1,SYNTH
2026-03-12 19:08:01.682Z,1.1786,1,SYNTH
2026-03-12 19:08:02.616Z,1.1807,1,SYNTH
2026-03-12 19:08:03.143Z,1.1793,1,SYNTH
2026-03-12 19:08:04.446Z,1.1814,1,SYNTH
2026-03-12 19:08:05.095Z,1.1778,1,SYNTH
2026-03-12 19:08:06.331Z,1.1799,1,SYNTH
2026-03-12 19:08:07.758Z,1.1814,1,SYNTH
2026-03-12 19:08:08.512Z,1.1807,1,SYNTH
2026-03-12 19:08:09.012Z,1.1778,1,SYNTH
2026-03-12 19:08:10.400Z,1.1820,1,SYNTH
2026-03-12 19:08:11.828Z,1.1779,1,SYNTH
2026-03-12 19:08:12.267Z,1.1809,1,SYNTH
2026-03-12 19:08:13.501Z,1.1795,1,SYNTH
2026-03-12 19:08:14.400Z,1.1785,1,SYNTH
2026-03-12 19:08:15.622Z,1.1817,1,SYNTH
2026-03-12 19:08:16.663Z,1.1793,1,SYNTH
2026-03-12 19:08:17.846Z,1.1802,1,SYNTH
2026-03-12 19:08:18.634Z,1.1786,1,SYNTH
2026-03-12 19:08:19.342Z,1.1814,1,SYNTH
2026-03-12 19:08:20.648Z,1.1811,1,SYNTH
2026-03-12 19:08:21.218Z,1.1806,1,SYNTH
2026-03-12 19:08:22.807Z,1.1808,1,SYNTH
2026-03-12 19:08:23.347Z,1.1787,1,SYNTH
2026-03-12 19:08:24.846Z,1.1803,1,SYNTH
2026-03-12 19:08:25.845Z,1.1802,1,SYNTH
2026-03-12 19:08:26.069Z,1.1781,1,SYNTH
2026-03-12 19:08:27.841Z,1.1811,1,SYNTH
2026-03-12 19:08:28.150Z,1.1784,1,SYNTH
2026-03-12 19:08:29.814Z,1.1802,1,SYNTH
2026-03-12 19:08:30.611Z,1.1796,1,SYNTH
2026-03-12 19:08:31.666Z,1.1817,1,SYNTH
2026-03-12 19:08:32.395Z,1.1783,1,SYNTH
2026-03-12 19:07:33.304Z,1.1835,1,SYNTH
2026-03-12 19:07:34.229Z,1.1826,1,SYNTH
2026-03-12 19:07:35.828Z,1.1819,1,SYNTH
2026-03-12 19:07:36.483Z,1.1824,1,SYNTH
2026-03-12 19:07:37.776Z,1.1829,1,SYNTH
2026-03-12 19:07:38.325Z,1.1820,1,SYNTH
2026-03-12 19:07:39.881Z,1.1829,1,SYNTH
2026-03-12 19:07:40.711Z,1.1814,1,SYNTH
2026-03-12 19:07:41.044Z,1.1837,1,SYNTH
2026-03-12 19:07:42.200Z,1.1806,1,SYNTH
2026-03-12 19:07:43.425Z,1.1819,1,SYNTH
2026-03-12 19:07:44.031Z,1.1826,1,SYNTH
2026-03-12 19:07:45.378Z,1.1824,1,SYNTH
2026-03-12 19:07:46.606Z,1.1825,1,SYNTH
2026-03-12 19:07:47.505Z,1.1821,1,SYNTH
2026-03-12 19:07:48.245Z,1.1826,1,SYNTH
2026-03-12 19:07:49.874Z,1.1811,1,SYNTH
2026-03-12 19:07:50.762Z,1.1806,1,SYNTH
2026-03-12 19:07:51.576Z,1.1828,1,SYNTH
2026-03-12 19:07:52.543Z,1.1820,1,SYNTH
2026-03-12 19:07:53.291Z,1.1811,1,SYNTH
2026-03-12 19:07:54.402Z,1.1834,1,SYNTH
2026-03-12 19:07:55.354Z,1.1804,1,SYNTH
2026-03-12 19:07:56.821Z,1.1804,1,SYNTH
2026-03-12 19:07:57.262Z,1.1806,1,SYNTH
2026-03-12 19:07:58.249Z,1.1827,1,SYNTH
2026-03-12 19:07:59.449Z,1.1810,1,SYNTH
2026-03-12 19:08:00.852Z,1.1810,1,SYNTH
2026-03-12 19:08:01.861Z,1.1831,1,SYNTH
2026-03-12 19:08:02.728Z,1.1793,1,SYNTH
2026-03-12 19:08:03.759Z,1.1822,1,SYNTH
2026-03-12 19:08:04.496Z,1.1816,1,SYNTH
2026-03-12 19:08:05.641Z,1.1791,1,SYNTH
2026-03-12 19:08:06.517Z,1.1790,1,SYNTH
2026-03-12 19:08:07.807Z,1.1788,1,SYNTH
2026-03-12 19:08:08.511Z,1.1816,1,SYNTH
2026-03-12 19:08:09.504Z,1.1791,1,SYNTH
2026-03-12 19:08:10.742Z,1.1805,1,SYNTH
2026-03-12 19:08:11.667Z,1.1783,1,SYNTH
2026-03-12 19:08:12.070Z,1.1808,1,SYNTH
2026-03-12 19:08:13.574Z,1.1787,1,SYNTH
2026-03-12 19:08:14.388Z,1.1780,1,SYNTH
2026-03-12 19:08:15.748Z,1.1819,1,SYNTH
2026-03-12 19:08:16.734Z,1.1787,1,SYNTH
2026-03-12 19:08:17.134Z,1.1815,1,SYNTH
2026-03-12 19:08:18.684Z,1.1786,1,SYNTH
2026-03-12 19:08:19.418Z,1.1799,1,SYNTH
2026-03-12 19:08:20.185Z,1.1801,1,SYNTH
2026-03-12 19:08:21.103Z,1.1808,1,SYNTH
2026-03-12 19:08:22.424Z,1.1810,1,SYNTH
2026-03-12 19:08:23.223Z,1.1804,1,SYNTH
2026-03-12 19:08:24.688Z,1.1793,1,SYNTH
2026-03-12 19:08:25.421Z,1.1792,1,SYNTH
2026-03-12 19:08:26.427Z,1.1814,1,SYNTH
2026-03-12 19:08:27.038Z,1.1784,1,SYNTH
2026-03-12 19:08:28.582Z,1.1803,1,SYNTH
2026-03-12 19:08:29.644Z,1.1779,1,SYNTH
2026-03-12 19:08:30.175Z,1.1782,1,SYNTH
2026-03-12 19:08:31.570Z,1.1811,1,SYNTH
2026-03-12 19:08:32.484Z,1.1818,1,SYNTH
2026-03-12 19:07:33.389Z,1.1833,1,SYNTH
2026-03-12 19:07:34.586Z,1.1837,1,SYNTH
2026-03-12 19:07:35.685Z,1.1818,1,SYNTH
2026-03-12 19:07:36.277Z,1.1835,1,SYNTH
2026-03-12 19:07:37.320Z,1.1837,1,SYNTH
2026-03-12 19:07:38.701Z,1.1825,1,SYNTH
2026-03-12 19:07:39.332Z,1.1830,1,SYNTH
2026-03-12 19:07:40.392Z,1.1843,1,SYNTH
2026-03-12 19:07:41.897Z,1.1816,1,SYNTH
2026-03-12 19:07:42.705Z,1.1836,1,SYNTH
2026-03-12 19:07:43.074Z,1.1845,1,SYNTH
2026-03-12 19:07:44.820Z,1.1840,1,SYNTH
2026-03-12 19:07:45.144Z,1.1812,1,SYNTH
2026-03-12 19:07:46.014Z,1.1811,1,SYNTH
2026-03-12 19:07:47.722Z,1.1813,1,SYNTH
2026-03-12 19:07:48.851Z,1.1841,1,SYNTH
2026-03-12 19:07:49.838Z,1.1847,1,SYNTH
2026-03-12 19:07:50.240Z,1.1813,1,SYNTH
2026-03-12 19:07:51.563Z,1.1839,1,SYNTH
2026-03-12 19:07:52.098Z,1.1816,1,SYNTH
2026-03-12 19:07:53.045Z,1.1839,1,SYNTH
2026-03-12 19:07:54.355Z,1.1823,1,SYNTH
2026-03-12 19:07:55.412Z,1.1841,1,SYNTH
2026-03-12 19:07:56.441Z,1.1846,1,SYNTH
2026-03-12 19:07:57.248Z,1.1814,1,SYNTH
2026-03-12 19:07:58.424Z,1.1831,1,SYNTH
2026-03-12 19:07:59.215Z,1.1817,1,SYNTH
2026-03-12 19:08:00.097Z,1.1838,1,SYNTH
2026-03-12 19:08:01.081Z,1.1846,1,SYNTH
2026-03-12 19:08:02.478Z,1.1808,1,SYNTH
2026-03-12 19:08:03.780Z,1.1832,1,SYNTH
2026-03-12 19:08:04.066Z,1.1830,1,SYNTH
2026-03-12 19:08:05.811Z,1.1842,1,SYNTH
2026-03-12 19:08:06.754Z,1.1814,1,SYNTH
2026-03-12 19:08:07.202Z,1.1844,1,SYNTH
2026-03-12 19:08:08.552Z,1.1827,1,SYNTH
2026-03-12 19:08:09.146Z,1.1812,1,SYNTH
2026-03-12 19:08:10.248Z,1.1815,1,SYNTH
2026-03-12 19:08:11.820Z,1.1838,1,SYNTH
2026-03-12 19:08:12.420Z,1.1851,1,SYNTH
2026-03-12 19:08:13.884Z,1.1826,1,SYNTH
2026-03-12 19:08:14.609Z,1.1843,1,SYNTH
2026-03-12 19:08:15.461Z,1.1825,1,SYNTH
2026-03-12 19:08:16.691Z,1.1835,1,SYNTH
2026-03-12 19:08:17.564Z,1.1839,1,SYNTH
2026-03-12 19:08:18.160Z,1.1812,1,SYNTH
2026-03-12 19:08:19.576Z,1.1850,1,SYNTH
2026-03-12 19:08:20.161Z,1.1843,1,SYNTH
2026-03-12 19:08:21.606Z,1.1824,1,SYNTH
2026-03-12 19:08:22.721Z,1.1846,1,SYNTH
2026-03-12 19:08:23.453Z,1.1816,1,SYNTH
2026-03-12 19:08:24.514Z,1.1822,1,SYNTH
2026-03-12 19:08:25.332Z,1.1847,1,SYNTH
2026-03-12 19:08:26.097Z,1.1822,1,SYNTH
2026-03-12 19:08:27.569Z,1.1841,1,SYNTH
2026-03-12 19:08:28.743Z,1.1844,1,SYNTH
2026-03-12 19:08:29.844Z,1.1824,1,SYNTH
2026-03-12 19:08:30.009Z,1.1816,1,SYNTH
2026-03-12 19:08:31.003Z,1.1834,1,SYNTH
2026-03-12 19:08:32.138Z,1.1824,1,SYNTH
2026-03-12 19:07:33.254Z,1.1739,1,SYNTH
2026-03-12 19:07:34.501Z,1.1745,1,SYNTH
2026-03-12 19:07:35.293Z,1.1737,1,SYNTH
2026-03-12 19:07:36.241Z,1.1761,1,SYNTH
2026-03-12 19:07:37.276Z,1.1758,1,SYNTH
2026-03-12 19:07:38.551Z,1.1758,1,SYNTH
2026-03-12 19:07:39.894Z,1.1770,1,SYNTH
2026-03-12 19:07:40.672Z,1.1781,1,SYNTH
2026-03-12 19:07:41.497Z,1.1796,1,SYNTH
2026-03-12 19:07:42.013Z,1.1798,1,SYNTH
2026-03-12 19:07:43.742Z,1.1799,1,SYNTH
2026-03-12 19:07:44.732Z,1.1802,4,SYNTH
2026-03-12 19:07:45.702Z,1.1800,3,SYNTH
2026-03-12 19:07:46.398Z,1.1775,2,SYNTH
2026-03-12 19:07:47.143Z,1.1771,1,SYNTH
2026-03-12 19:07:48.250Z,1.1762,1,SYNTH
2026-03-12 19:07:49.685Z,1.1761,1,SYNTH
2026-03-12 19:07:50.083Z,1.1761,1,SYNTH
2026-03-12 19:07:51.863Z,1.1766,2,SYNTH
2026-03-12 19:07:52.139Z,1.1758,1,SYNTH
2026-03-12 19:07:53.081Z,1.1758,1,SYNTH
2026-03-12 19:07:54.584Z,1.1746,1,SYNTH
2026-03-12 19:07:55.549Z,1.1781,1,SYNTH
2026-03-12 19:07:56.395Z,1.1745,1,SYNTH
2026-03-12 19:07:57.603Z,1.1742,1,SYNTH
2026-03-12 19:07:58.379Z,1.1735,1,SYNTH
2026-03-12 19:07:59.346Z,1.1729,1,SYNTH
2026-03-12 19:08:00.355Z,1.1733,1,SYNTH
2026-03-12 19:08:01.040Z,1.1734,1,SYNTH
2026-03-12 19:08:02.294Z,1.1715,1,SYNTH
2026-03-12 19:08:03.254Z,1.1724,1,SYNTH
2026-03-12 19:08:04.599Z,1.1704,1,SYNTH
2026-03-12 19:08:05.231Z,1.1713,1,SYNTH
2026-03-12 19:08:06.149Z,1.1699,1,SYNTH
2026-03-12 19:08:07.887Z,1.1694,1,SYNTH
2026-03-12 19:08:08.362Z,1.1683,1,SYNTH
2026-03-12 19:08:09.883Z,1.1720,1,SYNTH
2026-03-12 19:08:10.196Z,1.1689,2,SYNTH
2026-03-12 19:08:11.530Z,1.1705,2,SYNTH
2026-03-12 19:08:12.878Z,1.1714,2,SYNTH
2026-03-12 19:08:13.843Z,1.1709,1,SYNTH
2026-03-12 19:08:14.424Z,1.1711,1,SYNTH
2026-03-12 19:08:15.481Z,1.1709,1,SYNTH
2026-03-12 19:08:16.338Z,1.1716,1,SYNTH
2026-03-12 19:08:17.228Z,1.1700,1,SYNTH
2026-03-12 19:08:18.288Z,1.1713,1,SYNTH
2026-03-12 19:08:19.721Z,1.1685,1,SYNTH
2026-03-12 19:08:20.236Z,1.1713,2,SYNTH
2026-03-12 19:08:21.032Z,1.1685,1,SYNTH
2026-03-12 19:08:22.555Z,1.1725,1,SYNTH
2026-03-12 19:08:23.805Z,1.1689,2,SYNTH
2026-03-12 19:08:24.203Z,1.1701,1,SYNTH
2026-03-12 19:08:25.534Z,1.1717,1,SYNTH
2026-03-12 19:08:26.564Z,1.1682,2,SYNTH
2026-03-12 19:08:27.864Z,1.1714,1,SYNTH
2026-03-12 19:08:28.245Z,1.1685,1,SYNTH
2026-03-12 19:08:29.161Z,1.1712,1,SYNTH
2026-03-12 19:08:30.322Z,1.1698,1,SYNTH
2026-03-12 19:08:31.464Z,1.1719,1,SYNTH
2026-03-12 19:08:32.311Z,1.1688,2,SYNTH
2026-03-12 19:07:33.070Z,1.1702,2,SYNTH
2026-03-12 19:07:34.527Z,1.1684,3,SYNTH
2026-03-12 19:07:35.760Z,1.1683,2,SYNTH
2026-03-12 19:07:36.104Z,1.1703,2,SYNTH
2026-03-12 19:07:37.401Z,1.1706,2,SYNTH
2026-03-12 19:07:38.563Z,1.1683,3,SYNTH
2026-03-12 19:07:39.057Z,1.1708,3,SYNTH
2026-03-12 19:07:40.797Z,1.1697,3,SYNTH
2026-03-12 19:07:41.751Z,1.1721,2,SYNTH
2026-03-12 19:07:42.804Z,1.1697,2,SYNTH
2026-03-12 19:07:43.438Z,1.1704,2,SYNTH
2026-03-12 19:07:44.321Z,1.1688,5,SYNTH
2026-03-12 19:07:45.721Z,1.1706,5,SYNTH
2026-03-12 19:07:46.829Z,1.1688,3,SYNTH
2026-03-12 19:07:47.034Z,1.1707,2,SYNTH
2026-03-12 19:07:48.391Z,1.1708,3,SYNTH
2026-03-12 19:07:49.666Z,1.1715,3,SYNTH
2026-03-12 19:07:50.517Z,1.1679,2,SYNTH
2026-03-12 19:07:51.820Z,1.1704,4,SYNTH
2026-03-12 19:07:52.224Z,1.1720,3,SYNTH
2026-03-12 19:07:53.825Z,1.1725,2,SYNTH
2026-03-12 19:07:54.844Z,1.1723,2,SYNTH
2026-03-12 19:07:55.798Z,1.1731,2,SYNTH
2026-03-12 19:07:56.686Z,1.1738,1,SYNTH
2026-03-12 19:07:57.270Z,1.1745,2,SYNTH
2026-03-12 19:07:58.465Z,1.1747,2,SYNTH
2026-03-12 19:07:59.223Z,1.1760,2,SYNTH
2026-03-12 19:08:00.893Z,1.1779,2,SYNTH
2026-03-12 19:08:01.357Z,1.1781,2,SYNTH
2026-03-12 19:08:02.669Z,1.1795,2,SYNTH
2026-03-12 19:08:03.697Z,1.1812,2,SYNTH
2026-03-12 19:08:04.289Z,1.1812,2,SYNTH
2026-03-12 19:08:05.279Z,1.1827,2,SYNTH
2026-03-12 19:08:06.458Z,1.1843,2,SYNTH
2026-03-12 19:08:07.616Z,1.1836,2,SYNTH
2026-03-12 19:08:08.247Z,1.1852,2,SYNTH
2026-03-12 19:08:09.571Z,1.1850,3,SYNTH
2026-03-12 19:08:10.531Z,1.1849,6,SYNTH
2026-03-12 19:08:11.816Z,1.1862,4,SYNTH
2026-03-12 19:08:12.489Z,1.1843,5,SYNTH
2026-03-12 19:08:13.311Z,1.1844,7,SYNTH
2026-03-12 19:08:14.637Z,1.1830,2,SYNTH
2026-03-12 19:08:15.326Z,1.1859,3,SYNTH
2026-03-12 19:08:16.542Z,1.1836,2,SYNTH
2026-03-12 19:08:17.750Z,1.1833,2,SYNTH
2026-03-12 19:08:18.717Z,1.1827,4,SYNTH
2026-03-12 19:08:19.252Z,1.1819,2,SYNTH
2026-03-12 19:08:20.390Z,1.1823,4,SYNTH
2026-03-12 19:08:21.067Z,1.1848,2,SYNTH
2026-03-12 19:08:22.680Z,1.1827,3,SYNTH
2026-03-12 19:08:23.674Z,1.1824,2,SYNTH
2026-03-12 19:08:24.291Z,1.1819,3,SYNTH
2026-03-12 19:08:25.745Z,1.1801,3,SYNTH
2026-03-12 19:08:26.366Z,1.1798,2,SYNTH
2026-03-12 19:08:27.258Z,1.1807,2,SYNTH
2026-03-12 19:08:28.275Z,1.1789,2,SYNTH
2026-03-12 19:08:29.412Z,1.1805,2,SYNTH
2026-03-12 19:08:30.124Z,1.1783,4,SYNTH
2026-03-12 19:08:31.548Z,1.1797,2,SYNTH
2026-03-12 19:08:32.629Z,1.1787,3,SYNTH
2026-03-12 19:07:33.120Z,1.1815,1,SYNTH
2026-03-12 19:07:34.614Z,1.1817,1,SYNTH
2026-03-12 19:07:35.315Z,1.1783,1,SYNTH
2026-03-12 19:07:36.279Z,1.1789,1,SYNTH
2026-03-12 19:07:37.465Z,1.1821,1,SYNTH
2026-03-12 19:07:38.893Z,1.1788,1,SYNTH
2026-03-12 19:07:39.050Z,1.1813,1,SYNTH
2026-03-12 19:07:40.797Z,1.1805,1,SYNTH
2026-03-12 19:07:41.654Z,1.1813,1,SYNTH
2026-03-12 19:07:42.519Z,1.1779,1,SYNTH
2026-03-12 19:07:43.770Z,1.1808,1,SYNTH
2026-03-12 19:07:44.336Z,1.1817,1,SYNTH
2026-03-12 19:07:45.419Z,1.1793,1,SYNTH
2026-03-12 19:07:46.271Z,1.1805,2,SYNTH
2026-03-12 19:07:47.590Z,1.1795,1,SYNTH
2026-03-12 19:07:48.421Z,1.1811,1,SYNTH
2026-03-12 19:07:49.182Z,1.1794,1,SYNTH
2026-03-12 19:07:50.739Z,1.1808,1,SYNTH
2026-03-12 19:07:51.023Z,1.1793,1,SYNTH
2026-03-12 19:07:52.000Z,1.1805,1,SYNTH
2026-03-12 19:07:53.280Z,1.1808,1,SYNTH
2026-03-12 19:07:54.281Z,1.1821,1,SYNTH
2026-03-12 19:07:55.865Z,1.1821,1,SYNTH
2026-03-12 19:07:56.518Z,1.1831,1,SYNTH
2026-03-12 19:07:57.738Z,1.1819,1,SYNTH
2026-03-12 19:07:58.523Z,1.1837,1,SYNTH
2026-03-12 19:07:59.520Z,1.1829,1,SYNTH
2026-03-12 19:08:00.736Z,1.1836,1,SYNTH
2026-03-12 19:08:01.791Z,1.1844,1,SYNTH
2026-03-12 19:08:02.306Z,1.1842,1,SYNTH
2026-03-12 19:08:03.447Z,1.1858,1,SYNTH
2026-03-12 19:08:04.843Z,1.1866,1,SYNTH
2026-03-12 19:08:05.683Z,1.1865,1,SYNTH
2026-03-12 19:08:06.491Z,1.1876,1,SYNTH
2026-03-12 19:08:07.324Z,1.1883,1,SYNTH
2026-03-12 19:08:08.526Z,1.1887,1,SYNTH
2026-03-12 19:08:09.573Z,1.1854,1,SYNTH
2026-03-12 19:08:10.735Z,1.1874,1,SYNTH
2026-03-12 19:08:11.649Z,1.1884,1,SYNTH
2026-03-12 19:08:12.081Z,1.1865,1,SYNTH
2026-03-12 19:08:13.120Z,1.1889,1,SYNTH
2026-03-12 19:08:14.740Z,1.1867,1,SYNTH
2026-03-12 19:08:15.767Z,1.1846,1,SYNTH
2026-03-12 19:08:16.454Z,1.1849,1,SYNTH
2026-03-12 19:08:17.443Z,1.1859,1,SYNTH
2026-03-12 19:08:18.385Z,1.1848,1,SYNTH
2026-03-12 19:08:19.029Z,1.1844,1,SYNTH
2026-03-12 19:08:20.655Z,1.1858,1,SYNTH
2026-03-12 19:08:21.467Z,1.1833,1,SYNTH
2026-03-12 19:08:22.686Z,1.1828,1,SYNTH
2026-03-12 19:08:23.802Z,1.1824,1,SYNTH
2026-03-12 19:08:24.477Z,1.1825,1,SYNTH
2026-03-12 19:08:25.675Z,1.1826,1,SYNTH
2026-03-12 19:08:26.173Z,1.1810,1,SYNTH
2026-03-12 19:08:27.834Z,1.1799,1,SYNTH
2026-03-12 19:08:28.508Z,1.1797,1,SYNTH
2026-03-12 19:08:29.616Z,1.1804,1,SYNTH
2026-03-12 19:08:30.708Z,1.1787,1,SYNTH
2026-03-12 19:08:31.265Z,1.1817,1,SYNTH
2026-03-12 19:08:32.721Z,1.1782,1,SYNTH
2026-03-12 19:07:33.450Z,1.1800,1,SYNTH
2026-03-12 19:07:34.219Z,1.1783,1,SYNTH
2026-03-12 19:07:35.440Z,1.1792,1,SYNTH
2026-03-12 19:07:36.592Z,1.1804,1,SYNTH
2026-03-12 19:07:37.779Z,1.1809,1,SYNTH
2026-03-12 19:07:38.481Z,1.1801,1,SYNTH
2026-03-12 19:07:39.542Z,1.1779,1,SYNTH
2026-03-12 19:07:40.045Z,1.1806,1,SYNTH
2026-03-12 19:07:41.439Z,1.1807,1,SYNTH
2026-03-12 19:07:42.328Z,1.1781,1,SYNTH
2026-03-12 19:07:43.666Z,1.1822,1,SYNTH
2026-03-12 19:07:44.776Z,1.1790,1,SYNTH
2026-03-12 19:07:45.186Z,1.1813,1,SYNTH
2026-03-12 19:07:46.269Z,1.1815,1,SYNTH
2026-03-12 19:07:47.398Z,1.1816,1,SYNTH
2026-03-12 19:07:48.475Z,1.1779,1,SYNTH
2026-03-12 19:07:49.720Z,1.1804,1,SYNTH
2026-03-12 19:07:50.700Z,1.1802,1,SYNTH
2026-03-12 19:07:51.750Z,1.1800,1,SYNTH
2026-03-12 19:07:52.335Z,1.1819,1,SYNTH
2026-03-12 19:07:53.748Z,1.1812,1,SYNTH
2026-03-12 19:07:54.388Z,1.1785,1,SYNTH
2026-03-12 19:07:55.163Z,1.1786,1,SYNTH
2026-03-12 19:07:56.116Z,1.1808,1,SYNTH
2026-03-12 19:07:57.406Z,1.1785,1,SYNTH
2026-03-12 19:07:58.602Z,1.1772,1,SYNTH
2026-03-12 19:07:59.790Z,1.1768,1,SYNTH
2026-03-12 19:08:00.530Z,1.1774,1,SYNTH
2026-03-12 19:08:01.109Z,1.1753,1,SYNTH
2026-03-12 19:08:02.203Z,1.1769,1,SYNTH
2026-03-12 19:08:03.821Z,1.1757,1,SYNTH
2026-03-12 19:08:04.257Z,1.1761,1,SYNTH
2026-03-12 19:08:05.606Z,1.1749,1,SYNTH
2026-03-12 19:08:06.651Z,1.1762,1,SYNTH
2026-03-12 19:08:07.427Z,1.1749,1,SYNTH
2026-03-12 19:08:08.776Z,1.1746,1,SYNTH
2026-03-12 19:08:09.706Z,1.1738,1,SYNTH
2026-03-12 19:08:10.225Z,1.1769,1,SYNTH
2026-03-12 19:08:11.259Z,1.1733,1,SYNTH
2026-03-12 19:08:12.481Z,1.1755,1,SYNTH
2026-03-12 19:08:13.489Z,1.1737,1,SYNTH
2026-03-12 19:08:14.251Z,1.1765,1,SYNTH
2026-03-12 19:08:15.289Z,1.1757,1,SYNTH
2026-03-12 19:08:16.817Z,1.1761,1,SYNTH
2026-03-12 19:08:17.036Z,1.1751,1,SYNTH
2026-03-12 19:08:18.804Z,1.1760,1,SYNTH
2026-03-12 19:08:19.452Z,1.1758,1,SYNTH
2026-03-12 19:08:20.211Z,1.1761,1,SYNTH
2026-03-12 19:08:21.530Z,1.1772,1,SYNTH
2026-03-12 19:08:22.612Z,1.1740,1,SYNTH
2026-03-12 19:08:23.537Z,1.1760,1,SYNTH
2026-03-12 19:08:24.812Z,1.1766,1,SYNTH
2026-03-12 19:08:25.433Z,1.1760,1,SYNTH
2026-03-12 19:08:26.765Z,1.1753,1,SYNTH
2026-03-12 19:08:27.741Z,1.1744,1,SYNTH
2026-03-12 19:08:28.486Z,1.1756,1,SYNTH
2026-03-12 19:08:29.033Z,1.1740,1,SYNTH
2026-03-12 19:08:30.234Z,1.1754,1,SYNTH
2026-03-12 19:08:31.005Z,1.1741,1,SYNTH
2026-03-12 19:08:32.700Z,1.1766,1,SYNTH
2026-03-12 19:07:33.342Z,1.1708,2,SYNTH
2026-03-12 19:07:34.599Z,1.1684,2,SYNTH
2026-03-12 19:07:35.397Z,1.1711,2,SYNTH
2026-03-12 19:07:36.745Z,1.1714,1,SYNTH
2026-03-12 19:07:37.750Z,1.1687,1,SYNTH
2026-03-12 19:07:38.648Z,1.1683,2,SYNTH
2026-03-12 19:07:39.137Z,1.1703,1,SYNTH
2026-03-12 19:07:40.589Z,1.1711,2,SYNTH
2026-03-12 19:07:41.709Z,1.1684,2,SYNTH
2026-03-12 19:07:42.810Z,1.1716,1,SYNTH
2026-03-12 19:07:43.033Z,1.1721,2,SYNTH
2026-03-12 19:07:44.804Z,1.1694,5,SYNTH
2026-03-12 19:07:45.741Z,1.1704,3,SYNTH
2026-03-12 19:07:46.295Z,1.1696,4,SYNTH
2026-03-12 19:07:47.111Z,1.1717,1,SYNTH
2026-03-12 19:07:48.422Z,1.1688,2,SYNTH
2026-03-12 19:07:49.441Z,1.1684,1,SYNTH
2026-03-12 19:07:50.562Z,1.1706,2,SYNTH
2026-03-12 19:07:51.528Z,1.1691,3,SYNTH
2026-03-12 19:07:52.061Z,1.1696,2,SYNTH
2026-03-12 19:07:53.541Z,1.1718,1,SYNTH
2026-03-12 19:07:54.821Z,1.1688,1,SYNTH
2026-03-12 19:07:55.497Z,1.1706,1,SYNTH
2026-03-12 19:07:56.850Z,1.1688,1,SYNTH
2026-03-12 19:07:57.654Z,1.1708,1,SYNTH
2026-03-12 19:07:58.764Z,1.1693,1,SYNTH
2026-03-12 19:07:59.171Z,1.1717,1,SYNTH
2026-03-12 19:08:00.372Z,1.1707,1,SYNTH
2026-03-12 19:08:01.879Z,1.1694,1,SYNTH
2026-03-12 19:08:02.266Z,1.1692,1,SYNTH
2026-03-12 19:08:03.891Z,1.1706,1,SYNTH
2026-03-12 19:08:04.243Z,1.1721,1,SYNTH
2026-03-12 19:08:05.872Z,1.1684,1,SYNTH
2026-03-12 19:08:06.757Z,1.1717,1,SYNTH
2026-03-12 19:08:07.542Z,1.1689,1,SYNTH
2026-03-12 19:08:08.412Z,1.1721,2,SYNTH
2026-03-12 19:08:09.416Z,1.1694,1,SYNTH
2026-03-12 19:08:10.480Z,1.1689,2,SYNTH
2026-03-12 19:08:11.739Z,1.1705,3,SYNTH
2026-03-12 19:08:12.416Z,1.1715,3,SYNTH
2026-03-12 19:08:13.383Z,1.1703,4,SYNTH
2026-03-12 19:08:14.224Z,1.1692,2,SYNTH
2026-03-12 19:08:15.744Z,1.1707,1,SYNTH
2026-03-12 19:08:16.859Z,1.1717,2,SYNTH
2026-03-12 19:08:17.343Z,1.1696,1,SYNTH
2026-03-12 19:08:18.480Z,1.1700,2,SYNTH
2026-03-12 19:08:19.867Z,1.1712,2,SYNTH
2026-03-12 19:08:20.297Z,1.1688,3,SYNTH
2026-03-12 19:08:21.701Z,1.1714,2,SYNTH
2026-03-12 19:08:22.465Z,1.1684,2,SYNTH
2026-03-12 19:08:23.449Z,1.1707,2,SYNTH
2026-03-12 19:08:24.114Z,1.1689,2,SYNTH
2026-03-12 19:08:25.715Z,1.1716,1,SYNTH
2026-03-12 19:08:26.738Z,1.1679,2,SYNTH
2026-03-12 19:08:27.301Z,1.1718,2,SYNTH
2026-03-12 19:08:28.011Z,1.1685,2,SYNTH
2026-03-12 19:08:29.079Z,1.1709,2,SYNTH
2026-03-12 19:08:30.328Z,1.1707,1,SYNTH
2026-03-12 19:08:31.003Z,1.1690,1,SYNTH
2026-03-12 19:08:32.094Z,1.1716,2,SYNTH
2026-03-12 19:07:33.767Z,1.1632,1,SYNTH
2026-03-12 19:07:34.183Z,1.1605,1,SYNTH
2026-03-12 19:07:35.528Z,1.1638,1,SYNTH
2026-03-12 19:07:36.248Z,1.1619,1,SYNTH
2026-03-12 19:07:37.470Z,1.1634,1,SYNTH
2026-03-12 19:07:38.321Z,1.1606,1,SYNTH
2026-03-12 19:07:39.046Z,1.1631,1,SYNTH
2026-03-12 19:07:40.824Z,1.1633,1,SYNTH
2026-03-12 19:07:41.078Z,1.1616,1,SYNTH
2026-03-12 19:07:42.133Z,1.1631,1,SYNTH
2026-03-12 19:07:43.000Z,1.1627,1,SYNTH
2026-03-12 19:07:44.582Z,1.1604,1,SYNTH
2026-03-12 19:07:45.798Z,1.1625,1,SYNTH
2026-03-12 19:07:46.335Z,1.1637,1,SYNTH
2026-03-12 19:07:47.590Z,1.1642,1,SYNTH
2026-03-12 19:07:48.770Z,1.1611,1,SYNTH
2026-03-12 19:07:49.204Z,1.1629,1,SYNTH
2026-03-12 19:07:50.599Z,1.1619,1,SYNTH
2026-03-12 19:07:51.093Z,1.1636,1,SYNTH
2026-03-12 19:07:52.113Z,1.1632,1,SYNTH
2026-03-12 19:07:53.614Z,1.1617,1,SYNTH
2026-03-12 19:07:54.698Z,1.1604,1,SYNTH
2026-03-12 19:07:55.083Z,1.1615,1,SYNTH
2026-03-12 19:07:56.665Z,1.1605,1,SYNTH
2026-03-12 19:07:57.896Z,1.1628,1,SYNTH
2026-03-12 19:07:58.463Z,1.1631,1,SYNTH
2026-03-12 19:07:59.023Z,1.1610,1,SYNTH
2026-03-12 19:08:00.695Z,1.1604,1,SYNTH
2026-03-12 19:08:01.308Z,1.1608,1,SYNTH
2026-03-12 19:08:02.157Z,1.1605,1,SYNTH
2026-03-12 19:08:03.862Z,1.1593,1,SYNTH
2026-03-12 19:08:04.735Z,1.1612,1,SYNTH
2026-03-12 19:08:05.588Z,1.1591,1,SYNTH
2026-03-12 19:08:06.836Z,1.1583,1,SYNTH
2026-03-12 19:08:07.895Z,1.1604,1,SYNTH
2026-03-12 19:08:08.400Z,1.1588,1,SYNTH
2026-03-12 19:08:09.827Z,1.1615,1,SYNTH
2026-03-12 19:08:10.805Z,1.1596,1,SYNTH
2026-03-12 19:08:11.011Z,1.1617,1,SYNTH
2026-03-12 19:08:12.856Z,1.1594,1,SYNTH
2026-03-12 19:08:13.155Z,1.1621,1,SYNTH
2026-03-12 19:08:14.104Z,1.1597,1,SYNTH
2026-03-12 19:08:15.756Z,1.1606,1,SYNTH
2026-03-12 19:08:16.616Z,1.1609,1,SYNTH
2026-03-12 19:08:17.077Z,1.1582,1,SYNTH
2026-03-12 19:08:18.631Z,1.1604,1,SYNTH
2026-03-12 19:08:19.287Z,1.1609,1,SYNTH
2026-03-12 19:08:20.246Z,1.1591,1,SYNTH
2026-03-12 19:08:21.042Z,1.1621,1,SYNTH
2026-03-12 19:08:22.150Z,1.1605,1,SYNTH
2026-03-12 19:08:23.144Z,1.1595,1,SYNTH
2026-03-12 19:08:24.468Z,1.1605,1,SYNTH
2026-03-12 19:08:25.592Z,1.1593,1,SYNTH
2026-03-12 19:08:26.583Z,1.1603,1,SYNTH
2026-03-12 19:08:27.511Z,1.1586,1,SYNTH
2026-03-12 19:08:28.819Z,1.1618,1,SYNTH
2026-03-12 19:08:29.566Z,1.1597,1,SYNTH
2026-03-12 19:08:30.077Z,1.1616,1,SYNTH
2026-03-12 19:08:31.296Z,1.1599,1,SYNTH
2026-03-12 19:08:32.252Z,1.1587,1,SYNTH
2026-03-12 19:07:33.188Z,1.1605,1,SYNTH
2026-03-12 19:07:34.015Z,1.1620,1,SYNTH
2026-03-12 19:07:35.416Z,1.1594,1,SYNTH
2026-03-12 19:07:36.071Z,1.1604,1,SYNTH
2026-03-12 19:07:37.363Z,1.1620,1,SYNTH
2026-03-12 19:07:38.745Z,1.1597,1,SYNTH
2026-03-12 19:07:39.806Z,1.1595,1,SYNTH
2026-03-12 19:07:40.138Z,1.1617,1,SYNTH
2026-03-12 19:07:41.356Z,1.1594,1,SYNTH
2026-03-12 19:07:42.761Z,1.1608,1,SYNTH
2026-03-12 19:07:43.199Z,1.1609,1,SYNTH
2026-03-12 19:07:44.786Z,1.1588,1,SYNTH
2026-03-12 19:07:45.026Z,1.1620,1,SYNTH
2026-03-12 19:07:46.022Z,1.1614,1,SYNTH
2026-03-12 19:07:47.401Z,1.1596,1,SYNTH
2026-03-12 19:07:48.072Z,1.1603,1,SYNTH
2026-03-12 19:07:49.758Z,1.1594,1,SYNTH
2026-03-12 19:07:50.839Z,1.1619,1,SYNTH
2026-03-12 19:07:51.661Z,1.1617,1,SYNTH
2026-03-12 19:07:52.215Z,1.1593,1,SYNTH
2026-03-12 19:07:53.166Z,1.1595,1,SYNTH
2026-03-12 19:07:54.398Z,1.1607,1,SYNTH
2026-03-12 19:07:55.499Z,1.1592,1,SYNTH
2026-03-12 19:07:56.637Z,1.1603,1,SYNTH
2026-03-12 19:07:57.465Z,1.1597,1,SYNTH
2026-03-12 19:07:58.843Z,1.1611,1,SYNTH
2026-03-12 19:07:59.812Z,1.1594,1,SYNTH
2026-03-12 19:08:00.147Z,1.1608,1,SYNTH
2026-03-12 19:08:01.676Z,1.1588,1,SYNTH
2026-03-12 19:08:02.432Z,1.1601,1,SYNTH
2026-03-12 19:08:03.579Z,1.1602,1,SYNTH
2026-03-12 19:08:04.452Z,1.1597,1,SYNTH
2026-03-12 19:08:05.642Z,1.1605,1,SYNTH
2026-03-12 19:08:06.847Z,1.1607,1,SYNTH
2026-03-12 19:08:07.811Z,1.1605,1,SYNTH
2026-03-12 19:08:08.382Z,1.1606,1,SYNTH
2026-03-12 19:08:09.209Z,1.1616,1,SYNTH
2026-03-12 19:08:10.725Z,1.1606,1,SYNTH
2026-03-12 19:08:11.160Z,1.1589,1,SYNTH
2026-03-12 19:08:12.581Z,1.1609,1,SYNTH
2026-03-12 19:08:13.762Z,1.1605,1,SYNTH
2026-03-12 19:08:14.681Z,1.1617,1,SYNTH
2026-03-12 19:08:15.196Z,1.1618,1,SYNTH
2026-03-12 19:08:16.825Z,1.1592,1,SYNTH
2026-03-12 19:08:17.372Z,1.1607,1,SYNTH
2026-03-12 19:08:18.370Z,1.1593,1,SYNTH
2026-03-12 19:08:19.873Z,1.1613,1,SYNTH
2026-03-12 19:08:20.589Z,1.1584,1,SYNTH
2026-03-12 19:08:21.569Z,1.1583,1,SYNTH
2026-03-12 19:08:22.482Z,1.1592,1,SYNTH
2026-03-12 19:08:23.434Z,1.1603,1,SYNTH
2026-03-12 19:08:24.318Z,1.1593,1,SYNTH
2026-03-12 19:08:25.498Z,1.1614,1,SYNTH
2026-03-12 19:08:26.234Z,1.1580,1,SYNTH
2026-03-12 19:08:27.685Z,1.1616,1,SYNTH
2026-03-12 19:08:28.540Z,1.1615,1,SYNTH
2026-03-12 19:08:29.395Z,1.1582,1,SYNTH
2026-03-12 19:08:30.369Z,1.1604,1,SYNTH
2026-03-12 19:08:31.576Z,1.1589,1,SYNTH
2026-03-12 19:08:32.172Z,1.1617,1,SYNTH
2026-03-12 19:07:33.243Z,1.1656,1,SYNTH
2026-03-12 19:07:34.427Z,1.1637,1,SYNTH
2026-03-12 19:07:35.873Z,1.1666,1,SYNTH
2026-03-12 19:07:36.699Z,1.1639,1,SYNTH
2026-03-12 19:07:37.065Z,1.1636,1,SYNTH
2026-03-12 19:07:38.131Z,1.1629,1,SYNTH
2026-03-12 19:07:39.447Z,1.1660,1,SYNTH
2026-03-12 19:07:40.744Z,1.1661,1,SYNTH
2026-03-12 19:07:41.075Z,1.1670,1,SYNTH
2026-03-12 19:07:42.889Z,1.1636,1,SYNTH
2026-03-12 19:07:43.017Z,1.1671,1,SYNTH
2026-03-12 19:07:44.433Z,1.1655,1,SYNTH
2026-03-12 19:07:45.518Z,1.1647,1,SYNTH
2026-03-12 19:07:46.282Z,1.1666,1,SYNTH
2026-03-12 19:07:47.611Z,1.1636,1,SYNTH
2026-03-12 19:07:48.337Z,1.1659,1,SYNTH
2026-03-12 19:07:49.797Z,1.1631,1,SYNTH
2026-03-12 19:07:50.303Z,1.1650,1,SYNTH
2026-03-12 19:07:51.707Z,1.1669,1,SYNTH
2026-03-12 19:07:52.887Z,1.1641,1,SYNTH
2026-03-12 19:07:53.483Z,1.1666,1,SYNTH
2026-03-12 19:07:54.469Z,1.1639,1,SYNTH
2026-03-12 19:07:55.101Z,1.1655,1,SYNTH
2026-03-12 19:07:56.648Z,1.1640,1,SYNTH
2026-03-12 19:07:57.634Z,1.1630,1,SYNTH
2026-03-12 19:07:58.535Z,1.1657,1,SYNTH
2026-03-12 19:07:59.480Z,1.1667,1,SYNTH
2026-03-12 19:08:00.600Z,1.1662,1,SYNTH
2026-03-12 19:08:01.582Z,1.1670,1,SYNTH
2026-03-12 19:08:02.892Z,1.1632,1,SYNTH
2026-03-12 19:08:03.733Z,1.1668,1,SYNTH
2026-03-12 19:08:04.358Z,1.1655,1,SYNTH
2026-03-12 19:08:05.495Z,1.1631,1,SYNTH
2026-03-12 19:08:06.810Z,1.1663,1,SYNTH
2026-03-12 19:08:07.506Z,1.1647,1,SYNTH
2026-03-12 19:08:08.282Z,1.1654,1,SYNTH
2026-03-12 19:08:09.489Z,1.1641,1,SYNTH
2026-03-12 19:08:10.730Z,1.1660,1,SYNTH
2026-03-12 19:08:11.848Z,1.1628,1,SYNTH
2026-03-12 19:08:12.103Z,1.1653,1,SYNTH
2026-03-12 19:08:13.789Z,1.1643,1,SYNTH
2026-03-12 19:08:14.083Z,1.1663,1,SYNTH
2026-03-12 19:08:15.514Z,1.1640,1,SYNTH
2026-03-12 19:08:16.319Z,1.1654,1,SYNTH
2026-03-12 19:08:17.590Z,1.1664,1,SYNTH
2026-03-12 19:08:18.714Z,1.1669,1,SYNTH
2026-03-12 19:08:19.246Z,1.1635,1,SYNTH
2026-03-12 19:08:20.116Z,1.1638,1,SYNTH
2026-03-12 19:08:21.137Z,1.1645,1,SYNTH
2026-03-12 19:08:22.681Z,1.1662,1,SYNTH
2026-03-12 19:08:23.628Z,1.1635,1,SYNTH
2026-03-12 19:08:24.397Z,1.1670,1,SYNTH
2026-03-12 19:08:25.382Z,1.1636,1,SYNTH
2026-03-12 19:08:26.406Z,1.1660,1,SYNTH
2026-03-12 19:08:27.030Z,1.1654,1,SYNTH
2026-03-12 19:08:28.677Z,1.1670,1,SYNTH
2026-03-12 19:08:29.029Z,1.1655,1,SYNTH
2026-03-12 19:08:30.856Z,1.1645,1,SYNTH
2026-03-12 19:08:31.746Z,1.1630,1,SYNTH
2026-03-12 19:08:32.528Z,1.1659,1,SYNTH
2026-03-12 19:07:33.871Z,1.1634,1,SYNTH
2026-03-12 19:07:34.467Z,1.1624,1,SYNTH
2026-03-12 19:07:35.872Z,1.1636,1,SYNTH
2026-03-12 19:07:36.141Z,1.1641,1,SYNTH
2026-03-12 19:07:37.695Z,1.1627,1,SYNTH
2026-03-12 19:07:38.602Z,1.1628,1,SYNTH
2026-03-12 19:07:39.173Z,1.1641,1,SYNTH
2026-03-12 19:07:40.515Z,1.1645,1,SYNTH
2026-03-12 19:07:41.177Z,1.1638,1,SYNTH
2026-03-12 19:07:42.118Z,1.1616,1,SYNTH
2026-03-12 19:07:43.133Z,1.1649,1,SYNTH
2026-03-12 19:07:44.818Z,1.1643,1,SYNTH
2026-03-12 19:07:45.038Z,1.1645,2,SYNTH
2026-03-12 19:07:46.514Z,1.1624,2,SYNTH
2026-03-12 19:07:47.270Z,1.1636,1,SYNTH
2026-03-12 19:07:48.737Z,1.1626,1,SYNTH
2026-03-12 19:07:49.892Z,1.1625,1,SYNTH
2026-03-12 19:07:50.345Z,1.1641,1,SYNTH
2026-03-12 19:07:51.697Z,1.1620,1,SYNTH
2026-03-12 19:07:52.128Z,1.1646,1,SYNTH
2026-03-12 19:07:53.403Z,1.1654,1,SYNTH
2026-03-12 19:07:54.448Z,1.1653,1,SYNTH
2026-03-12 19:07:55.361Z,1.1646,1,SYNTH
2026-03-12 19:07:56.195Z,1.1640,1,SYNTH
2026-03-12 19:07:57.021Z,1.1659,1,SYNTH
2026-03-12 19:07:58.510Z,1.1664,1,SYNTH
2026-03-12 19:07:59.175Z,1.1651,1,SYNTH
2026-03-12 19:08:00.571Z,1.1655,1,SYNTH
2026-03-12 19:08:01.548Z,1.1655,1,SYNTH
2026-03-12 19:08:02.427Z,1.1662,1,SYNTH
2026-03-12 19:08:03.785Z,1.1672,1,SYNTH
