TimestampUtc,Price,Size,Exchange
2026-03-13 13:30:00.217Z,0.5501,229104,SYNTH
2026-03-13 13:30:01.155Z,0.5491,349607,SYNTH
2026-03-13 13:30:02.630Z,0.5491,187538,SYNTH
2026-03-13 13:30:03.578Z,0.5482,336563,SYNTH
2026-03-13 13:30:04.794Z,0.5468,210798,SYNTH
2026-03-13 13:30:05.623Z,0.5454,324173,SYNTH
2026-03-13 13:30:06.489Z,0.5441,184699,SYNTH
2026-03-13 13:30:07.631Z,0.5432,177535,SYNTH
2026-03-13 13:30:08.584Z,0.5426,148919,SYNTH
2026-03-13 13:30:09.522Z,0.5414,123044,SYNTH
2026-03-13 13:30:10.533Z,0.5397,140710,SYNTH
2026-03-13 13:30:11.259Z,0.5395,432065,SYNTH
2026-03-13 13:30:12.258Z,0.5397,349794,SYNTH
2026-03-13 13:30:13.621Z,0.5405,406523,SYNTH
2026-03-13 13:30:14.226Z,0.5412,183065,SYNTH
2026-03-13 13:30:15.756Z,0.5424,255819,SYNTH
2026-03-13 13:30:16.566Z,0.5428,390054,SYNTH
2026-03-13 13:30:17.188Z,0.5433,326668,SYNTH
2026-03-13 13:30:18.122Z,0.5429,294627,SYNTH
2026-03-13 13:30:19.134Z,0.5431,282203,SYNTH
2026-03-13 13:30:20.178Z,0.5438,100495,SYNTH
2026-03-13 13:30:21.199Z,0.5439,110306,SYNTH
2026-03-13 13:30:22.403Z,0.5452,150055,SYNTH
2026-03-13 13:30:23.436Z,0.5461,234290,SYNTH
2026-03-13 13:30:24.728Z,0.5464,202221,SYNTH
2026-03-13 13:30:25.195Z,0.5477,163804,SYNTH
2026-03-13 13:30:26.315Z,0.5495,197619,SYNTH
2026-03-13 13:30:27.262Z,0.5505,160875,SYNTH
2026-03-13 13:30:28.061Z,0.5518,133713,SYNTH
2026-03-13 13:30:29.820Z,0.5535,99117,SYNTH
2026-03-13 13:30:30.650Z,0.5542,221412,SYNTH
2026-03-13 13:30:31.106Z,0.5556,225813,SYNTH
2026-03-13 13:30:32.522Z,0.5568,115535,SYNTH
2026-03-13 13:30:33.351Z,0.5577,174952,SYNTH
2026-03-13 13:30:34.857Z,0.5585,182208,SYNTH
2026-03-13 13:30:35.574Z,0.5589,110930,SYNTH
2026-03-13 13:30:36.792Z,0.5598,130492,SYNTH
2026-03-13 13:30:37.280Z,0.5603,517166,SYNTH
2026-03-13 13:30:38.201Z,0.5609,364188,SYNTH
2026-03-13 13:30:39.414Z,0.5589,399281,SYNTH
2026-03-13 13:30:40.839Z,0.5597,436493,SYNTH
2026-03-13 13:30:41.843Z,0.5594,157015,SYNTH
2026-03-13 13:30:42.328Z,0.5589,164734,SYNTH
2026-03-13 13:30:43.027Z,0.5585,124794,SYNTH
2026-03-13 13:30:44.497Z,0.5579,242621,SYNTH
2026-03-13 13:30:45.691Z,0.5577,360666,SYNTH
2026-03-13 13:30:46.155Z,0.5577,316605,SYNTH
2026-03-13 13:30:47.777Z,0.5578,367817,SYNTH
2026-03-13 13:30:48.262Z,0.5571,156646,SYNTH
2026-03-13 13:30:49.121Z,0.5570,232938,SYNTH
2026-03-13 13:30:50.444Z,0.5559,213191,SYNTH
2026-03-13 13:30:51.633Z,0.5549,165901,SYNTH
2026-03-13 13:30:52.365Z,0.5543,139279,SYNTH
2026-03-13 13:30:53.091Z,0.5535,219750,SYNTH
2026-03-13 13:30:54.603Z,0.5520,240196,SYNTH
2026-03-13 13:30:55.828Z,0.5509,188325,SYNTH
2026-03-13 13:30:56.409Z,0.5508,254631,SYNTH
2026-03-13 13:30:57.296Z,0.5500,190768,SYNTH
2026-03-13 13:30:58.232Z,0.5493,188124,SYNTH
2026-03-13 13:30:59.281Z,0.5492,342047,SYNTH
2026-03-13 13:31:00.372Z,0.5407,3468,SYNTH
2026-03-13 13:31:01.336Z,0.5406,5551,SYNTH
2026-03-13 13:31:02.894Z,0.5391,2815,SYNTH
2026-03-13 13:31:03.408Z,0.5410,4636,SYNTH
2026-03-13 13:31:04.078Z,0.5392,3352,SYNTH
2026-03-13 13:31:05.824Z,0.5391,2264,SYNTH
2026-03-13 13:31:06.795Z,0.5402,3654,SYNTH
2026-03-13 13:31:07.115Z,0.5399,2551,SYNTH
2026-03-13 13:31:08.322Z,0.5390,2856,SYNTH
2026-03-13 13:31:09.227Z,0.5407,3150,SYNTH
2026-03-13 13:31:10.797Z,0.5405,2467,SYNTH
2026-03-13 13:31:11.163Z,0.5397,8227,SYNTH
2026-03-13 13:31:12.837Z,0.5407,6929,SYNTH
2026-03-13 13:31:13.842Z,0.5402,10399,SYNTH
2026-03-13 13:31:14.320Z,0.5396,2725,SYNTH
2026-03-13 13:31:15.349Z,0.5398,2254,SYNTH
2026-03-13 13:31:16.845Z,0.5403,4633,SYNTH
2026-03-13 13:31:17.242Z,0.5409,5146,SYNTH
2026-03-13 13:31:18.693Z,0.5411,6028,SYNTH
2026-03-13 13:31:19.096Z,0.5387,6141,SYNTH
2026-03-13 13:31:20.279Z,0.5385,2726,SYNTH
2026-03-13 13:31:21.020Z,0.5370,3190,SYNTH
2026-03-13 13:31:22.222Z,0.5364,3784,SYNTH
2026-03-13 13:31:23.634Z,0.5344,3933,SYNTH
2026-03-13 13:31:24.247Z,0.5327,1567,SYNTH
2026-03-13 13:31:25.037Z,0.5309,3505,SYNTH
2026-03-13 13:31:26.659Z,0.5291,2970,SYNTH
2026-03-13 13:31:27.561Z,0.5265,1804,SYNTH
2026-03-13 13:31:28.114Z,0.5247,2123,SYNTH
2026-03-13 13:31:29.743Z,0.5221,2042,SYNTH
2026-03-13 13:31:30.182Z,0.5208,3136,SYNTH
2026-03-13 13:31:31.414Z,0.5182,3397,SYNTH
2026-03-13 13:31:32.141Z,0.5161,3346,SYNTH
2026-03-13 13:31:33.608Z,0.5142,2185,SYNTH
2026-03-13 13:31:34.589Z,0.5127,3348,SYNTH
2026-03-13 13:31:35.135Z,0.5117,3545,SYNTH
2026-03-13 13:31:36.491Z,0.5105,2041,SYNTH
2026-03-13 13:31:37.837Z,0.5097,7191,SYNTH
2026-03-13 13:31:38.212Z,0.5093,7926,SYNTH
2026-03-13 13:31:39.328Z,0.5090,7235,SYNTH
2026-03-13 13:31:40.288Z,0.5112,7194,SYNTH
2026-03-13 13:31:41.559Z,0.5119,4167,SYNTH
2026-03-13 13:31:42.470Z,0.5128,4042,SYNTH
2026-03-13 13:31:43.313Z,0.5133,3202,SYNTH
2026-03-13 13:31:44.719Z,0.5145,2424,SYNTH
2026-03-13 13:31:45.594Z,0.5150,2939,SYNTH
2026-03-13 13:31:46.589Z,0.5143,5800,SYNTH
2026-03-13 13:31:47.099Z,0.5136,4382,SYNTH
2026-03-13 13:31:48.221Z,0.5147,2184,SYNTH
2026-03-13 13:31:49.062Z,0.5133,2341,SYNTH
2026-03-13 13:31:50.659Z,0.5125,2096,SYNTH
2026-03-13 13:31:51.565Z,0.5126,4389,SYNTH
2026-03-13 13:31:52.591Z,0.5114,3203,SYNTH
2026-03-13 13:31:53.713Z,0.5116,3150,SYNTH
2026-03-13 13:31:54.244Z,0.5104,3036,SYNTH
2026-03-13 13:31:55.175Z,0.5108,4275,SYNTH
2026-03-13 13:31:56.252Z,0.5096,5548,SYNTH
2026-03-13 13:31:57.114Z,0.5096,2817,SYNTH
2026-03-13 13:31:58.827Z,0.5100,4864,SYNTH
2026-03-13 13:31:59.327Z,0.5108,4290,SYNTH
2026-03-13 13:32:00.611Z,0.5100,6833,SYNTH
2026-03-13 13:32:01.689Z,0.5087,6741,SYNTH
2026-03-13 13:32:02.864Z,0.5081,8944,SYNTH
2026-03-13 13:32:03.340Z,0.5066,12260,SYNTH
2026-03-13 13:32:04.015Z,0.5045,9910,SYNTH
2026-03-13 13:32:05.806Z,0.5020,7355,SYNTH
2026-03-13 13:32:06.341Z,0.4993,11306,SYNTH
2026-03-13 13:32:07.117Z,0.4965,8560,SYNTH
2026-03-13 13:32:08.648Z,0.4944,10512,SYNTH
2026-03-13 13:32:09.435Z,0.4922,9978,SYNTH
2026-03-13 13:32:10.310Z,0.4903,5574,SYNTH
2026-03-13 13:32:11.165Z,0.4893,18109,SYNTH
2026-03-13 13:32:12.672Z,0.4898,18118,SYNTH
2026-03-13 13:32:13.463Z,0.4911,22827,SYNTH
2026-03-13 13:32:14.213Z,0.4924,8588,SYNTH
2026-03-13 13:32:15.440Z,0.4941,8036,SYNTH
2026-03-13 13:32:16.535Z,0.4956,10093,SYNTH
2026-03-13 13:32:17.029Z,0.4968,15990,SYNTH
2026-03-13 13:32:18.038Z,0.4975,9610,SYNTH
2026-03-13 13:32:19.471Z,0.4973,12260,SYNTH
2026-03-13 13:32:20.576Z,0.4991,5164,SYNTH
2026-03-13 13:32:21.792Z,0.4999,8464,SYNTH
2026-03-13 13:32:22.762Z,0.5011,8380,SYNTH
2026-03-13 13:32:23.871Z,0.5030,4471,SYNTH
2026-03-13 13:32:24.294Z,0.5046,8339,SYNTH
2026-03-13 13:32:25.547Z,0.5071,5577,SYNTH
2026-03-13 13:32:26.688Z,0.5094,6895,SYNTH
2026-03-13 13:32:27.836Z,0.5113,3889,SYNTH
2026-03-13 13:32:28.563Z,0.5138,7558,SYNTH
2026-03-13 13:32:29.455Z,0.5164,5158,SYNTH
2026-03-13 13:32:30.766Z,0.5189,7667,SYNTH
2026-03-13 13:32:31.854Z,0.5208,5619,SYNTH
2026-03-13 13:32:32.095Z,0.5234,4515,SYNTH
2026-03-13 13:32:33.193Z,0.5250,6724,SYNTH
2026-03-13 13:32:34.628Z,0.5262,7704,SYNTH
2026-03-13 13:32:35.655Z,0.5286,6846,SYNTH
2026-03-13 13:32:36.755Z,0.5296,7428,SYNTH
2026-03-13 13:32:37.879Z,0.5304,12050,SYNTH
2026-03-13 13:32:38.126Z,0.5302,12498,SYNTH
2026-03-13 13:32:39.270Z,0.5303,10667,SYNTH
2026-03-13 13:32:40.061Z,0.5297,22563,SYNTH
2026-03-13 13:32:41.562Z,0.5279,8768,SYNTH
2026-03-13 13:32:42.504Z,0.5277,9426,SYNTH
2026-03-13 13:32:43.514Z,0.5267,9543,SYNTH
2026-03-13 13:32:44.045Z,0.5265,4725,SYNTH
2026-03-13 13:32:45.415Z,0.5265,14772,SYNTH
2026-03-13 13:32:46.613Z,0.5262,9648,SYNTH
2026-03-13 13:32:47.322Z,0.5254,7823,SYNTH
2026-03-13 13:32:48.197Z,0.5247,6320,SYNTH
2026-03-13 13:32:49.207Z,0.5238,7902,SYNTH
2026-03-13 13:32:50.644Z,0.5218,8020,SYNTH
2026-03-13 13:32:51.889Z,0.5206,10812,SYNTH
2026-03-13 13:32:52.170Z,0.5183,7435,SYNTH
2026-03-13 13:32:53.298Z,0.5164,5710,SYNTH
2026-03-13 13:32:54.445Z,0.5152,8972,SYNTH
2026-03-13 13:32:55.408Z,0.5130,6839,SYNTH
2026-03-13 13:32:56.170Z,0.5114,7075,SYNTH
2026-03-13 13:32:57.724Z,0.5110,7515,SYNTH
2026-03-13 13:32:58.315Z,0.5093,5455,SYNTH
2026-03-13 13:32:59.841Z,0.5098,7595,SYNTH
2026-03-13 13:33:00.172Z,0.5109,10676,SYNTH
2026-03-13 13:33:01.493Z,0.5102,7312,SYNTH
2026-03-13 13:33:02.175Z,0.5095,11376,SYNTH
2026-03-13 13:33:03.832Z,0.5101,5396,SYNTH
2026-03-13 13:33:04.270Z,0.5106,5045,SYNTH
2026-03-13 13:33:05.117Z,0.5110,7109,SYNTH
2026-03-13 13:33:06.708Z,0.5095,4508,SYNTH
2026-03-13 13:33:07.532Z,0.5102,6138,SYNTH
2026-03-13 13:33:08.074Z,0.5103,7786,SYNTH
2026-03-13 13:33:09.628Z,0.5101,5923,SYNTH
2026-03-13 13:33:10.699Z,0.5104,4184,SYNTH
2026-03-13 13:33:11.398Z,0.5096,21752,SYNTH
2026-03-13 13:33:12.711Z,0.5104,21597,SYNTH
2026-03-13 13:33:13.060Z,0.5101,14703,SYNTH
2026-03-13 13:33:14.681Z,0.5102,6278,SYNTH
2026-03-13 13:33:15.651Z,0.5101,5220,SYNTH
2026-03-13 13:33:16.571Z,0.5102,13764,SYNTH
2026-03-13 13:33:17.218Z,0.5092,13420,SYNTH
2026-03-13 13:33:18.039Z,0.5105,11788,SYNTH
2026-03-13 13:33:19.532Z,0.5090,8133,SYNTH
2026-03-13 13:33:20.446Z,0.5087,4437,SYNTH
2026-03-13 13:33:21.635Z,0.5082,7234,SYNTH
2026-03-13 13:33:22.525Z,0.5069,7021,SYNTH
2026-03-13 13:33:23.842Z,0.5059,7763,SYNTH
2026-03-13 13:33:24.671Z,0.5056,5269,SYNTH
2026-03-13 13:33:25.062Z,0.5039,4785,SYNTH
2026-03-13 13:33:26.253Z,0.5023,4169,SYNTH
2026-03-13 13:33:27.672Z,0.5010,3183,SYNTH
2026-03-13 13:33:28.729Z,0.4997,3935,SYNTH
2026-03-13 13:33:29.514Z,0.4981,3448,SYNTH
2026-03-13 13:33:30.320Z,0.4966,5212,SYNTH
2026-03-13 13:33:31.249Z,0.4950,5435,SYNTH
2026-03-13 13:33:32.837Z,0.4938,6354,SYNTH
2026-03-13 13:33:33.803Z,0.4926,4998,SYNTH
2026-03-13 13:33:34.676Z,0.4915,7011,SYNTH
2026-03-13 13:33:35.242Z,0.4908,4825,SYNTH
2026-03-13 13:33:36.485Z,0.4900,3753,SYNTH
2026-03-13 13:33:37.700Z,0.4896,9656,SYNTH
2026-03-13 13:33:38.618Z,0.4895,19846,SYNTH
2026-03-13 13:33:39.297Z,0.4908,18040,SYNTH
2026-03-13 13:33:40.117Z,0.4910,16083,SYNTH
2026-03-13 13:33:41.897Z,0.4906,4939,SYNTH
2026-03-13 13:33:42.620Z,0.4916,6720,SYNTH
2026-03-13 13:33:43.588Z,0.4917,7544,SYNTH
2026-03-13 13:33:44.655Z,0.4921,7675,SYNTH
2026-03-13 13:33:45.137Z,0.4927,7371,SYNTH
2026-03-13 13:33:46.094Z,0.4921,5906,SYNTH
2026-03-13 13:33:47.091Z,0.4909,9652,SYNTH
2026-03-13 13:33:48.361Z,0.4912,6964,SYNTH
2026-03-13 13:33:49.349Z,0.4924,7017,SYNTH
2026-03-13 13:33:50.667Z,0.4912,6169,SYNTH
2026-03-13 13:33:51.709Z,0.4919,6068,SYNTH
2026-03-13 13:33:52.109Z,0.4902,8845,SYNTH
2026-03-13 13:33:53.820Z,0.4904,4467,SYNTH
2026-03-13 13:33:54.541Z,0.4910,4817,SYNTH
2026-03-13 13:33:55.742Z,0.4896,10972,SYNTH
2026-03-13 13:33:56.559Z,0.4893,8491,SYNTH
2026-03-13 13:33:57.188Z,0.4906,11755,SYNTH
2026-03-13 13:33:58.183Z,0.4891,9776,SYNTH
2026-03-13 13:33:59.581Z,0.4906,10492,SYNTH
2026-03-13 13:34:00.350Z,0.5008,2447,SYNTH
2026-03-13 13:34:01.152Z,0.4991,2050,SYNTH
2026-03-13 13:34:02.487Z,0.4984,3580,SYNTH
2026-03-13 13:34:03.368Z,0.4982,3687,SYNTH
2026-03-13 13:34:04.202Z,0.4964,3032,SYNTH
2026-03-13 13:34:05.493Z,0.4957,3593,SYNTH
2026-03-13 13:34:06.871Z,0.4948,3086,SYNTH
2026-03-13 13:34:07.817Z,0.4928,2924,SYNTH
2026-03-13 13:34:08.063Z,0.4924,1831,SYNTH
2026-03-13 13:34:09.075Z,0.4913,1512,SYNTH
2026-03-13 13:34:10.143Z,0.4903,2561,SYNTH
2026-03-13 13:34:11.810Z,0.4895,6185,SYNTH
2026-03-13 13:34:12.564Z,0.4895,6544,SYNTH
2026-03-13 13:34:13.887Z,0.4905,4990,SYNTH
2026-03-13 13:34:14.554Z,0.4917,2501,SYNTH
2026-03-13 13:34:15.594Z,0.4922,2305,SYNTH
2026-03-13 13:34:16.778Z,0.4923,4315,SYNTH
2026-03-13 13:34:17.680Z,0.4934,5232,SYNTH
2026-03-13 13:34:18.425Z,0.4931,4081,SYNTH
2026-03-13 13:34:19.798Z,0.4933,4870,SYNTH
2026-03-13 13:34:20.719Z,0.4927,2056,SYNTH
2026-03-13 13:34:21.093Z,0.4938,1353,SYNTH
2026-03-13 13:34:22.659Z,0.4937,2556,SYNTH
2026-03-13 13:34:23.553Z,0.4943,1644,SYNTH
2026-03-13 13:34:24.071Z,0.4948,2304,SYNTH
2026-03-13 13:34:25.183Z,0.4954,2486,SYNTH
2026-03-13 13:34:26.606Z,0.4952,1916,SYNTH
2026-03-13 13:34:27.018Z,0.4960,2585,SYNTH
2026-03-13 13:34:28.653Z,0.4964,1667,SYNTH
2026-03-13 13:34:29.197Z,0.4967,2709,SYNTH
2026-03-13 13:34:30.177Z,0.4980,1466,SYNTH
2026-03-13 13:34:31.775Z,0.4988,1753,SYNTH
2026-03-13 13:34:32.708Z,0.4984,2423,SYNTH
2026-03-13 13:34:33.666Z,0.4991,2128,SYNTH
2026-03-13 13:34:34.624Z,0.5001,2244,SYNTH
2026-03-13 13:34:35.300Z,0.5001,1580,SYNTH
2026-03-13 13:34:36.114Z,0.5005,1154,SYNTH
2026-03-13 13:34:37.510Z,0.5003,6019,SYNTH
2026-03-13 13:34:38.376Z,0.4994,6927,SYNTH
2026-03-13 13:34:39.213Z,0.5006,4106,SYNTH
2026-03-13 13:34:40.333Z,0.4994,6071,SYNTH
2026-03-13 13:34:41.155Z,0.5006,1376,SYNTH
2026-03-13 13:34:42.743Z,0.4998,1454,SYNTH
2026-03-13 13:34:43.845Z,0.5007,2597,SYNTH
2026-03-13 13:34:44.132Z,0.4999,2187,SYNTH
2026-03-13 13:34:45.364Z,0.5007,4286,SYNTH
2026-03-13 13:34:46.865Z,0.5003,3707,SYNTH
2026-03-13 13:34:47.205Z,0.4996,4983,SYNTH
2026-03-13 13:34:48.700Z,0.5005,2452,SYNTH
2026-03-13 13:34:49.324Z,0.4994,2258,SYNTH
2026-03-13 13:34:50.053Z,0.5004,3478,SYNTH
2026-03-13 13:34:51.706Z,0.4999,2914,SYNTH
2026-03-13 13:34:52.687Z,0.5005,3379,SYNTH
2026-03-13 13:34:53.153Z,0.4995,2041,SYNTH
2026-03-13 13:34:54.374Z,0.5010,1931,SYNTH
2026-03-13 13:34:55.400Z,0.4996,1939,SYNTH
2026-03-13 13:34:56.484Z,0.5006,2375,SYNTH
2026-03-13 13:34:57.227Z,0.5004,2821,SYNTH
2026-03-13 13:34:58.149Z,0.4997,2068,SYNTH
2026-03-13 13:34:59.610Z,0.5003,3821,SYNTH
2026-03-13 13:35:00.707Z,0.4908,12348,SYNTH
2026-03-13 13:35:01.382Z,0.4910,10818,SYNTH
2026-03-13 13:35:02.757Z,0.4912,7318,SYNTH
2026-03-13 13:35:03.243Z,0.4923,6045,SYNTH
2026-03-13 13:35:04.752Z,0.4930,8082,SYNTH
2026-03-13 13:35:05.260Z,0.4938,10274,SYNTH
2026-03-13 13:35:06.521Z,0.4957,4718,SYNTH
2026-03-13 13:35:07.791Z,0.4965,4766,SYNTH
2026-03-13 13:35:08.214Z,0.4985,10731,SYNTH
2026-03-13 13:35:09.362Z,0.4995,8126,SYNTH
2026-03-13 13:35:10.876Z,0.4996,4168,SYNTH
2026-03-13 13:35:11.483Z,0.5003,20346,SYNTH
2026-03-13 13:35:12.352Z,0.5003,15566,SYNTH
2026-03-13 13:35:13.811Z,0.4993,15405,SYNTH
2026-03-13 13:35:14.764Z,0.4985,6308,SYNTH
2026-03-13 13:35:15.882Z,0.4974,9148,SYNTH
2026-03-13 13:35:16.468Z,0.4970,14106,SYNTH
2026-03-13 13:35:17.465Z,0.4973,9846,SYNTH
2026-03-13 13:35:18.779Z,0.4967,8804,SYNTH
2026-03-13 13:35:19.189Z,0.4961,13912,SYNTH
2026-03-13 13:35:20.032Z,0.4954,4076,SYNTH
2026-03-13 13:35:21.103Z,0.4946,4117,SYNTH
2026-03-13 13:35:22.441Z,0.4932,7273,SYNTH
2026-03-13 13:35:23.846Z,0.4926,4067,SYNTH
2026-03-13 13:35:24.417Z,0.4908,6022,SYNTH
2026-03-13 13:35:25.026Z,0.4885,6031,SYNTH
2026-03-13 13:35:26.624Z,0.4866,3423,SYNTH
2026-03-13 13:35:27.716Z,0.4856,6297,SYNTH
2026-03-13 13:35:28.336Z,0.4832,6391,SYNTH
2026-03-13 13:35:29.837Z,0.4813,6206,SYNTH
2026-03-13 13:35:30.757Z,0.4794,7158,SYNTH
2026-03-13 13:35:31.070Z,0.4769,6140,SYNTH
2026-03-13 13:35:32.228Z,0.4755,3491,SYNTH
2026-03-13 13:35:33.107Z,0.4737,5931,SYNTH
2026-03-13 13:35:34.542Z,0.4725,7403,SYNTH
2026-03-13 13:35:35.807Z,0.4717,6194,SYNTH
2026-03-13 13:35:36.857Z,0.4703,3958,SYNTH
2026-03-13 13:35:37.601Z,0.4702,8590,SYNTH
2026-03-13 13:35:38.469Z,0.4698,16476,SYNTH
2026-03-13 13:35:39.612Z,0.4704,12389,SYNTH
2026-03-13 13:35:40.023Z,0.4703,12797,SYNTH
2026-03-13 13:35:41.723Z,0.4712,8107,SYNTH
2026-03-13 13:35:42.886Z,0.4708,5448,SYNTH
2026-03-13 13:35:43.441Z,0.4717,8301,SYNTH
2026-03-13 13:35:44.875Z,0.4720,6379,SYNTH
2026-03-13 13:35:45.781Z,0.4723,13228,SYNTH
2026-03-13 13:35:46.196Z,0.4726,12031,SYNTH
2026-03-13 13:35:47.748Z,0.4712,12880,SYNTH
2026-03-13 13:35:48.654Z,0.4725,5266,SYNTH
2026-03-13 13:35:49.190Z,0.4707,9162,SYNTH
2026-03-13 13:35:50.887Z,0.4707,5153,SYNTH
2026-03-13 13:35:51.790Z,0.4703,7557,SYNTH
2026-03-13 13:35:52.460Z,0.4704,8048,SYNTH
2026-03-13 13:35:53.380Z,0.4701,7497,SYNTH
2026-03-13 13:35:54.845Z,0.4696,6356,SYNTH
2026-03-13 13:35:55.496Z,0.4700,10251,SYNTH
2026-03-13 13:35:56.621Z,0.4700,12079,SYNTH
2026-03-13 13:35:57.134Z,0.4701,6298,SYNTH
2026-03-13 13:35:58.427Z,0.4691,9952,SYNTH
2026-03-13 13:35:59.709Z,0.4705,12541,SYNTH
2026-03-13 13:36:00.323Z,0.4708,11356,SYNTH
2026-03-13 13:36:01.321Z,0.4692,5479,SYNTH
2026-03-13 13:36:02.269Z,0.4689,10287,SYNTH
2026-03-13 13:36:03.797Z,0.4680,5120,SYNTH
2026-03-13 13:36:04.690Z,0.4666,10024,SYNTH
2026-03-13 13:36:05.277Z,0.4657,9512,SYNTH
2026-03-13 13:36:06.383Z,0.4647,6666,SYNTH
2026-03-13 13:36:07.203Z,0.4634,5349,SYNTH
2026-03-13 13:36:08.067Z,0.4619,9752,SYNTH
2026-03-13 13:36:09.591Z,0.4604,6703,SYNTH
2026-03-13 13:36:10.733Z,0.4600,4202,SYNTH
2026-03-13 13:36:11.400Z,0.4595,20861,SYNTH
2026-03-13 13:36:12.649Z,0.4610,21277,SYNTH
2026-03-13 13:36:13.365Z,0.4607,17960,SYNTH
2026-03-13 13:36:14.216Z,0.4619,6922,SYNTH
2026-03-13 13:36:15.320Z,0.4625,3815,SYNTH
2026-03-13 13:36:16.715Z,0.4637,13698,SYNTH
2026-03-13 13:36:17.450Z,0.4639,10423,SYNTH
2026-03-13 13:36:18.006Z,0.4636,11652,SYNTH
2026-03-13 13:36:19.070Z,0.4640,10754,SYNTH
2026-03-13 13:36:20.515Z,0.4654,3887,SYNTH
2026-03-13 13:36:21.637Z,0.4654,5734,SYNTH
2026-03-13 13:36:22.345Z,0.4673,4833,SYNTH
2026-03-13 13:36:23.758Z,0.4685,7715,SYNTH
2026-03-13 13:36:24.491Z,0.4699,4491,SYNTH
2026-03-13 13:36:25.286Z,0.4718,6147,SYNTH
2026-03-13 13:36:26.022Z,0.4739,5069,SYNTH
2026-03-13 13:36:27.625Z,0.4749,6712,SYNTH
2026-03-13 13:36:28.632Z,0.4767,5981,SYNTH
2026-03-13 13:36:29.198Z,0.4789,4872,SYNTH
2026-03-13 13:36:30.316Z,0.4810,6260,SYNTH
2026-03-13 13:36:31.778Z,0.4829,6379,SYNTH
2026-03-13 13:36:32.606Z,0.4841,4639,SYNTH
2026-03-13 13:36:33.172Z,0.4866,5008,SYNTH
2026-03-13 13:36:34.334Z,0.4877,7926,SYNTH
2026-03-13 13:36:35.589Z,0.4883,4116,SYNTH
2026-03-13 13:36:36.633Z,0.4892,6839,SYNTH
2026-03-13 13:36:37.504Z,0.4898,11123,SYNTH
2026-03-13 13:36:38.899Z,0.4904,15775,SYNTH
2026-03-13 13:36:39.711Z,0.4909,12136,SYNTH
2026-03-13 13:36:40.800Z,0.4894,19108,SYNTH
2026-03-13 13:36:41.142Z,0.4890,4582,SYNTH
2026-03-13 13:36:42.122Z,0.4885,8511,SYNTH
2026-03-13 13:36:43.798Z,0.4875,6122,SYNTH
2026-03-13 13:36:44.634Z,0.4874,4186,SYNTH
2026-03-13 13:36:45.410Z,0.4871,9865,SYNTH
2026-03-13 13:36:46.626Z,0.4863,12759,SYNTH
2026-03-13 13:36:47.020Z,0.4871,9864,SYNTH
2026-03-13 13:36:48.583Z,0.4867,5991,SYNTH
2026-03-13 13:36:49.682Z,0.4856,8409,SYNTH
2026-03-13 13:36:50.176Z,0.4846,5170,SYNTH
2026-03-13 13:36:51.460Z,0.4842,6329,SYNTH
2026-03-13 13:36:52.178Z,0.4829,4537,SYNTH
2026-03-13 13:36:53.510Z,0.4831,9947,SYNTH
2026-03-13 13:36:54.427Z,0.4822,4643,SYNTH
2026-03-13 13:36:55.790Z,0.4809,6938,SYNTH
2026-03-13 13:36:56.317Z,0.4808,10012,SYNTH
2026-03-13 13:36:57.734Z,0.4803,10879,SYNTH
2026-03-13 13:36:58.345Z,0.4800,10821,SYNTH
2026-03-13 13:36:59.502Z,0.4794,6422,SYNTH
2026-03-13 13:37:00.597Z,0.4707,5618,SYNTH
2026-03-13 13:37:01.444Z,0.4701,5106,SYNTH
2026-03-13 13:37:02.064Z,0.4694,4348,SYNTH
2026-03-13 13:37:03.668Z,0.4701,6381,SYNTH
2026-03-13 13:37:04.208Z,0.4710,5744,SYNTH
2026-03-13 13:37:05.595Z,0.4691,4385,SYNTH
2026-03-13 13:37:06.515Z,0.4701,3938,SYNTH
2026-03-13 13:37:07.891Z,0.4702,6142,SYNTH
2026-03-13 13:37:08.371Z,0.4705,6970,SYNTH
2026-03-13 13:37:09.276Z,0.4701,3351,SYNTH
2026-03-13 13:37:10.565Z,0.4710,2829,SYNTH
2026-03-13 13:37:11.157Z,0.4690,11477,SYNTH
2026-03-13 13:37:12.715Z,0.4694,9814,SYNTH
2026-03-13 13:37:13.825Z,0.4706,12504,SYNTH
2026-03-13 13:37:14.060Z,0.4696,3033,SYNTH
2026-03-13 13:37:15.773Z,0.4705,2846,SYNTH
2026-03-13 13:37:16.408Z,0.4707,7354,SYNTH
2026-03-13 13:37:17.519Z,0.4699,8928,SYNTH
2026-03-13 13:37:18.838Z,0.4704,7834,SYNTH
2026-03-13 13:37:19.147Z,0.4709,4360,SYNTH
2026-03-13 13:37:20.782Z,0.4707,4513,SYNTH
2026-03-13 13:37:21.363Z,0.4715,2733,SYNTH
2026-03-13 13:37:22.607Z,0.4728,4947,SYNTH
2026-03-13 13:37:23.104Z,0.4742,3311,SYNTH
2026-03-13 13:37:24.033Z,0.4751,2680,SYNTH
2026-03-13 13:37:25.666Z,0.4763,3699,SYNTH
2026-03-13 13:37:26.638Z,0.4779,4209,SYNTH
2026-03-13 13:37:27.691Z,0.4787,4469,SYNTH
2026-03-13 13:37:28.475Z,0.4801,3770,SYNTH
2026-03-13 13:37:29.061Z,0.4818,5092,SYNTH
2026-03-13 13:37:30.262Z,0.4833,3557,SYNTH
2026-03-13 13:37:31.265Z,0.4845,3862,SYNTH
2026-03-13 13:37:32.432Z,0.4857,4985,SYNTH
2026-03-13 13:37:33.180Z,0.4874,3680,SYNTH
2026-03-13 13:37:34.661Z,0.4881,3735,SYNTH
2026-03-13 13:37:35.046Z,0.4893,2516,SYNTH
2026-03-13 13:37:36.365Z,0.4897,2323,SYNTH
2026-03-13 13:37:37.198Z,0.4902,11972,SYNTH
2026-03-13 13:37:38.372Z,0.4908,6899,SYNTH
2026-03-13 13:37:39.787Z,0.4901,12097,SYNTH
2026-03-13 13:37:40.560Z,0.4894,9919,SYNTH
2026-03-13 13:37:41.338Z,0.4890,5531,SYNTH
2026-03-13 13:37:42.826Z,0.4891,4097,SYNTH
2026-03-13 13:37:43.311Z,0.4881,3432,SYNTH
2026-03-13 13:37:44.328Z,0.4879,5094,SYNTH
2026-03-13 13:37:45.763Z,0.4890,3835,SYNTH
2026-03-13 13:37:46.020Z,0.4883,5181,SYNTH
2026-03-13 13:37:47.304Z,0.4893,4752,SYNTH
2026-03-13 13:37:48.764Z,0.4889,3765,SYNTH
2026-03-13 13:37:49.187Z,0.4889,5159,SYNTH
2026-03-13 13:37:50.585Z,0.4894,2743,SYNTH
2026-03-13 13:37:51.642Z,0.4896,6113,SYNTH
2026-03-13 13:37:52.557Z,0.4896,6496,SYNTH
2026-03-13 13:37:53.566Z,0.4897,5274,SYNTH
2026-03-13 13:37:54.220Z,0.4897,6743,SYNTH
2026-03-13 13:37:55.857Z,0.4898,4395,SYNTH
2026-03-13 13:37:56.812Z,0.4906,5678,SYNTH
2026-03-13 13:37:57.302Z,0.4901,7540,SYNTH
2026-03-13 13:37:58.355Z,0.4903,5928,SYNTH
2026-03-13 13:37:59.298Z,0.4909,3910,SYNTH
2026-03-13 13:38:00.533Z,0.4906,3149,SYNTH
2026-03-13 13:38:01.699Z,0.4905,3228,SYNTH
2026-03-13 13:38:02.630Z,0.4890,2234,SYNTH
2026-03-13 13:38:03.520Z,0.4905,3606,SYNTH
2026-03-13 13:38:04.746Z,0.4898,3674,SYNTH
2026-03-13 13:38:05.298Z,0.4896,1713,SYNTH
2026-03-13 13:38:06.129Z,0.4907,2758,SYNTH
2026-03-13 13:38:07.748Z,0.4905,2308,SYNTH
2026-03-13 13:38:08.487Z,0.4908,2528,SYNTH
2026-03-13 13:38:09.604Z,0.4892,2220,SYNTH
2026-03-13 13:38:10.108Z,0.4907,2524,SYNTH
2026-03-13 13:38:11.488Z,0.4892,3428,SYNTH
2026-03-13 13:38:12.593Z,0.4903,4094,SYNTH
2026-03-13 13:38:13.486Z,0.4904,6882,SYNTH
2026-03-13 13:38:14.486Z,0.4897,2257,SYNTH
2026-03-13 13:38:15.652Z,0.4902,2068,SYNTH
2026-03-13 13:38:16.859Z,0.4895,4188,SYNTH
2026-03-13 13:38:17.796Z,0.4900,2547,SYNTH
2026-03-13 13:38:18.237Z,0.4907,3462,SYNTH
2026-03-13 13:38:19.347Z,0.4890,3339,SYNTH
2026-03-13 13:38:20.143Z,0.4889,2034,SYNTH
2026-03-13 13:38:21.723Z,0.4884,1394,SYNTH
2026-03-13 13:38:22.233Z,0.4870,2055,SYNTH
2026-03-13 13:38:23.068Z,0.4862,2067,SYNTH
2026-03-13 13:38:24.494Z,0.4845,1225,SYNTH
2026-03-13 13:38:25.339Z,0.4837,1856,SYNTH
2026-03-13 13:38:26.316Z,0.4829,1852,SYNTH
2026-03-13 13:38:27.201Z,0.4814,1232,SYNTH
2026-03-13 13:38:28.156Z,0.4799,1770,SYNTH
2026-03-13 13:38:29.742Z,0.4783,2039,SYNTH
2026-03-13 13:38:30.514Z,0.4767,2384,SYNTH
2026-03-13 13:38:31.815Z,0.4752,2346,SYNTH
2026-03-13 13:38:32.306Z,0.4742,2356,SYNTH
2026-03-13 13:38:33.670Z,0.4724,1996,SYNTH
2026-03-13 13:38:34.450Z,0.4714,1242,SYNTH
2026-03-13 13:38:35.570Z,0.4706,1364,SYNTH
2026-03-13 13:38:36.629Z,0.4705,2332,SYNTH
2026-03-13 13:38:37.030Z,0.4693,4588,SYNTH
2026-03-13 13:38:38.216Z,0.4695,6675,SYNTH
2026-03-13 13:38:39.896Z,0.4702,3835,SYNTH
2026-03-13 13:38:40.858Z,0.4705,4133,SYNTH
2026-03-13 13:38:41.621Z,0.4715,1120,SYNTH
2026-03-13 13:38:42.292Z,0.4716,2667,SYNTH
2026-03-13 13:38:43.651Z,0.4721,2572,SYNTH
2026-03-13 13:38:44.535Z,0.4727,1457,SYNTH
2026-03-13 13:38:45.488Z,0.4725,3768,SYNTH
2026-03-13 13:38:46.383Z,0.4725,3728,SYNTH
2026-03-13 13:38:47.242Z,0.4714,3196,SYNTH
2026-03-13 13:38:48.663Z,0.4718,1640,SYNTH
2026-03-13 13:38:49.010Z,0.4717,2061,SYNTH
2026-03-13 13:38:50.556Z,0.4713,3038,SYNTH
2026-03-13 13:38:51.409Z,0.4712,2470,SYNTH
2026-03-13 13:38:52.323Z,0.4707,2917,SYNTH
2026-03-13 13:38:53.251Z,0.4704,3154,SYNTH
2026-03-13 13:38:54.818Z,0.4706,3102,SYNTH
2026-03-13 13:38:55.173Z,0.4703,2411,SYNTH
2026-03-13 13:38:56.626Z,0.4700,1655,SYNTH
2026-03-13 13:38:57.185Z,0.4699,3073,SYNTH
2026-03-13 13:38:58.412Z,0.4698,3517,SYNTH
2026-03-13 13:38:59.623Z,0.4705,2769,SYNTH
2026-03-13 13:39:00.795Z,0.4808,4085,SYNTH
2026-03-13 13:39:01.698Z,0.4801,1738,SYNTH
2026-03-13 13:39:02.813Z,0.4810,3914,SYNTH
2026-03-13 13:39:03.605Z,0.4790,3222,SYNTH
2026-03-13 13:39:04.229Z,0.4807,3758,SYNTH
2026-03-13 13:39:05.222Z,0.4793,3137,SYNTH
2026-03-13 13:39:06.503Z,0.4807,2179,SYNTH
2026-03-13 13:39:07.593Z,0.4804,2096,SYNTH
2026-03-13 13:39:08.058Z,0.4809,3174,SYNTH
2026-03-13 13:39:09.644Z,0.4804,3048,SYNTH
2026-03-13 13:39:10.813Z,0.4796,2313,SYNTH
2026-03-13 13:39:11.006Z,0.4794,3392,SYNTH
2026-03-13 13:39:12.434Z,0.4806,7590,SYNTH
2026-03-13 13:39:13.617Z,0.4792,7510,SYNTH
2026-03-13 13:39:14.809Z,0.4811,1681,SYNTH
2026-03-13 13:39:15.265Z,0.4798,1936,SYNTH
2026-03-13 13:39:16.013Z,0.4804,4228,SYNTH
2026-03-13 13:39:17.390Z,0.4808,2790,SYNTH
2026-03-13 13:39:18.218Z,0.4809,3489,SYNTH
2026-03-13 13:39:19.091Z,0.4791,4364,SYNTH
2026-03-13 13:39:20.125Z,0.4792,1776,SYNTH
2026-03-13 13:39:21.519Z,0.4786,2428,SYNTH
2026-03-13 13:39:22.693Z,0.4785,1716,SYNTH
2026-03-13 13:39:23.764Z,0.4775,2175,SYNTH
2026-03-13 13:39:24.236Z,0.4779,1542,SYNTH
2026-03-13 13:39:25.453Z,0.4770,1198,SYNTH
2026-03-13 13:39:26.082Z,0.4762,2421,SYNTH
2026-03-13 13:39:27.603Z,0.4756,1247,SYNTH
2026-03-13 13:39:28.663Z,0.4740,1629,SYNTH
2026-03-13 13:39:29.299Z,0.4734,1410,SYNTH
2026-03-13 13:39:30.603Z,0.4736,1176,SYNTH
2026-03-13 13:39:31.459Z,0.4729,2186,SYNTH
2026-03-13 13:39:32.130Z,0.4716,2363,SYNTH
2026-03-13 13:39:33.238Z,0.4715,1149,SYNTH
2026-03-13 13:39:34.813Z,0.4705,2007,SYNTH
2026-03-13 13:39:35.485Z,0.4703,1411,SYNTH
2026-03-13 13:39:36.727Z,0.4696,1896,SYNTH
2026-03-13 13:39:37.715Z,0.4693,5782,SYNTH
2026-03-13 13:39:38.128Z,0.4698,5292,SYNTH
2026-03-13 13:39:39.793Z,0.4708,5645,SYNTH
2026-03-13 13:39:40.107Z,0.4702,6490,SYNTH
2026-03-13 13:39:41.275Z,0.4706,2382,SYNTH
2026-03-13 13:39:42.374Z,0.4705,2128,SYNTH
2026-03-13 13:39:43.421Z,0.4711,2688,SYNTH
2026-03-13 13:39:44.112Z,0.4714,1523,SYNTH
2026-03-13 13:39:45.429Z,0.4711,2544,SYNTH
2026-03-13 13:39:46.311Z,0.4712,4182,SYNTH
2026-03-13 13:39:47.304Z,0.4717,4713,SYNTH
2026-03-13 13:39:48.838Z,0.4716,1925,SYNTH
2026-03-13 13:39:49.640Z,0.4711,2893,SYNTH
2026-03-13 13:39:50.698Z,0.4702,2611,SYNTH
2026-03-13 13:39:51.751Z,0.4713,3105,SYNTH
2026-03-13 13:39:52.485Z,0.4707,2327,SYNTH
2026-03-13 13:39:53.278Z,0.4701,2741,SYNTH
2026-03-13 13:39:54.145Z,0.4697,3564,SYNTH
2026-03-13 13:39:55.850Z,0.4701,1860,SYNTH
2026-03-13 13:39:56.386Z,0.4697,3074,SYNTH
2026-03-13 13:39:57.532Z,0.4708,2286,SYNTH
2026-03-13 13:39:58.510Z,0.4694,2658,SYNTH
2026-03-13 13:39:59.803Z,0.4705,3931,SYNTH
2026-03-13 13:40:00.861Z,0.4705,1877,SYNTH
2026-03-13 13:40:01.124Z,0.4707,3580,SYNTH
2026-03-13 13:40:02.654Z,0.4696,2875,SYNTH
2026-03-13 13:40:03.214Z,0.4701,2982,SYNTH
2026-03-13 13:40:04.400Z,0.4703,3012,SYNTH
2026-03-13 13:40:05.791Z,0.4703,1666,SYNTH
2026-03-13 13:40:06.060Z,0.4701,2624,SYNTH
2026-03-13 13:40:07.392Z,0.4705,3229,SYNTH
2026-03-13 13:40:08.320Z,0.4697,1601,SYNTH
2026-03-13 13:40:09.275Z,0.4703,1962,SYNTH
2026-03-13 13:40:10.130Z,0.4704,1464,SYNTH
2026-03-13 13:40:11.821Z,0.4697,7416,SYNTH
2026-03-13 13:40:12.363Z,0.4694,3671,SYNTH
2026-03-13 13:40:13.293Z,0.4703,5696,SYNTH
2026-03-13 13:40:14.392Z,0.4709,2927,SYNTH
2026-03-13 13:40:15.619Z,0.4690,1566,SYNTH
2026-03-13 13:40:16.062Z,0.4703,4795,SYNTH
2026-03-13 13:40:17.418Z,0.4702,4461,SYNTH
2026-03-13 13:40:18.552Z,0.4701,4753,SYNTH
2026-03-13 13:40:19.586Z,0.4694,3336,SYNTH
2026-03-13 13:40:20.237Z,0.4709,1624,SYNTH
2026-03-13 13:40:21.478Z,0.4706,1584,SYNTH
2026-03-13 13:40:22.513Z,0.4695,1895,SYNTH
2026-03-13 13:40:23.060Z,0.4700,1803,SYNTH
2026-03-13 13:40:24.122Z,0.4708,1583,SYNTH
2026-03-13 13:40:25.790Z,0.4691,2491,SYNTH
2026-03-13 13:40:26.800Z,0.4707,1256,SYNTH
2026-03-13 13:40:27.362Z,0.4707,1468,SYNTH
2026-03-13 13:40:28.266Z,0.4695,1963,SYNTH
2026-03-13 13:40:29.018Z,0.4710,1761,SYNTH
2026-03-13 13:40:30.721Z,0.4704,2228,SYNTH
2026-03-13 13:40:31.773Z,0.4702,2495,SYNTH
2026-03-13 13:40:32.591Z,0.4696,1156,SYNTH
2026-03-13 13:40:33.841Z,0.4702,1658,SYNTH
2026-03-13 13:40:34.400Z,0.4708,1329,SYNTH
2026-03-13 13:40:35.658Z,0.4707,1639,SYNTH
2026-03-13 13:40:36.332Z,0.4693,1842,SYNTH
2026-03-13 13:40:37.608Z,0.4709,2914,SYNTH
2026-03-13 13:40:38.226Z,0.4701,5532,SYNTH
2026-03-13 13:40:39.860Z,0.4696,3090,SYNTH
2026-03-13 13:40:40.847Z,0.4704,5770,SYNTH
2026-03-13 13:40:41.762Z,0.4705,1266,SYNTH
2026-03-13 13:40:42.706Z,0.4707,2292,SYNTH
2026-03-13 13:40:43.261Z,0.4701,2573,SYNTH
2026-03-13 13:40:44.238Z,0.4698,2224,SYNTH
2026-03-13 13:40:45.062Z,0.4707,2245,SYNTH
2026-03-13 13:40:46.656Z,0.4708,3151,SYNTH
2026-03-13 13:40:47.201Z,0.4706,2139,SYNTH
2026-03-13 13:40:48.574Z,0.4690,2837,SYNTH
2026-03-13 13:40:49.550Z,0.4708,2405,SYNTH
2026-03-13 13:40:50.394Z,0.4693,1551,SYNTH
2026-03-13 13:40:51.645Z,0.4705,3183,SYNTH
2026-03-13 13:40:52.455Z,0.4709,1829,SYNTH
2026-03-13 13:40:53.807Z,0.4706,3506,SYNTH
2026-03-13 13:40:54.893Z,0.4705,2841,SYNTH
2026-03-13 13:40:55.486Z,0.4704,3247,SYNTH
2026-03-13 13:40:56.108Z,0.4694,2229,SYNTH
2026-03-13 13:40:57.656Z,0.4699,1778,SYNTH
2026-03-13 13:40:58.118Z,0.4700,2324,SYNTH
2026-03-13 13:40:59.396Z,0.4702,3522,SYNTH
2026-03-13 13:41:00.726Z,0.4706,4667,SYNTH
2026-03-13 13:41:01.482Z,0.4696,4338,SYNTH
2026-03-13 13:41:02.203Z,0.4707,2180,SYNTH
2026-03-13 13:41:03.410Z,0.4706,1898,SYNTH
2026-03-13 13:41:04.748Z,0.4704,1987,SYNTH
2026-03-13 13:41:05.399Z,0.4699,1993,SYNTH
2026-03-13 13:41:06.097Z,0.4707,2821,SYNTH
2026-03-13 13:41:07.022Z,0.4711,3848,SYNTH
2026-03-13 13:41:08.362Z,0.4699,3791,SYNTH
2026-03-13 13:41:09.862Z,0.4700,3775,SYNTH
2026-03-13 13:41:10.082Z,0.4691,2544,SYNTH
2026-03-13 13:41:11.256Z,0.4702,5601,SYNTH
2026-03-13 13:41:12.426Z,0.4706,5625,SYNTH
2026-03-13 13:41:13.703Z,0.4695,4142,SYNTH
2026-03-13 13:41:14.541Z,0.4702,1778,SYNTH
2026-03-13 13:41:15.179Z,0.4705,3337,SYNTH
2026-03-13 13:41:16.136Z,0.4710,3919,SYNTH
2026-03-13 13:41:17.677Z,0.4693,5950,SYNTH
2026-03-13 13:41:18.437Z,0.4705,5086,SYNTH
2026-03-13 13:41:19.129Z,0.4702,5305,SYNTH
2026-03-13 13:41:20.871Z,0.4708,2645,SYNTH
2026-03-13 13:41:21.846Z,0.4718,2087,SYNTH
2026-03-13 13:41:22.799Z,0.4721,2299,SYNTH
2026-03-13 13:41:23.863Z,0.4725,2983,SYNTH
2026-03-13 13:41:24.170Z,0.4723,1882,SYNTH
2026-03-13 13:41:25.622Z,0.4739,1404,SYNTH
2026-03-13 13:41:26.846Z,0.4739,1785,SYNTH
2026-03-13 13:41:27.048Z,0.4753,1793,SYNTH
2026-03-13 13:41:28.336Z,0.4756,2195,SYNTH
2026-03-13 13:41:29.537Z,0.4762,1495,SYNTH
2026-03-13 13:41:30.827Z,0.4774,1812,SYNTH
2026-03-13 13:41:31.564Z,0.4777,2889,SYNTH
2026-03-13 13:41:32.585Z,0.4777,2939,SYNTH
2026-03-13 13:41:33.844Z,0.4792,2613,SYNTH
2026-03-13 13:41:34.341Z,0.4793,2116,SYNTH
2026-03-13 13:41:35.060Z,0.4797,2061,SYNTH
2026-03-13 13:41:36.165Z,0.4796,2563,SYNTH
2026-03-13 13:41:37.759Z,0.4807,5857,SYNTH
2026-03-13 13:41:38.848Z,0.4804,5060,SYNTH
2026-03-13 13:41:39.136Z,0.4794,5574,SYNTH
2026-03-13 13:41:40.032Z,0.4790,4180,SYNTH
2026-03-13 13:41:41.198Z,0.4795,1785,SYNTH
2026-03-13 13:41:42.768Z,0.4789,3439,SYNTH
2026-03-13 13:41:43.193Z,0.4784,2602,SYNTH
2026-03-13 13:41:44.553Z,0.4780,2537,SYNTH
2026-03-13 13:41:45.430Z,0.4782,4831,SYNTH
2026-03-13 13:41:46.482Z,0.4782,3028,SYNTH
2026-03-13 13:41:47.562Z,0.4797,4842,SYNTH
2026-03-13 13:41:48.110Z,0.4787,3133,SYNTH
2026-03-13 13:41:49.515Z,0.4791,1800,SYNTH
2026-03-13 13:41:50.238Z,0.4799,3511,SYNTH
2026-03-13 13:41:51.318Z,0.4799,3761,SYNTH
2026-03-13 13:41:52.597Z,0.4797,3734,SYNTH
2026-03-13 13:41:53.474Z,0.4804,3658,SYNTH
2026-03-13 13:41:54.042Z,0.4798,3040,SYNTH
2026-03-13 13:41:55.019Z,0.4790,3153,SYNTH
2026-03-13 13:41:56.426Z,0.4800,2696,SYNTH
2026-03-13 13:41:57.239Z,0.4800,2521,SYNTH
2026-03-13 13:41:58.412Z,0.4802,3990,SYNTH
2026-03-13 13:41:59.649Z,0.4804,4976,SYNTH
2026-03-13 13:42:00.499Z,0.4803,4431,SYNTH
2026-03-13 13:42:01.038Z,0.4801,8313,SYNTH
2026-03-13 13:42:02.748Z,0.4792,6358,SYNTH
2026-03-13 13:42:03.182Z,0.4801,5129,SYNTH
2026-03-13 13:42:04.312Z,0.4796,5500,SYNTH
2026-03-13 13:42:05.447Z,0.4800,4731,SYNTH
2026-03-13 13:42:06.332Z,0.4805,7809,SYNTH
2026-03-13 13:42:07.032Z,0.4811,4149,SYNTH
2026-03-13 13:42:08.490Z,0.4793,3613,SYNTH
2026-03-13 13:42:09.532Z,0.4810,5341,SYNTH
2026-03-13 13:42:10.122Z,0.4801,8252,SYNTH
2026-03-13 13:42:11.046Z,0.4808,11604,SYNTH
2026-03-13 13:42:12.466Z,0.4796,19526,SYNTH
2026-03-13 13:42:13.525Z,0.4803,16739,SYNTH
2026-03-13 13:42:14.048Z,0.4805,7367,SYNTH
2026-03-13 13:42:15.237Z,0.4802,7185,SYNTH
2026-03-13 13:42:16.648Z,0.4810,11221,SYNTH
2026-03-13 13:42:17.311Z,0.4792,9460,SYNTH
2026-03-13 13:42:18.544Z,0.4805,7382,SYNTH
2026-03-13 13:42:19.443Z,0.4811,10683,SYNTH
2026-03-13 13:42:20.865Z,0.4822,4414,SYNTH
2026-03-13 13:42:21.021Z,0.4835,4183,SYNTH
2026-03-13 13:42:22.666Z,0.4845,3634,SYNTH
2026-03-13 13:42:23.033Z,0.4869,5083,SYNTH
2026-03-13 13:42:24.540Z,0.4897,5171,SYNTH
2026-03-13 13:42:25.879Z,0.4925,6076,SYNTH
2026-03-13 13:42:26.188Z,0.4943,5184,SYNTH
2026-03-13 13:42:27.499Z,0.4980,4198,SYNTH
2026-03-13 13:42:28.211Z,0.5005,3028,SYNTH
2026-03-13 13:42:29.676Z,0.5032,5524,SYNTH
2026-03-13 13:42:30.367Z,0.5057,3116,SYNTH
2026-03-13 13:42:31.453Z,0.5094,6377,SYNTH
2026-03-13 13:42:32.718Z,0.5116,3720,SYNTH
2026-03-13 13:42:33.743Z,0.5137,4919,SYNTH
2026-03-13 13:42:34.558Z,0.5155,6066,SYNTH
2026-03-13 13:42:35.275Z,0.5180,6132,SYNTH
2026-03-13 13:42:36.311Z,0.5192,3009,SYNTH
2026-03-13 13:42:37.727Z,0.5201,10526,SYNTH
2026-03-13 13:42:38.797Z,0.5201,14215,SYNTH
2026-03-13 13:42:39.249Z,0.5206,16983,SYNTH
2026-03-13 13:42:40.743Z,0.5189,11589,SYNTH
2026-03-13 13:42:41.505Z,0.5178,3643,SYNTH
2026-03-13 13:42:42.124Z,0.5163,6367,SYNTH
2026-03-13 13:42:43.041Z,0.5152,6522,SYNTH
2026-03-13 13:42:44.448Z,0.5136,3132,SYNTH
2026-03-13 13:42:45.543Z,0.5130,8621,SYNTH
2026-03-13 13:42:46.516Z,0.5119,8184,SYNTH
2026-03-13 13:42:47.233Z,0.5116,5657,SYNTH
2026-03-13 13:42:48.548Z,0.5109,5489,SYNTH
2026-03-13 13:42:49.397Z,0.5090,4121,SYNTH
2026-03-13 13:42:50.674Z,0.5071,8451,SYNTH
2026-03-13 13:42:51.485Z,0.5045,6781,SYNTH
2026-03-13 13:42:52.795Z,0.5021,5738,SYNTH
2026-03-13 13:42:53.707Z,0.4994,5335,SYNTH
2026-03-13 13:42:54.493Z,0.4967,4848,SYNTH
2026-03-13 13:42:55.815Z,0.4944,7965,SYNTH
2026-03-13 13:42:56.807Z,0.4921,6703,SYNTH
2026-03-13 13:42:57.624Z,0.4910,9060,SYNTH
2026-03-13 13:42:58.848Z,0.4896,7964,SYNTH
2026-03-13 13:42:59.101Z,0.4898,7231,SYNTH
2026-03-13 13:43:00.105Z,0.4903,4417,SYNTH
2026-03-13 13:43:01.230Z,0.4890,3562,SYNTH
2026-03-13 13:43:02.327Z,0.4889,4964,SYNTH
2026-03-13 13:43:03.437Z,0.4876,2240,SYNTH
2026-03-13 13:43:04.546Z,0.4872,3016,SYNTH
2026-03-13 13:43:05.836Z,0.4857,3325,SYNTH
2026-03-13 13:43:06.803Z,0.4843,4351,SYNTH
2026-03-13 13:43:07.222Z,0.4830,2140,SYNTH
2026-03-13 13:43:08.898Z,0.4819,2907,SYNTH
2026-03-13 13:43:09.547Z,0.4809,2790,SYNTH
2026-03-13 13:43:10.398Z,0.4805,2828,SYNTH
2026-03-13 13:43:11.319Z,0.4795,7242,SYNTH
2026-03-13 13:43:12.094Z,0.4793,8785,SYNTH
2026-03-13 13:43:13.265Z,0.4807,4909,SYNTH
2026-03-13 13:43:14.025Z,0.4812,3571,SYNTH
2026-03-13 13:43:15.027Z,0.4819,1802,SYNTH
2026-03-13 13:43:16.580Z,0.4828,5627,SYNTH
2026-03-13 13:43:17.687Z,0.4831,6413,SYNTH
2026-03-13 13:43:18.701Z,0.4835,5451,SYNTH
2026-03-13 13:43:19.676Z,0.4834,5393,SYNTH
2026-03-13 13:43:20.785Z,0.4843,3043,SYNTH
2026-03-13 13:43:21.874Z,0.4851,2188,SYNTH
2026-03-13 13:43:22.108Z,0.4857,2764,SYNTH
2026-03-13 13:43:23.710Z,0.4865,1941,SYNTH
2026-03-13 13:43:24.218Z,0.4876,2712,SYNTH
2026-03-13 13:43:25.762Z,0.4884,3262,SYNTH
2026-03-13 13:43:26.138Z,0.4894,2139,SYNTH
2026-03-13 13:43:27.567Z,0.4905,1418,SYNTH
2026-03-13 13:43:28.566Z,0.4924,1908,SYNTH
2026-03-13 13:43:29.241Z,0.4933,2083,SYNTH
2026-03-13 13:43:30.398Z,0.4947,1546,SYNTH
2026-03-13 13:43:31.217Z,0.4957,1737,SYNTH
2026-03-13 13:43:32.554Z,0.4968,1471,SYNTH
2026-03-13 13:43:33.009Z,0.4972,1378,SYNTH
2026-03-13 13:43:34.435Z,0.4990,1444,SYNTH
2026-03-13 13:43:35.791Z,0.4991,2763,SYNTH
2026-03-13 13:43:36.670Z,0.4993,2914,SYNTH
2026-03-13 13:43:37.323Z,0.4998,7076,SYNTH
2026-03-13 13:43:38.067Z,0.5007,3760,SYNTH
2026-03-13 13:43:39.166Z,0.5009,6197,SYNTH
2026-03-13 13:43:40.490Z,0.4996,4222,SYNTH
2026-03-13 13:43:41.158Z,0.4993,2077,SYNTH
2026-03-13 13:43:42.687Z,0.4987,2531,SYNTH
2026-03-13 13:43:43.186Z,0.4976,3708,SYNTH
2026-03-13 13:43:44.799Z,0.4967,2886,SYNTH
2026-03-13 13:43:45.360Z,0.4971,3836,SYNTH
2026-03-13 13:43:46.110Z,0.4982,3591,SYNTH
2026-03-13 13:43:47.541Z,0.4983,4708,SYNTH
2026-03-13 13:43:48.420Z,0.4962,3184,SYNTH
2026-03-13 13:43:49.858Z,0.4958,3494,SYNTH
2026-03-13 13:43:50.778Z,0.4948,3322,SYNTH
2026-03-13 13:43:51.870Z,0.4945,2224,SYNTH
2026-03-13 13:43:52.580Z,0.4940,1937,SYNTH
2026-03-13 13:43:53.874Z,0.4925,4212,SYNTH
2026-03-13 13:43:54.762Z,0.4923,4513,SYNTH
2026-03-13 13:43:55.823Z,0.4907,2889,SYNTH
2026-03-13 13:43:56.608Z,0.4907,4332,SYNTH
2026-03-13 13:43:57.314Z,0.4903,4101,SYNTH
2026-03-13 13:43:58.112Z,0.4894,3353,SYNTH
2026-03-13 13:43:59.790Z,0.4893,3460,SYNTH
2026-03-13 13:44:00.705Z,0.4904,6944,SYNTH
2026-03-13 13:44:01.140Z,0.4903,6876,SYNTH
2026-03-13 13:44:02.890Z,0.4908,5408,SYNTH
2026-03-13 13:44:03.394Z,0.4890,10195,SYNTH
2026-03-13 13:44:04.287Z,0.4904,6158,SYNTH
2026-03-13 13:44:05.328Z,0.4901,5487,SYNTH
2026-03-13 13:44:06.876Z,0.4906,4750,SYNTH
2026-03-13 13:44:07.065Z,0.4892,6918,SYNTH
2026-03-13 13:44:08.763Z,0.4903,7135,SYNTH
2026-03-13 13:44:09.378Z,0.4896,3700,SYNTH
2026-03-13 13:44:10.123Z,0.4902,4907,SYNTH
2026-03-13 13:44:11.504Z,0.4900,16139,SYNTH
2026-03-13 13:44:12.882Z,0.4904,15862,SYNTH
2026-03-13 13:44:13.220Z,0.4908,16038,SYNTH
2026-03-13 13:44:14.760Z,0.4891,5835,SYNTH
2026-03-13 13:44:15.632Z,0.4910,6353,SYNTH
2026-03-13 13:44:16.547Z,0.4899,9034,SYNTH
2026-03-13 13:44:17.863Z,0.4900,6824,SYNTH
2026-03-13 13:44:18.572Z,0.4903,5920,SYNTH
2026-03-13 13:44:19.565Z,0.4911,9647,SYNTH
2026-03-13 13:44:20.797Z,0.4915,3337,SYNTH
2026-03-13 13:44:21.147Z,0.4918,7340,SYNTH
2026-03-13 13:44:22.401Z,0.4925,3345,SYNTH
2026-03-13 13:44:23.042Z,0.4936,4050,SYNTH
2026-03-13 13:44:24.512Z,0.4944,5783,SYNTH
2026-03-13 13:44:25.003Z,0.4963,6222,SYNTH
2026-03-13 13:44:26.284Z,0.4972,4839,SYNTH
2026-03-13 13:44:27.247Z,0.4994,4814,SYNTH
2026-03-13 13:44:28.692Z,0.5007,4953,SYNTH
2026-03-13 13:44:29.435Z,0.5017,3363,SYNTH
2026-03-13 13:44:30.350Z,0.5033,5481,SYNTH
2026-03-13 13:44:31.835Z,0.5050,3229,SYNTH
2026-03-13 13:44:32.324Z,0.5056,6335,SYNTH
2026-03-13 13:44:33.366Z,0.5067,5944,SYNTH
2026-03-13 13:44:34.238Z,0.5082,4902,SYNTH
2026-03-13 13:44:35.347Z,0.5091,3982,SYNTH
2026-03-13 13:44:36.760Z,0.5094,5758,SYNTH
2026-03-13 13:44:37.195Z,0.5100,8080,SYNTH
2026-03-13 13:44:38.468Z,0.5105,14485,SYNTH
2026-03-13 13:44:39.880Z,0.5092,11648,SYNTH
2026-03-13 13:44:40.849Z,0.5097,16176,SYNTH
2026-03-13 13:44:41.247Z,0.5083,6025,SYNTH
2026-03-13 13:44:42.514Z,0.5085,6635,SYNTH
2026-03-13 13:44:43.539Z,0.5072,7121,SYNTH
2026-03-13 13:44:44.336Z,0.5072,5276,SYNTH
2026-03-13 13:44:45.511Z,0.5069,9325,SYNTH
2026-03-13 13:44:46.362Z,0.5065,8521,SYNTH
2026-03-13 13:44:47.245Z,0.5078,7000,SYNTH
2026-03-13 13:44:48.260Z,0.5063,4646,SYNTH
2026-03-13 13:44:49.029Z,0.5059,4686,SYNTH
2026-03-13 13:44:50.514Z,0.5052,7676,SYNTH
2026-03-13 13:44:51.602Z,0.5040,5188,SYNTH
2026-03-13 13:44:52.425Z,0.5036,9058,SYNTH
2026-03-13 13:44:53.397Z,0.5029,5645,SYNTH
2026-03-13 13:44:54.754Z,0.5021,4651,SYNTH
2026-03-13 13:44:55.066Z,0.5011,6385,SYNTH
2026-03-13 13:44:56.425Z,0.4999,5955,SYNTH
2026-03-13 13:44:57.505Z,0.5006,10162,SYNTH
2026-03-13 13:44:58.538Z,0.4997,6285,SYNTH
2026-03-13 13:44:59.215Z,0.4991,8281,SYNTH
2026-03-13 13:45:00.214Z,0.5001,2266,SYNTH
2026-03-13 13:45:01.659Z,0.5008,4704,SYNTH
2026-03-13 13:45:02.213Z,0.4993,2078,SYNTH
2026-03-13 13:45:03.136Z,0.5003,2857,SYNTH
2026-03-13 13:45:04.410Z,0.5005,2594,SYNTH
2026-03-13 13:45:05.813Z,0.5002,3522,SYNTH
2026-03-13 13:45:06.524Z,0.5000,3909,SYNTH
2026-03-13 13:45:07.285Z,0.5009,2411,SYNTH
2026-03-13 13:45:08.583Z,0.5009,2790,SYNTH
2026-03-13 13:45:09.276Z,0.4996,2956,SYNTH
2026-03-13 13:45:10.258Z,0.5007,3808,SYNTH
2026-03-13 13:45:11.412Z,0.4992,9050,SYNTH
2026-03-13 13:45:12.017Z,0.5003,5449,SYNTH
2026-03-13 13:45:13.323Z,0.5001,4601,SYNTH
2026-03-13 13:45:14.289Z,0.4996,2706,SYNTH
2026-03-13 13:45:15.571Z,0.5002,3595,SYNTH
2026-03-13 13:45:16.390Z,0.4997,4886,SYNTH
2026-03-13 13:45:17.800Z,0.5004,6173,SYNTH
2026-03-13 13:45:18.321Z,0.5008,3787,SYNTH
2026-03-13 13:45:19.453Z,0.4993,2825,SYNTH
2026-03-13 13:45:20.276Z,0.4990,2629,SYNTH
2026-03-13 13:45:21.817Z,0.4984,1408,SYNTH
2026-03-13 13:45:22.276Z,0.4985,2747,SYNTH
2026-03-13 13:45:23.573Z,0.4976,1672,SYNTH
2026-03-13 13:45:24.665Z,0.4975,2204,SYNTH
2026-03-13 13:45:25.524Z,0.4962,1633,SYNTH
2026-03-13 13:45:26.097Z,0.4963,2053,SYNTH
2026-03-13 13:45:27.229Z,0.4956,2027,SYNTH
2026-03-13 13:45:28.508Z,0.4943,2460,SYNTH
2026-03-13 13:45:29.638Z,0.4935,2288,SYNTH
2026-03-13 13:45:30.179Z,0.4932,2132,SYNTH
2026-03-13 13:45:31.501Z,0.4925,1621,SYNTH
2026-03-13 13:45:32.322Z,0.4922,1891,SYNTH
2026-03-13 13:45:33.818Z,0.4912,2008,SYNTH
2026-03-13 13:45:34.373Z,0.4908,1588,SYNTH
2026-03-13 13:45:35.548Z,0.4908,2814,SYNTH
2026-03-13 13:45:36.183Z,0.4904,2766,SYNTH
2026-03-13 13:45:37.803Z,0.4893,6956,SYNTH
2026-03-13 13:45:38.198Z,0.4907,7744,SYNTH
2026-03-13 13:45:39.587Z,0.4893,4424,SYNTH
2026-03-13 13:45:40.370Z,0.4910,7236,SYNTH
2026-03-13 13:45:41.189Z,0.4905,2386,SYNTH
2026-03-13 13:45:42.061Z,0.4910,2009,SYNTH
2026-03-13 13:45:43.134Z,0.4908,1899,SYNTH
2026-03-13 13:45:44.193Z,0.4915,2716,SYNTH
2026-03-13 13:45:45.624Z,0.4914,2881,SYNTH
2026-03-13 13:45:46.027Z,0.4920,4718,SYNTH
2026-03-13 13:45:47.824Z,0.4921,4461,SYNTH
2026-03-13 13:45:48.272Z,0.4904,3754,SYNTH
2026-03-13 13:45:49.169Z,0.4906,1756,SYNTH
2026-03-13 13:45:50.853Z,0.4900,2051,SYNTH
2026-03-13 13:45:51.717Z,0.4911,3052,SYNTH
2026-03-13 13:45:52.625Z,0.4899,2921,SYNTH
2026-03-13 13:45:53.869Z,0.4902,4172,SYNTH
2026-03-13 13:45:54.492Z,0.4900,3882,SYNTH
2026-03-13 13:45:55.086Z,0.4905,1951,SYNTH
2026-03-13 13:45:56.013Z,0.4893,2439,SYNTH
2026-03-13 13:45:57.221Z,0.4910,4446,SYNTH
2026-03-13 13:45:58.162Z,0.4889,4596,SYNTH
2026-03-13 13:45:59.333Z,0.4902,2325,SYNTH
2026-03-13 13:46:00.009Z,0.5005,3814,SYNTH
2026-03-13 13:46:01.118Z,0.5001,2033,SYNTH
2026-03-13 13:46:02.510Z,0.5001,3748,SYNTH
2026-03-13 13:46:03.057Z,0.5010,3638,SYNTH
2026-03-13 13:46:04.338Z,0.5010,3167,SYNTH
2026-03-13 13:46:05.266Z,0.4995,2230,SYNTH
2026-03-13 13:46:06.210Z,0.5005,1768,SYNTH
2026-03-13 13:46:07.268Z,0.5007,3035,SYNTH
2026-03-13 13:46:08.374Z,0.5009,1591,SYNTH
2026-03-13 13:46:09.105Z,0.4999,2016,SYNTH
2026-03-13 13:46:10.019Z,0.5001,2304,SYNTH
2026-03-13 13:46:11.618Z,0.5002,4478,SYNTH
2026-03-13 13:46:12.382Z,0.4997,5544,SYNTH
2026-03-13 13:46:13.650Z,0.5008,6462,SYNTH
2026-03-13 13:46:14.658Z,0.5006,2520,SYNTH
2026-03-13 13:46:15.737Z,0.5009,2282,SYNTH
2026-03-13 13:46:16.689Z,0.5007,4184,SYNTH
2026-03-13 13:46:17.131Z,0.5009,4450,SYNTH
2026-03-13 13:46:18.703Z,0.4990,2309,SYNTH
2026-03-13 13:46:19.667Z,0.5001,3348,SYNTH
2026-03-13 13:46:20.747Z,0.4989,1140,SYNTH
2026-03-13 13:46:21.842Z,0.4986,1043,SYNTH
2026-03-13 13:46:22.157Z,0.4983,2086,SYNTH
2026-03-13 13:46:23.725Z,0.4979,2128,SYNTH
2026-03-13 13:46:24.096Z,0.4976,2155,SYNTH
2026-03-13 13:46:25.188Z,0.4969,1454,SYNTH
2026-03-13 13:46:26.398Z,0.4963,1575,SYNTH
2026-03-13 13:46:27.045Z,0.4954,1020,SYNTH
2026-03-13 13:46:28.659Z,0.4947,1273,SYNTH
2026-03-13 13:46:29.542Z,0.4937,2312,SYNTH
2026-03-13 13:46:30.741Z,0.4936,2320,SYNTH
2026-03-13 13:46:31.716Z,0.4918,1633,SYNTH
2026-03-13 13:46:32.280Z,0.4921,2251,SYNTH
2026-03-13 13:46:33.747Z,0.4910,1296,SYNTH
2026-03-13 13:46:34.097Z,0.4911,1827,SYNTH
2026-03-13 13:46:35.217Z,0.4900,2154,SYNTH
2026-03-13 13:46:36.375Z,0.4902,1186,SYNTH
2026-03-13 13:46:37.005Z,0.4892,5778,SYNTH
2026-03-13 13:46:38.020Z,0.4893,5573,SYNTH
2026-03-13 13:46:39.381Z,0.4908,4536,SYNTH
2026-03-13 13:46:40.218Z,0.4905,4560,SYNTH
2026-03-13 13:46:41.318Z,0.4910,2683,SYNTH
2026-03-13 13:46:42.111Z,0.4913,1236,SYNTH
2026-03-13 13:46:43.492Z,0.4918,1532,SYNTH
2026-03-13 13:46:44.542Z,0.4916,2303,SYNTH
2026-03-13 13:46:45.861Z,0.4918,4010,SYNTH
2026-03-13 13:46:46.703Z,0.4915,4201,SYNTH
2026-03-13 13:46:47.296Z,0.4908,1966,SYNTH
2026-03-13 13:46:48.439Z,0.4913,1875,SYNTH
2026-03-13 13:46:49.783Z,0.4909,1882,SYNTH
2026-03-13 13:46:50.068Z,0.4902,1291,SYNTH
2026-03-13 13:46:51.751Z,0.4902,2481,SYNTH
2026-03-13 13:46:52.867Z,0.4907,2787,SYNTH
2026-03-13 13:46:53.576Z,0.4898,1478,SYNTH
2026-03-13 13:46:54.877Z,0.4897,1424,SYNTH
2026-03-13 13:46:55.081Z,0.4909,3444,SYNTH
2026-03-13 13:46:56.529Z,0.4896,2618,SYNTH
2026-03-13 13:46:57.642Z,0.4905,2104,SYNTH
2026-03-13 13:46:58.773Z,0.4896,2071,SYNTH
2026-03-13 13:46:59.787Z,0.4904,2785,SYNTH
2026-03-13 13:47:00.185Z,0.4903,1536,SYNTH
2026-03-13 13:47:01.235Z,0.4892,1901,SYNTH
2026-03-13 13:47:02.377Z,0.4909,3229,SYNTH
2026-03-13 13:47:03.007Z,0.4904,2631,SYNTH
2026-03-13 13:47:04.203Z,0.4891,2279,SYNTH
2026-03-13 13:47:05.514Z,0.4895,1379,SYNTH
2026-03-13 13:47:06.449Z,0.4906,1473,SYNTH
2026-03-13 13:47:07.192Z,0.4891,2496,SYNTH
2026-03-13 13:47:08.393Z,0.4909,1996,SYNTH
2026-03-13 13:47:09.895Z,0.4891,2678,SYNTH
2026-03-13 13:47:10.127Z,0.4906,2866,SYNTH
2026-03-13 13:47:11.012Z,0.4908,5144,SYNTH
2026-03-13 13:47:12.883Z,0.4898,6901,SYNTH
2026-03-13 13:47:13.559Z,0.4905,5573,SYNTH
2026-03-13 13:47:14.015Z,0.4897,1446,SYNTH
2026-03-13 13:47:15.049Z,0.4901,1522,SYNTH
2026-03-13 13:47:16.174Z,0.4893,4279,SYNTH
2026-03-13 13:47:17.801Z,0.4904,4023,SYNTH
2026-03-13 13:47:18.142Z,0.4902,2745,SYNTH
2026-03-13 13:47:19.680Z,0.4901,3194,SYNTH
2026-03-13 13:47:20.267Z,0.4890,1303,SYNTH
2026-03-13 13:47:21.312Z,0.4891,1283,SYNTH
2026-03-13 13:47:22.137Z,0.4884,2073,SYNTH
2026-03-13 13:47:23.446Z,0.4882,2089,SYNTH
2026-03-13 13:47:24.544Z,0.4871,1373,SYNTH
2026-03-13 13:47:25.071Z,0.4861,1683,SYNTH
2026-03-13 13:47:26.321Z,0.4863,2104,SYNTH
2026-03-13 13:47:27.172Z,0.4848,1711,SYNTH
2026-03-13 13:47:28.408Z,0.4843,1559,SYNTH
2026-03-13 13:47:29.723Z,0.4842,1993,SYNTH
2026-03-13 13:47:30.612Z,0.4832,1712,SYNTH
2026-03-13 13:47:31.442Z,0.4819,1907,SYNTH
2026-03-13 13:47:32.826Z,0.4816,2262,SYNTH
2026-03-13 13:47:33.798Z,0.4808,2127,SYNTH
2026-03-13 13:47:34.617Z,0.4805,1478,SYNTH
2026-03-13 13:47:35.287Z,0.4803,2301,SYNTH
2026-03-13 13:47:36.815Z,0.4797,2204,SYNTH
2026-03-13 13:47:37.604Z,0.4795,3241,SYNTH
2026-03-13 13:47:38.040Z,0.4791,3068,SYNTH
2026-03-13 13:47:39.194Z,0.4804,5116,SYNTH
2026-03-13 13:47:40.129Z,0.4802,5368,SYNTH
2026-03-13 13:47:41.412Z,0.4807,1324,SYNTH
2026-03-13 13:47:42.349Z,0.4808,1863,SYNTH
2026-03-13 13:47:43.440Z,0.4814,2505,SYNTH
2026-03-13 13:47:44.809Z,0.4813,1866,SYNTH
2026-03-13 13:47:45.831Z,0.4814,1675,SYNTH
2026-03-13 13:47:46.873Z,0.4817,2392,SYNTH
2026-03-13 13:47:47.411Z,0.4822,3301,SYNTH
2026-03-13 13:47:48.632Z,0.4812,1260,SYNTH
2026-03-13 13:47:49.802Z,0.4807,1688,SYNTH
2026-03-13 13:47:50.624Z,0.4804,2308,SYNTH
2026-03-13 13:47:51.048Z,0.4798,3047,SYNTH
2026-03-13 13:47:52.644Z,0.4800,2042,SYNTH
2026-03-13 13:47:53.794Z,0.4802,1374,SYNTH
2026-03-13 13:47:54.496Z,0.4803,1702,SYNTH
2026-03-13 13:47:55.852Z,0.4797,2998,SYNTH
2026-03-13 13:47:56.830Z,0.4797,2308,SYNTH
2026-03-13 13:47:57.469Z,0.4795,1560,SYNTH
2026-03-13 13:47:58.303Z,0.4792,2122,SYNTH
2026-03-13 13:47:59.219Z,0.4801,3592,SYNTH
2026-03-13 13:48:00.712Z,0.4805,6756,SYNTH
2026-03-13 13:48:01.065Z,0.4806,5175,SYNTH
2026-03-13 13:48:02.828Z,0.4795,6707,SYNTH
2026-03-13 13:48:03.292Z,0.4802,3454,SYNTH
2026-03-13 13:48:04.517Z,0.4795,4806,SYNTH
2026-03-13 13:48:05.242Z,0.4791,3444,SYNTH
2026-03-13 13:48:06.201Z,0.4805,4676,SYNTH
2026-03-13 13:48:07.560Z,0.4802,4698,SYNTH
2026-03-13 13:48:08.550Z,0.4807,6895,SYNTH
2026-03-13 13:48:09.827Z,0.4806,6243,SYNTH
2026-03-13 13:48:10.321Z,0.4790,3704,SYNTH
2026-03-13 13:48:11.478Z,0.4803,8330,SYNTH
2026-03-13 13:48:12.522Z,0.4793,14943,SYNTH
2026-03-13 13:48:13.088Z,0.4810,14440,SYNTH
2026-03-13 13:48:14.097Z,0.4805,5489,SYNTH
2026-03-13 13:48:15.635Z,0.4796,6122,SYNTH
2026-03-13 13:48:16.044Z,0.4810,7534,SYNTH
2026-03-13 13:48:17.212Z,0.4802,10470,SYNTH
2026-03-13 13:48:18.548Z,0.4795,7670,SYNTH
2026-03-13 13:48:19.281Z,0.4793,6152,SYNTH
2026-03-13 13:48:20.710Z,0.4791,4224,SYNTH
2026-03-13 13:48:21.213Z,0.4788,5655,SYNTH
2026-03-13 13:48:22.321Z,0.4781,3714,SYNTH
2026-03-13 13:48:23.544Z,0.4776,3849,SYNTH
2026-03-13 13:48:24.251Z,0.4770,3476,SYNTH
2026-03-13 13:48:25.893Z,0.4761,4409,SYNTH
2026-03-13 13:48:26.246Z,0.4763,3154,SYNTH
2026-03-13 13:48:27.144Z,0.4754,3095,SYNTH
2026-03-13 13:48:28.206Z,0.4748,3520,SYNTH
2026-03-13 13:48:29.087Z,0.4734,3598,SYNTH
2026-03-13 13:48:30.825Z,0.4728,3103,SYNTH
2026-03-13 13:48:31.777Z,0.4722,2696,SYNTH
2026-03-13 13:48:32.309Z,0.4713,3736,SYNTH
2026-03-13 13:48:33.498Z,0.4707,4308,SYNTH
2026-03-13 13:48:34.531Z,0.4711,5162,SYNTH
2026-03-13 13:48:35.410Z,0.4698,2753,SYNTH
2026-03-13 13:48:36.609Z,0.4695,2359,SYNTH
2026-03-13 13:48:37.043Z,0.4702,10048,SYNTH
2026-03-13 13:48:38.241Z,0.4692,7002,SYNTH
2026-03-13 13:48:39.454Z,0.4701,9166,SYNTH
2026-03-13 13:48:40.802Z,0.4705,12330,SYNTH
2026-03-13 13:48:41.804Z,0.4710,3163,SYNTH
2026-03-13 13:48:42.874Z,0.4712,4892,SYNTH
2026-03-13 13:48:43.316Z,0.4706,4270,SYNTH
2026-03-13 13:48:44.244Z,0.4715,3530,SYNTH
2026-03-13 13:48:45.030Z,0.4711,5625,SYNTH
2026-03-13 13:48:46.206Z,0.4712,4346,SYNTH
2026-03-13 13:48:47.307Z,0.4711,4116,SYNTH
2026-03-13 13:48:48.200Z,0.4707,3487,SYNTH
2026-03-13 13:48:49.403Z,0.4716,4906,SYNTH
2026-03-13 13:48:50.512Z,0.4705,6592,SYNTH
2026-03-13 13:48:51.850Z,0.4710,7285,SYNTH
2026-03-13 13:48:52.045Z,0.4700,5905,SYNTH
2026-03-13 13:48:53.062Z,0.4709,3342,SYNTH
2026-03-13 13:48:54.697Z,0.4702,7151,SYNTH
2026-03-13 13:48:55.252Z,0.4694,6324,SYNTH
2026-03-13 13:48:56.111Z,0.4710,7824,SYNTH
2026-03-13 13:48:57.182Z,0.4694,4383,SYNTH
2026-03-13 13:48:58.337Z,0.4703,6946,SYNTH
2026-03-13 13:48:59.383Z,0.4709,7200,SYNTH
2026-03-13 13:49:00.725Z,0.4701,3960,SYNTH
2026-03-13 13:49:01.584Z,0.4698,3800,SYNTH
2026-03-13 13:49:02.626Z,0.4702,5586,SYNTH
2026-03-13 13:49:03.890Z,0.4705,4643,SYNTH
2026-03-13 13:49:04.038Z,0.4710,3154,SYNTH
2026-03-13 13:49:05.890Z,0.4696,4690,SYNTH
2026-03-13 13:49:06.281Z,0.4708,5001,SYNTH
2026-03-13 13:49:07.836Z,0.4692,2237,SYNTH
2026-03-13 13:49:08.332Z,0.4690,3422,SYNTH
2026-03-13 13:49:09.211Z,0.4709,2489,SYNTH
2026-03-13 13:49:10.868Z,0.4701,3219,SYNTH
2026-03-13 13:49:11.142Z,0.4702,4695,SYNTH
2026-03-13 13:49:12.086Z,0.4695,10922,SYNTH
2026-03-13 13:49:13.066Z,0.4703,6207,SYNTH
2026-03-13 13:49:14.304Z,0.4710,2395,SYNTH
2026-03-13 13:49:15.600Z,0.4707,4221,SYNTH
2026-03-13 13:49:16.399Z,0.4708,7193,SYNTH
2026-03-13 13:49:17.764Z,0.4695,3566,SYNTH
2026-03-13 13:49:18.235Z,0.4701,6537,SYNTH
2026-03-13 13:49:19.591Z,0.4702,5699,SYNTH
2026-03-13 13:49:20.580Z,0.4709,2257,SYNTH
2026-03-13 13:49:21.257Z,0.4710,2553,SYNTH
2026-03-13 13:49:22.224Z,0.4717,2510,SYNTH
2026-03-13 13:49:23.448Z,0.4723,2284,SYNTH
2026-03-13 13:49:24.580Z,0.4724,3583,SYNTH
2026-03-13 13:49:25.616Z,0.4732,1860,SYNTH
2026-03-13 13:49:26.662Z,0.4736,3788,SYNTH
2026-03-13 13:49:27.835Z,0.4746,2613,SYNTH
2026-03-13 13:49:28.204Z,0.4753,2499,SYNTH
2026-03-13 13:49:29.534Z,0.4763,2651,SYNTH
2026-03-13 13:49:30.221Z,0.4767,1593,SYNTH
2026-03-13 13:49:31.283Z,0.4780,3351,SYNTH
2026-03-13 13:49:32.851Z,0.4784,3442,SYNTH
2026-03-13 13:49:33.100Z,0.4791,1984,SYNTH
2026-03-13 13:49:34.222Z,0.4795,3034,SYNTH
2026-03-13 13:49:35.158Z,0.4797,2287,SYNTH
2026-03-13 13:49:36.446Z,0.4798,2169,SYNTH
2026-03-13 13:49:37.814Z,0.4807,7286,SYNTH
2026-03-13 13:49:38.073Z,0.4804,7668,SYNTH
2026-03-13 13:49:39.811Z,0.4791,7022,SYNTH
2026-03-13 13:49:40.677Z,0.4803,6378,SYNTH
2026-03-13 13:49:41.281Z,0.4787,2345,SYNTH
2026-03-13 13:49:42.675Z,0.4787,2557,SYNTH
2026-03-13 13:49:43.553Z,0.4789,3880,SYNTH
2026-03-13 13:49:44.400Z,0.4784,3975,SYNTH
2026-03-13 13:49:45.241Z,0.4782,4736,SYNTH
2026-03-13 13:49:46.499Z,0.4782,3095,SYNTH
2026-03-13 13:49:47.241Z,0.4795,4154,SYNTH
2026-03-13 13:49:48.382Z,0.4785,3828,SYNTH
2026-03-13 13:49:49.884Z,0.4795,4195,SYNTH
2026-03-13 13:49:50.036Z,0.4796,3596,SYNTH
2026-03-13 13:49:51.286Z,0.4790,2131,SYNTH
2026-03-13 13:49:52.087Z,0.4799,2823,SYNTH
2026-03-13 13:49:53.705Z,0.4796,3333,SYNTH
2026-03-13 13:49:54.018Z,0.4800,5095,SYNTH
2026-03-13 13:49:55.300Z,0.4804,2252,SYNTH
2026-03-13 13:49:56.696Z,0.4803,2272,SYNTH
2026-03-13 13:49:57.257Z,0.4802,4510,SYNTH
2026-03-13 13:49:58.794Z,0.4806,5301,SYNTH
2026-03-13 13:49:59.409Z,0.4802,2968,SYNTH
2026-03-13 13:50:00.825Z,0.4803,3883,SYNTH
2026-03-13 13:50:01.787Z,0.4791,2422,SYNTH
2026-03-13 13:50:02.087Z,0.4790,2308,SYNTH
2026-03-13 13:50:03.022Z,0.4776,4134,SYNTH
2026-03-13 13:50:04.898Z,0.4770,4189,SYNTH
2026-03-13 13:50:05.535Z,0.4755,2886,SYNTH
2026-03-13 13:50:06.192Z,0.4742,2685,SYNTH
2026-03-13 13:50:07.160Z,0.4728,2277,SYNTH
2026-03-13 13:50:08.837Z,0.4715,2679,SYNTH
2026-03-13 13:50:09.490Z,0.4707,1933,SYNTH
2026-03-13 13:50:10.013Z,0.4697,3092,SYNTH
2026-03-13 13:50:11.250Z,0.4699,8355,SYNTH
2026-03-13 13:50:12.378Z,0.4692,4712,SYNTH
2026-03-13 13:50:13.102Z,0.4709,4390,SYNTH
2026-03-13 13:50:14.174Z,0.4713,2375,SYNTH
2026-03-13 13:50:15.814Z,0.4719,2642,SYNTH
2026-03-13 13:50:16.545Z,0.4727,3448,SYNTH
2026-03-13 13:50:17.296Z,0.4728,5961,SYNTH
2026-03-13 13:50:18.821Z,0.4736,6245,SYNTH
2026-03-13 13:50:19.326Z,0.4738,5995,SYNTH
2026-03-13 13:50:20.217Z,0.4733,2530,SYNTH
2026-03-13 13:50:21.633Z,0.4733,1969,SYNTH
2026-03-13 13:50:22.062Z,0.4737,2112,SYNTH
2026-03-13 13:50:23.554Z,0.4748,2765,SYNTH
2026-03-13 13:50:24.818Z,0.4750,1543,SYNTH
2026-03-13 13:50:25.605Z,0.4757,2912,SYNTH
2026-03-13 13:50:26.317Z,0.4754,2224,SYNTH
2026-03-13 13:50:27.165Z,0.4767,1994,SYNTH
2026-03-13 13:50:28.128Z,0.4765,2343,SYNTH
2026-03-13 13:50:29.116Z,0.4771,1904,SYNTH
2026-03-13 13:50:30.497Z,0.4775,2879,SYNTH
2026-03-13 13:50:31.117Z,0.4783,2702,SYNTH
2026-03-13 13:50:32.087Z,0.4791,2812,SYNTH
2026-03-13 13:50:33.306Z,0.4796,2203,SYNTH
2026-03-13 13:50:34.272Z,0.4800,2763,SYNTH
2026-03-13 13:50:35.025Z,0.4801,3330,SYNTH
2026-03-13 13:50:36.138Z,0.4802,2176,SYNTH
2026-03-13 13:50:37.419Z,0.4809,4803,SYNTH
2026-03-13 13:50:38.639Z,0.4795,6822,SYNTH
2026-03-13 13:50:39.172Z,0.4806,5351,SYNTH
2026-03-13 13:50:40.688Z,0.4807,4410,SYNTH
2026-03-13 13:50:41.388Z,0.4800,2543,SYNTH
2026-03-13 13:50:42.057Z,0.4803,1501,SYNTH
2026-03-13 13:50:43.201Z,0.4793,2571,SYNTH
2026-03-13 13:50:44.500Z,0.4802,1635,SYNTH
2026-03-13 13:50:45.428Z,0.4805,5389,SYNTH
2026-03-13 13:50:46.691Z,0.4807,5122,SYNTH
2026-03-13 13:50:47.236Z,0.4809,5312,SYNTH
2026-03-13 13:50:48.392Z,0.4808,3158,SYNTH
2026-03-13 13:50:49.607Z,0.4804,2045,SYNTH
2026-03-13 13:50:50.104Z,0.4802,2920,SYNTH
2026-03-13 13:50:51.541Z,0.4805,2235,SYNTH
2026-03-13 13:50:52.512Z,0.4803,2420,SYNTH
2026-03-13 13:50:53.726Z,0.4811,2811,SYNTH
2026-03-13 13:50:54.129Z,0.4799,2690,SYNTH
2026-03-13 13:50:55.796Z,0.4805,2720,SYNTH
2026-03-13 13:50:56.185Z,0.4793,4209,SYNTH
2026-03-13 13:50:57.510Z,0.4800,3266,SYNTH
2026-03-13 13:50:58.588Z,0.4803,4057,SYNTH
2026-03-13 13:50:59.767Z,0.4800,2155,SYNTH
2026-03-13 13:51:00.678Z,0.4810,4528,SYNTH
2026-03-13 13:51:01.263Z,0.4795,5118,SYNTH
2026-03-13 13:51:02.136Z,0.4808,3336,SYNTH
2026-03-13 13:51:03.352Z,0.4804,3644,SYNTH
2026-03-13 13:51:04.800Z,0.4802,5608,SYNTH
2026-03-13 13:51:05.647Z,0.4796,3812,SYNTH
2026-03-13 13:51:06.727Z,0.4806,4031,SYNTH
2026-03-13 13:51:07.546Z,0.4810,5216,SYNTH
2026-03-13 13:51:08.430Z,0.4796,4579,SYNTH
2026-03-13 13:51:09.796Z,0.4808,2889,SYNTH
2026-03-13 13:51:10.503Z,0.4806,3649,SYNTH
2026-03-13 13:51:11.407Z,0.4803,10869,SYNTH
2026-03-13 13:51:12.433Z,0.4797,12613,SYNTH
2026-03-13 13:51:13.400Z,0.4802,6559,SYNTH
2026-03-13 13:51:14.086Z,0.4810,3621,SYNTH
2026-03-13 13:51:15.511Z,0.4791,3893,SYNTH
2026-03-13 13:51:16.378Z,0.4801,8609,SYNTH
2026-03-13 13:51:17.674Z,0.4802,5159,SYNTH
2026-03-13 13:51:18.525Z,0.4805,3634,SYNTH
2026-03-13 13:51:19.294Z,0.4791,7772,SYNTH
2026-03-13 13:51:20.757Z,0.4793,3861,SYNTH
2026-03-13 13:51:21.066Z,0.4782,2467,SYNTH
2026-03-13 13:51:22.133Z,0.4786,2962,SYNTH
2026-03-13 13:51:23.316Z,0.4774,2769,SYNTH
2026-03-13 13:51:24.369Z,0.4775,3767,SYNTH
2026-03-13 13:51:25.861Z,0.4768,2697,SYNTH
2026-03-13 13:51:26.676Z,0.4758,3354,SYNTH
2026-03-13 13:51:27.609Z,0.4749,1812,SYNTH
2026-03-13 13:51:28.393Z,0.4739,3696,SYNTH
2026-03-13 13:51:29.828Z,0.4735,2243,SYNTH
2026-03-13 13:51:30.530Z,0.4736,2299,SYNTH
2026-03-13 13:51:31.851Z,0.4725,2148,SYNTH
2026-03-13 13:51:32.284Z,0.4715,3906,SYNTH
2026-03-13 13:51:33.151Z,0.4708,3781,SYNTH
2026-03-13 13:51:34.758Z,0.4707,3949,SYNTH
2026-03-13 13:51:35.795Z,0.4703,4286,SYNTH
2026-03-13 13:51:36.698Z,0.4695,3100,SYNTH
2026-03-13 13:51:37.479Z,0.4696,9299,SYNTH
2026-03-13 13:51:38.376Z,0.4698,5354,SYNTH
2026-03-13 13:51:39.689Z,0.4699,7071,SYNTH
2026-03-13 13:51:40.294Z,0.4705,4883,SYNTH
2026-03-13 13:51:41.204Z,0.4714,2874,SYNTH
2026-03-13 13:51:42.084Z,0.4714,3654,SYNTH
2026-03-13 13:51:43.045Z,0.4717,2894,SYNTH
2026-03-13 13:51:44.860Z,0.4719,2697,SYNTH
2026-03-13 13:51:45.057Z,0.4722,4463,SYNTH
2026-03-13 13:51:46.157Z,0.4718,5240,SYNTH
2026-03-13 13:51:47.560Z,0.4722,4650,SYNTH
2026-03-13 13:51:48.593Z,0.4706,4083,SYNTH
2026-03-13 13:51:49.526Z,0.4720,4940,SYNTH
2026-03-13 13:51:50.419Z,0.4709,2678,SYNTH
2026-03-13 13:51:51.476Z,0.4701,3976,SYNTH
2026-03-13 13:51:52.782Z,0.4706,3546,SYNTH
2026-03-13 13:51:53.739Z,0.4699,2886,SYNTH
2026-03-13 13:51:54.343Z,0.4696,2924,SYNTH
2026-03-13 13:51:55.888Z,0.4694,3162,SYNTH
2026-03-13 13:51:56.132Z,0.4706,3166,SYNTH
2026-03-13 13:51:57.655Z,0.4700,5720,SYNTH
2026-03-13 13:51:58.381Z,0.4699,4715,SYNTH
2026-03-13 13:51:59.519Z,0.4705,4664,SYNTH
2026-03-13 13:52:00.172Z,0.4708,3092,SYNTH
2026-03-13 13:52:01.096Z,0.4709,2175,SYNTH
2026-03-13 13:52:02.673Z,0.4691,2043,SYNTH
2026-03-13 13:52:03.010Z,0.4708,1795,SYNTH
2026-03-13 13:52:04.806Z,0.4703,2532,SYNTH
2026-03-13 13:52:05.614Z,0.4702,1407,SYNTH
2026-03-13 13:52:06.406Z,0.4704,1841,SYNTH
2026-03-13 13:52:07.727Z,0.4707,1086,SYNTH
2026-03-13 13:52:08.033Z,0.4702,1226,SYNTH
2026-03-13 13:52:09.094Z,0.4695,1205,SYNTH
2026-03-13 13:52:10.654Z,0.4707,1724,SYNTH
2026-03-13 13:52:11.717Z,0.4690,4818,SYNTH
2026-03-13 13:52:12.101Z,0.4704,5328,SYNTH
2026-03-13 13:52:13.168Z,0.4705,3051,SYNTH
2026-03-13 13:52:14.288Z,0.4708,981,SYNTH
2026-03-13 13:52:15.437Z,0.4692,1624,SYNTH
2026-03-13 13:52:16.457Z,0.4705,2228,SYNTH
2026-03-13 13:52:17.096Z,0.4694,3504,SYNTH
2026-03-13 13:52:18.577Z,0.4706,1853,SYNTH
2026-03-13 13:52:19.746Z,0.4710,2618,SYNTH
2026-03-13 13:52:20.714Z,0.4706,2105,SYNTH
2026-03-13 13:52:21.776Z,0.4707,1577,SYNTH
2026-03-13 13:52:22.342Z,0.4718,1890,SYNTH
2026-03-13 13:52:23.807Z,0.4721,1131,SYNTH
2026-03-13 13:52:24.298Z,0.4729,1831,SYNTH
2026-03-13 13:52:25.017Z,0.4739,1217,SYNTH
2026-03-13 13:52:26.768Z,0.4740,1985,SYNTH
2026-03-13 13:52:27.890Z,0.4749,811,SYNTH
2026-03-13 13:52:28.250Z,0.4752,1679,SYNTH
2026-03-13 13:52:29.853Z,0.4763,1909,SYNTH
2026-03-13 13:52:30.713Z,0.4770,1229,SYNTH
2026-03-13 13:52:31.865Z,0.4774,1239,SYNTH
2026-03-13 13:52:32.780Z,0.4780,1564,SYNTH
2026-03-13 13:52:33.524Z,0.4788,1746,SYNTH
2026-03-13 13:52:34.186Z,0.4790,1537,SYNTH
2026-03-13 13:52:35.290Z,0.4802,940,SYNTH
2026-03-13 13:52:36.279Z,0.4798,1772,SYNTH
2026-03-13 13:52:37.240Z,0.4804,4353,SYNTH
2026-03-13 13:52:38.758Z,0.4797,3043,SYNTH
2026-03-13 13:52:39.227Z,0.4806,3822,SYNTH
2026-03-13 13:52:40.367Z,0.4792,2952,SYNTH
2026-03-13 13:52:41.639Z,0.4787,2147,SYNTH
2026-03-13 13:52:42.559Z,0.4790,2159,SYNTH
2026-03-13 13:52:43.030Z,0.4788,1638,SYNTH
2026-03-13 13:52:44.497Z,0.4784,1950,SYNTH
2026-03-13 13:52:45.298Z,0.4783,1487,SYNTH
2026-03-13 13:52:46.748Z,0.4789,2360,SYNTH
2026-03-13 13:52:47.270Z,0.4775,2713,SYNTH
2026-03-13 13:52:48.169Z,0.4777,2084,SYNTH
2026-03-13 13:52:49.773Z,0.4769,2287,SYNTH
2026-03-13 13:52:50.789Z,0.4755,2008,SYNTH
2026-03-13 13:52:51.075Z,0.4747,2124,SYNTH
2026-03-13 13:52:52.113Z,0.4742,1678,SYNTH
2026-03-13 13:52:53.636Z,0.4734,2493,SYNTH
2026-03-13 13:52:54.042Z,0.4725,2030,SYNTH
2026-03-13 13:52:55.074Z,0.4719,1785,SYNTH
2026-03-13 13:52:56.646Z,0.4711,2348,SYNTH
2026-03-13 13:52:57.142Z,0.4698,1593,SYNTH
2026-03-13 13:52:58.600Z,0.4694,2220,SYNTH
2026-03-13 13:52:59.226Z,0.4691,2161,SYNTH
2026-03-13 13:53:00.701Z,0.4710,6622,SYNTH
2026-03-13 13:53:01.133Z,0.4696,6752,SYNTH
2026-03-13 13:53:02.457Z,0.4690,3958,SYNTH
2026-03-13 13:53:03.643Z,0.4679,5431,SYNTH
2026-03-13 13:53:04.081Z,0.4667,5895,SYNTH
2026-03-13 13:53:05.144Z,0.4656,6773,SYNTH
2026-03-13 13:53:06.784Z,0.4642,3383,SYNTH
2026-03-13 13:53:07.385Z,0.4630,6715,SYNTH
2026-03-13 13:53:08.837Z,0.4616,3752,SYNTH
2026-03-13 13:53:09.794Z,0.4609,4933,SYNTH
2026-03-13 13:53:10.557Z,0.4600,4298,SYNTH
2026-03-13 13:53:11.610Z,0.4600,12204,SYNTH
2026-03-13 13:53:12.550Z,0.4599,8229,SYNTH
2026-03-13 13:53:13.028Z,0.4605,13035,SYNTH
2026-03-13 13:53:14.428Z,0.4612,5253,SYNTH
2026-03-13 13:53:15.824Z,0.4618,3416,SYNTH
2026-03-13 13:53:16.518Z,0.4624,8524,SYNTH
2026-03-13 13:53:17.776Z,0.4628,7367,SYNTH
2026-03-13 13:53:18.589Z,0.4627,9250,SYNTH
2026-03-13 13:53:19.302Z,0.4623,8589,SYNTH
2026-03-13 13:53:20.126Z,0.4623,3877,SYNTH
2026-03-13 13:53:21.582Z,0.4631,3222,SYNTH
2026-03-13 13:53:22.545Z,0.4633,3831,SYNTH
2026-03-13 13:53:23.150Z,0.4633,4729,SYNTH
2026-03-13 13:53:24.416Z,0.4644,2804,SYNTH
2026-03-13 13:53:25.092Z,0.4646,2810,SYNTH
2026-03-13 13:53:26.639Z,0.4652,2459,SYNTH
2026-03-13 13:53:27.607Z,0.4657,3403,SYNTH
2026-03-13 13:53:28.591Z,0.4662,3206,SYNTH
2026-03-13 13:53:29.001Z,0.4671,3287,SYNTH
2026-03-13 13:53:30.800Z,0.4679,3969,SYNTH
2026-03-13 13:53:31.888Z,0.4687,2962,SYNTH
2026-03-13 13:53:32.034Z,0.4690,4678,SYNTH
2026-03-13 13:53:33.881Z,0.4692,2784,SYNTH
2026-03-13 13:53:34.500Z,0.4694,4422,SYNTH
2026-03-13 13:53:35.584Z,0.4701,2313,SYNTH
2026-03-13 13:53:36.033Z,0.4702,4599,SYNTH
2026-03-13 13:53:37.881Z,0.4703,10268,SYNTH
2026-03-13 13:53:38.517Z,0.4700,10447,SYNTH
2026-03-13 13:53:39.580Z,0.4702,7010,SYNTH
2026-03-13 13:53:40.485Z,0.4710,6358,SYNTH
2026-03-13 13:53:41.745Z,0.4689,4920,SYNTH
2026-03-13 13:53:42.254Z,0.4708,4285,SYNTH
2026-03-13 13:53:43.874Z,0.4707,3460,SYNTH
2026-03-13 13:53:44.016Z,0.4699,3773,SYNTH
2026-03-13 13:53:45.245Z,0.4706,7186,SYNTH
2026-03-13 13:53:46.090Z,0.4702,4448,SYNTH
2026-03-13 13:53:47.769Z,0.4707,3871,SYNTH
2026-03-13 13:53:48.239Z,0.4703,4500,SYNTH
2026-03-13 13:53:49.734Z,0.4702,5097,SYNTH
2026-03-13 13:53:50.391Z,0.4691,6353,SYNTH
2026-03-13 13:53:51.315Z,0.4707,4596,SYNTH
2026-03-13 13:53:52.893Z,0.4710,5876,SYNTH
2026-03-13 13:53:53.156Z,0.4690,5724,SYNTH
2026-03-13 13:53:54.048Z,0.4706,3837,SYNTH
2026-03-13 13:53:55.091Z,0.4691,4461,SYNTH
2026-03-13 13:53:56.858Z,0.4692,3935,SYNTH
2026-03-13 13:53:57.745Z,0.4707,4614,SYNTH
2026-03-13 13:53:58.719Z,0.4706,4559,SYNTH
2026-03-13 13:53:59.049Z,0.4710,5296,SYNTH
2026-03-13 13:54:00.563Z,0.4710,4368,SYNTH
2026-03-13 13:54:01.381Z,0.4706,2155,SYNTH
2026-03-13 13:54:02.028Z,0.4697,2607,SYNTH
2026-03-13 13:54:03.754Z,0.4705,2305,SYNTH
2026-03-13 13:54:04.388Z,0.4701,1904,SYNTH
2026-03-13 13:54:05.726Z,0.4704,3180,SYNTH
2026-03-13 13:54:06.420Z,0.4700,2189,SYNTH
2026-03-13 13:54:07.218Z,0.4697,2290,SYNTH
2026-03-13 13:54:08.345Z,0.4702,3428,SYNTH
2026-03-13 13:54:09.102Z,0.4692,3725,SYNTH
2026-03-13 13:54:10.589Z,0.4708,3499,SYNTH
2026-03-13 13:54:11.869Z,0.4703,6239,SYNTH
2026-03-13 13:54:12.564Z,0.4702,5117,SYNTH
2026-03-13 13:54:13.115Z,0.4707,5767,SYNTH
2026-03-13 13:54:14.198Z,0.4693,2424,SYNTH
2026-03-13 13:54:15.653Z,0.4690,2751,SYNTH
2026-03-13 13:54:16.608Z,0.4709,5667,SYNTH
2026-03-13 13:54:17.863Z,0.4690,2707,SYNTH
2026-03-13 13:54:18.245Z,0.4701,2437,SYNTH
2026-03-13 13:54:19.040Z,0.4710,5204,SYNTH
2026-03-13 13:54:20.507Z,0.4710,1579,SYNTH
2026-03-13 13:54:21.616Z,0.4702,2278,SYNTH
2026-03-13 13:54:22.033Z,0.4694,2430,SYNTH
2026-03-13 13:54:23.138Z,0.4702,2156,SYNTH
2026-03-13 13:54:24.651Z,0.4692,1874,SYNTH
2026-03-13 13:54:25.787Z,0.4703,2672,SYNTH
2026-03-13 13:54:26.132Z,0.4695,1170,SYNTH
2026-03-13 13:54:27.731Z,0.4702,1884,SYNTH
2026-03-13 13:54:28.577Z,0.4701,2163,SYNTH
2026-03-13 13:54:29.205Z,0.4691,2221,SYNTH
2026-03-13 13:54:30.405Z,0.4702,1174,SYNTH
2026-03-13 13:54:31.531Z,0.4702,2038,SYNTH
2026-03-13 13:54:32.327Z,0.4699,1381,SYNTH
2026-03-13 13:54:33.670Z,0.4707,2205,SYNTH
2026-03-13 13:54:34.594Z,0.4706,2655,SYNTH
2026-03-13 13:54:35.332Z,0.4691,2807,SYNTH
2026-03-13 13:54:36.376Z,0.4697,2415,SYNTH
2026-03-13 13:54:37.243Z,0.4708,5785,SYNTH
2026-03-13 13:54:38.198Z,0.4709,3240,SYNTH
2026-03-13 13:54:39.847Z,0.4704,6141,SYNTH
2026-03-13 13:54:40.289Z,0.4693,3469,SYNTH
2026-03-13 13:54:41.786Z,0.4708,1930,SYNTH
2026-03-13 13:54:42.219Z,0.4708,3045,SYNTH
2026-03-13 13:54:43.629Z,0.4696,2748,SYNTH
2026-03-13 13:54:44.776Z,0.4705,1839,SYNTH
2026-03-13 13:54:45.785Z,0.4706,4318,SYNTH
2026-03-13 13:54:46.743Z,0.4707,3360,SYNTH
2026-03-13 13:54:47.377Z,0.4710,3181,SYNTH
2026-03-13 13:54:48.557Z,0.4708,2613,SYNTH
2026-03-13 13:54:49.888Z,0.4690,1709,SYNTH
2026-03-13 13:54:50.712Z,0.4703,2483,SYNTH
2026-03-13 13:54:51.855Z,0.4706,1989,SYNTH
2026-03-13 13:54:52.789Z,0.4701,3220,SYNTH
2026-03-13 13:54:53.699Z,0.4691,1821,SYNTH
2026-03-13 13:54:54.172Z,0.4701,1647,SYNTH
2026-03-13 13:54:55.302Z,0.4695,2488,SYNTH
2026-03-13 13:54:56.495Z,0.4708,2876,SYNTH
2026-03-13 13:54:57.812Z,0.4709,3825,SYNTH
2026-03-13 13:54:58.610Z,0.4701,4076,SYNTH
2026-03-13 13:54:59.706Z,0.4699,2520,SYNTH
2026-03-13 13:55:00.156Z,0.4707,4336,SYNTH
2026-03-13 13:55:01.245Z,0.4702,2107,SYNTH
2026-03-13 13:55:02.258Z,0.4702,2538,SYNTH
2026-03-13 13:55:03.136Z,0.4708,2558,SYNTH
2026-03-13 13:55:04.515Z,0.4698,2593,SYNTH
2026-03-13 13:55:05.260Z,0.4707,3485,SYNTH
2026-03-13 13:55:06.043Z,0.4695,2069,SYNTH
2026-03-13 13:55:07.611Z,0.4702,2422,SYNTH
2026-03-13 13:55:08.003Z,0.4709,4041,SYNTH
2026-03-13 13:55:09.020Z,0.4703,2355,SYNTH
2026-03-13 13:55:10.339Z,0.4692,3714,SYNTH
2026-03-13 13:55:11.051Z,0.4704,8148,SYNTH
2026-03-13 13:55:12.470Z,0.4702,6063,SYNTH
2026-03-13 13:55:13.592Z,0.4693,6453,SYNTH
2026-03-13 13:55:14.324Z,0.4708,3864,SYNTH
2026-03-13 13:55:15.719Z,0.4710,2827,SYNTH
2026-03-13 13:55:16.079Z,0.4692,3203,SYNTH
2026-03-13 13:55:17.698Z,0.4694,5494,SYNTH
2026-03-13 13:55:18.200Z,0.4707,6234,SYNTH
2026-03-13 13:55:19.860Z,0.4705,6037,SYNTH
2026-03-13 13:55:20.257Z,0.4713,1932,SYNTH
2026-03-13 13:55:21.887Z,0.4712,1799,SYNTH
2026-03-13 13:55:22.816Z,0.4714,1921,SYNTH
2026-03-13 13:55:23.370Z,0.4720,2456,SYNTH
2026-03-13 13:55:24.695Z,0.4725,2369,SYNTH
2026-03-13 13:55:25.169Z,0.4737,2231,SYNTH
2026-03-13 13:55:26.157Z,0.4741,2132,SYNTH
2026-03-13 13:55:27.113Z,0.4745,3366,SYNTH
2026-03-13 13:55:28.802Z,0.4757,3223,SYNTH
2026-03-13 13:55:29.175Z,0.4762,2377,SYNTH
2026-03-13 13:55:30.454Z,0.4769,2475,SYNTH
2026-03-13 13:55:31.384Z,0.4776,2398,SYNTH
2026-03-13 13:55:32.804Z,0.4779,3179,SYNTH
2026-03-13 13:55:33.035Z,0.4786,1859,SYNTH
2026-03-13 13:55:34.368Z,0.4793,1592,SYNTH
2026-03-13 13:55:35.068Z,0.4793,3018,SYNTH
2026-03-13 13:55:36.833Z,0.4799,1946,SYNTH
2026-03-13 13:55:37.842Z,0.4802,6327,SYNTH
2026-03-13 13:55:38.713Z,0.4805,6855,SYNTH
2026-03-13 13:55:39.622Z,0.4796,7721,SYNTH
2026-03-13 13:55:40.477Z,0.4788,7729,SYNTH
2026-03-13 13:55:41.899Z,0.4787,1652,SYNTH
2026-03-13 13:55:42.205Z,0.4785,1637,SYNTH
2026-03-13 13:55:43.512Z,0.4776,3260,SYNTH
2026-03-13 13:55:44.013Z,0.4771,2962,SYNTH
2026-03-13 13:55:45.477Z,0.4773,4959,SYNTH
2026-03-13 13:55:46.752Z,0.4767,5453,SYNTH
2026-03-13 13:55:47.160Z,0.4776,3412,SYNTH
2026-03-13 13:55:48.113Z,0.4767,2589,SYNTH
2026-03-13 13:55:49.812Z,0.4761,2344,SYNTH
2026-03-13 13:55:50.696Z,0.4752,3286,SYNTH
2026-03-13 13:55:51.466Z,0.4743,2494,SYNTH
2026-03-13 13:55:52.007Z,0.4737,3909,SYNTH
2026-03-13 13:55:53.228Z,0.4727,2451,SYNTH
2026-03-13 13:55:54.075Z,0.4717,2806,SYNTH
2026-03-13 13:55:55.580Z,0.4712,3389,SYNTH
2026-03-13 13:55:56.384Z,0.4711,4244,SYNTH
2026-03-13 13:55:57.657Z,0.4705,4016,SYNTH
2026-03-13 13:55:58.075Z,0.4693,4308,SYNTH
2026-03-13 13:55:59.365Z,0.4707,4717,SYNTH
2026-03-13 13:56:00.406Z,0.4704,1462,SYNTH
2026-03-13 13:56:01.130Z,0.4691,1500,SYNTH
2026-03-13 13:56:02.210Z,0.4704,1665,SYNTH
2026-03-13 13:56:03.060Z,0.4703,971,SYNTH
2026-03-13 13:56:04.152Z,0.4690,1086,SYNTH
2026-03-13 13:56:05.073Z,0.4699,893,SYNTH
2026-03-13 13:56:06.723Z,0.4704,1086,SYNTH
2026-03-13 13:56:07.843Z,0.4702,1339,SYNTH
2026-03-13 13:56:08.454Z,0.4705,1055,SYNTH
2026-03-13 13:56:09.311Z,0.4702,1540,SYNTH
2026-03-13 13:56:10.353Z,0.4696,1037,SYNTH
2026-03-13 13:56:11.380Z,0.4703,2384,SYNTH
2026-03-13 13:56:12.220Z,0.4693,2468,SYNTH
2026-03-13 13:56:13.291Z,0.4704,2811,SYNTH
2026-03-13 13:56:14.472Z,0.4706,600,SYNTH
2026-03-13 13:56:15.057Z,0.4708,1082,SYNTH
2026-03-13 13:56:16.779Z,0.4696,2273,SYNTH
2026-03-13 13:56:17.275Z,0.4701,1239,SYNTH
2026-03-13 13:56:18.350Z,0.4699,1813,SYNTH
2026-03-13 13:56:19.341Z,0.4700,2107,SYNTH
2026-03-13 13:56:20.132Z,0.4707,649,SYNTH
2026-03-13 13:56:21.338Z,0.4706,859,SYNTH
2026-03-13 13:56:22.547Z,0.4694,1001,SYNTH
2026-03-13 13:56:23.047Z,0.4701,762,SYNTH
2026-03-13 13:56:24.757Z,0.4701,671,SYNTH
2026-03-13 13:56:25.002Z,0.4704,935,SYNTH
2026-03-13 13:56:26.268Z,0.4696,1040,SYNTH
2026-03-13 13:56:27.751Z,0.4703,1167,SYNTH
2026-03-13 13:56:28.469Z,0.4693,583,SYNTH
2026-03-13 13:56:29.026Z,0.4708,803,SYNTH
2026-03-13 13:56:30.593Z,0.4702,925,SYNTH
2026-03-13 13:56:31.875Z,0.4694,717,SYNTH
2026-03-13 13:56:32.119Z,0.4703,1105,SYNTH
2026-03-13 13:56:33.448Z,0.4696,584,SYNTH
2026-03-13 13:56:34.276Z,0.4706,587,SYNTH
2026-03-13 13:56:35.786Z,0.4700,1093,SYNTH
2026-03-13 13:56:36.280Z,0.4706,796,SYNTH
2026-03-13 13:56:37.865Z,0.4695,2840,SYNTH
2026-03-13 13:56:38.418Z,0.4701,2962,SYNTH
2026-03-13 13:56:39.857Z,0.4710,3021,SYNTH
2026-03-13 13:56:40.483Z,0.4695,2136,SYNTH
2026-03-13 13:56:41.715Z,0.4692,614,SYNTH
2026-03-13 13:56:42.619Z,0.4701,1118,SYNTH
2026-03-13 13:56:43.375Z,0.4702,675,SYNTH
2026-03-13 13:56:44.171Z,0.4700,800,SYNTH
2026-03-13 13:56:45.685Z,0.4708,918,SYNTH
2026-03-13 13:56:46.369Z,0.4706,1423,SYNTH
2026-03-13 13:56:47.263Z,0.4697,1834,SYNTH
2026-03-13 13:56:48.628Z,0.4708,1492,SYNTH
2026-03-13 13:56:49.684Z,0.4708,1155,SYNTH
2026-03-13 13:56:50.473Z,0.4697,989,SYNTH
2026-03-13 13:56:51.651Z,0.4709,1141,SYNTH
2026-03-13 13:56:52.278Z,0.4699,1063,SYNTH
2026-03-13 13:56:53.409Z,0.4698,1094,SYNTH
2026-03-13 13:56:54.488Z,0.4705,835,SYNTH
2026-03-13 13:56:55.006Z,0.4703,842,SYNTH
2026-03-13 13:56:56.526Z,0.4701,1800,SYNTH
2026-03-13 13:56:57.260Z,0.4697,1277,SYNTH
2026-03-13 13:56:58.877Z,0.4704,1890,SYNTH
2026-03-13 13:56:59.627Z,0.4704,1668,SYNTH
2026-03-13 13:57:00.309Z,0.4709,2768,SYNTH
2026-03-13 13:57:01.751Z,0.4705,1449,SYNTH
2026-03-13 13:57:02.559Z,0.4694,2000,SYNTH
2026-03-13 13:57:03.833Z,0.4704,2158,SYNTH
2026-03-13 13:57:04.674Z,0.4691,3080,SYNTH
2026-03-13 13:57:05.000Z,0.4706,2595,SYNTH
2026-03-13 13:57:06.782Z,0.4706,2263,SYNTH
2026-03-13 13:57:07.841Z,0.4704,1763,SYNTH
2026-03-13 13:57:08.555Z,0.4690,1606,SYNTH
2026-03-13 13:57:09.464Z,0.4703,1536,SYNTH
2026-03-13 13:57:10.021Z,0.4701,2516,SYNTH
2026-03-13 13:57:11.110Z,0.4698,4377,SYNTH
2026-03-13 13:57:12.668Z,0.4705,5463,SYNTH
2026-03-13 13:57:13.418Z,0.4707,3263,SYNTH
2026-03-13 13:57:14.537Z,0.4696,2387,SYNTH
2026-03-13 13:57:15.628Z,0.4705,2115,SYNTH
2026-03-13 13:57:16.123Z,0.4707,2678,SYNTH
2026-03-13 13:57:17.594Z,0.4694,2404,SYNTH
2026-03-13 13:57:18.342Z,0.4695,3698,SYNTH
2026-03-13 13:57:19.298Z,0.4706,2168,SYNTH
2026-03-13 13:57:20.487Z,0.4697,1235,SYNTH
2026-03-13 13:57:21.232Z,0.4703,995,SYNTH
2026-03-13 13:57:22.113Z,0.4708,1553,SYNTH
2026-03-13 13:57:23.607Z,0.4700,1377,SYNTH
2026-03-13 13:57:24.047Z,0.4702,1130,SYNTH
2026-03-13 13:57:25.548Z,0.4704,1085,SYNTH
2026-03-13 13:57:26.837Z,0.4711,1402,SYNTH
2026-03-13 13:57:27.805Z,0.4704,1967,SYNTH
2026-03-13 13:57:28.474Z,0.4693,1338,SYNTH
2026-03-13 13:57:29.775Z,0.4709,1643,SYNTH
2026-03-13 13:57:30.468Z,0.4706,1379,SYNTH
2026-03-13 13:57:31.543Z,0.4703,913,SYNTH
2026-03-13 13:57:32.622Z,0.4694,1006,SYNTH
2026-03-13 13:57:33.012Z,0.4709,1351,SYNTH
2026-03-13 13:57:34.210Z,0.4694,1167,SYNTH
2026-03-13 13:57:35.393Z,0.4692,1454,SYNTH
2026-03-13 13:57:36.390Z,0.4709,1072,SYNTH
2026-03-13 13:57:37.658Z,0.4694,3331,SYNTH
2026-03-13 13:57:38.383Z,0.4707,4747,SYNTH
2026-03-13 13:57:39.042Z,0.4704,5274,SYNTH
2026-03-13 13:57:40.743Z,0.4696,4720,SYNTH
2026-03-13 13:57:41.177Z,0.4702,1374,SYNTH
2026-03-13 13:57:42.288Z,0.4708,1654,SYNTH
2026-03-13 13:57:43.219Z,0.4697,1166,SYNTH
2026-03-13 13:57:44.034Z,0.4704,1178,SYNTH
2026-03-13 13:57:45.379Z,0.4693,3632,SYNTH
2026-03-13 13:57:46.201Z,0.4705,2485,SYNTH
2026-03-13 13:57:47.162Z,0.4707,2004,SYNTH
2026-03-13 13:57:48.144Z,0.4691,2101,SYNTH
2026-03-13 13:57:49.225Z,0.4705,2281,SYNTH
2026-03-13 13:57:50.463Z,0.4692,2027,SYNTH
2026-03-13 13:57:51.605Z,0.4691,1818,SYNTH
2026-03-13 13:57:52.513Z,0.4709,2816,SYNTH
2026-03-13 13:57:53.547Z,0.4705,1320,SYNTH
2026-03-13 13:57:54.753Z,0.4705,1753,SYNTH
2026-03-13 13:57:55.710Z,0.4702,2383,SYNTH
2026-03-13 13:57:56.463Z,0.4699,2364,SYNTH
2026-03-13 13:57:57.804Z,0.4709,3249,SYNTH
2026-03-13 13:57:58.496Z,0.4689,1889,SYNTH
2026-03-13 13:57:59.385Z,0.4705,3073,SYNTH
2026-03-13 13:58:00.669Z,0.4710,2408,SYNTH
2026-03-13 13:58:01.689Z,0.4704,2079,SYNTH
2026-03-13 13:58:02.457Z,0.4709,2414,SYNTH
2026-03-13 13:58:03.092Z,0.4696,1995,SYNTH
2026-03-13 13:58:04.314Z,0.4703,2246,SYNTH
2026-03-13 13:58:05.716Z,0.4701,1771,SYNTH
2026-03-13 13:58:06.371Z,0.4711,1626,SYNTH
2026-03-13 13:58:07.636Z,0.4691,1771,SYNTH
2026-03-13 13:58:08.322Z,0.4693,979,SYNTH
2026-03-13 13:58:09.073Z,0.4704,1743,SYNTH
2026-03-13 13:58:10.770Z,0.4706,1826,SYNTH
2026-03-13 13:58:11.821Z,0.4692,2437,SYNTH
2026-03-13 13:58:12.041Z,0.4700,3402,SYNTH
2026-03-13 13:58:13.678Z,0.4691,2789,SYNTH
2026-03-13 13:58:14.610Z,0.4705,1798,SYNTH
2026-03-13 13:58:15.448Z,0.4692,1200,SYNTH
2026-03-13 13:58:16.852Z,0.4703,2361,SYNTH
2026-03-13 13:58:17.215Z,0.4690,2491,SYNTH
2026-03-13 13:58:18.687Z,0.4700,2225,SYNTH
2026-03-13 13:58:19.000Z,0.4706,2517,SYNTH
2026-03-13 13:58:20.271Z,0.4711,1123,SYNTH
2026-03-13 13:58:21.298Z,0.4716,1604,SYNTH
2026-03-13 13:58:22.773Z,0.4714,1349,SYNTH
2026-03-13 13:58:23.785Z,0.4725,1504,SYNTH
2026-03-13 13:58:24.202Z,0.4727,1256,SYNTH
2026-03-13 13:58:25.198Z,0.4732,743,SYNTH
2026-03-13 13:58:26.450Z,0.4745,1519,SYNTH
2026-03-13 13:58:27.453Z,0.4751,1166,SYNTH
2026-03-13 13:58:28.096Z,0.4752,1442,SYNTH
2026-03-13 13:58:29.810Z,0.4759,1583,SYNTH
2026-03-13 13:58:30.145Z,0.4768,1390,SYNTH
2026-03-13 13:58:31.851Z,0.4776,687,SYNTH
2026-03-13 13:58:32.458Z,0.4783,1310,SYNTH
2026-03-13 13:58:33.368Z,0.4789,1263,SYNTH
2026-03-13 13:58:34.414Z,0.4795,711,SYNTH
2026-03-13 13:58:35.144Z,0.4797,1129,SYNTH
2026-03-13 13:58:36.173Z,0.4799,1581,SYNTH
2026-03-13 13:58:37.729Z,0.4809,4095,SYNTH
2026-03-13 13:58:38.232Z,0.4804,3054,SYNTH
2026-03-13 13:58:39.327Z,0.4808,3647,SYNTH
2026-03-13 13:58:40.137Z,0.4794,3715,SYNTH
2026-03-13 13:58:41.402Z,0.4787,1043,SYNTH
2026-03-13 13:58:42.004Z,0.4784,1560,SYNTH
2026-03-13 13:58:43.605Z,0.4782,1618,SYNTH
2026-03-13 13:58:44.533Z,0.4776,1787,SYNTH
2026-03-13 13:58:45.075Z,0.4771,2616,SYNTH
2026-03-13 13:58:46.804Z,0.4783,2456,SYNTH
2026-03-13 13:58:47.607Z,0.4776,1236,SYNTH
2026-03-13 13:58:48.613Z,0.4772,1347,SYNTH
2026-03-13 13:58:49.884Z,0.4765,1936,SYNTH
2026-03-13 13:58:50.517Z,0.4754,1708,SYNTH
2026-03-13 13:58:51.309Z,0.4749,2098,SYNTH
2026-03-13 13:58:52.818Z,0.4736,1301,SYNTH
2026-03-13 13:58:53.756Z,0.4731,1631,SYNTH
2026-03-13 13:58:54.884Z,0.4725,1746,SYNTH
2026-03-13 13:58:55.286Z,0.4712,2363,SYNTH
2026-03-13 13:58:56.194Z,0.4708,1033,SYNTH
2026-03-13 13:58:57.880Z,0.4696,1197,SYNTH
2026-03-13 13:58:58.122Z,0.4700,1211,SYNTH
2026-03-13 13:58:59.845Z,0.4691,2369,SYNTH
2026-03-13 13:59:00.463Z,0.4706,3397,SYNTH
2026-03-13 13:59:01.290Z,0.4699,1563,SYNTH
2026-03-13 13:59:02.844Z,0.4706,1435,SYNTH
2026-03-13 13:59:03.800Z,0.4691,3117,SYNTH
2026-03-13 13:59:04.109Z,0.4701,1620,SYNTH
2026-03-13 13:59:05.699Z,0.4705,1979,SYNTH
2026-03-13 13:59:06.122Z,0.4692,1712,SYNTH
2026-03-13 13:59:07.251Z,0.4710,1858,SYNTH
2026-03-13 13:59:08.602Z,0.4704,1490,SYNTH
2026-03-13 13:59:09.229Z,0.4707,2300,SYNTH
2026-03-13 13:59:10.207Z,0.4698,1953,SYNTH
2026-03-13 13:59:11.749Z,0.4710,5873,SYNTH
2026-03-13 13:59:12.036Z,0.4698,5379,SYNTH
2026-03-13 13:59:13.125Z,0.4691,6387,SYNTH
2026-03-13 13:59:14.674Z,0.4704,2548,SYNTH
2026-03-13 13:59:15.575Z,0.4711,1952,SYNTH
2026-03-13 13:59:16.654Z,0.4692,4308,SYNTH
2026-03-13 13:59:17.368Z,0.4705,2630,SYNTH
2026-03-13 13:59:18.132Z,0.4698,2674,SYNTH
2026-03-13 13:59:19.462Z,0.4705,2863,SYNTH
2026-03-13 13:59:20.197Z,0.4715,1121,SYNTH
2026-03-13 13:59:21.226Z,0.4718,1105,SYNTH
2026-03-13 13:59:22.584Z,0.4724,1305,SYNTH
2026-03-13 13:59:23.124Z,0.4737,1197,SYNTH
2026-03-13 13:59:24.192Z,0.4745,1345,SYNTH
2026-03-13 13:59:25.631Z,0.4758,1070,SYNTH
2026-03-13 13:59:26.016Z,0.4780,2083,SYNTH
2026-03-13 13:59:27.688Z,0.4794,1714,SYNTH
2026-03-13 13:59:28.222Z,0.4810,1278,SYNTH
2026-03-13 13:59:29.423Z,0.4820,1160,SYNTH
2026-03-13 13:59:30.073Z,0.4839,2282,SYNTH
2026-03-13 13:59:31.402Z,0.4845,1106,SYNTH
2026-03-13 13:59:32.103Z,0.4858,1320,SYNTH
2026-03-13 13:59:33.692Z,0.4870,1102,SYNTH
2026-03-13 13:59:34.423Z,0.4880,1265,SYNTH
2026-03-13 13:59:35.078Z,0.4892,2264,SYNTH
2026-03-13 13:59:36.097Z,0.4901,1842,SYNTH
2026-03-13 13:59:37.205Z,0.4901,3120,SYNTH
2026-03-13 13:59:38.663Z,0.4909,2854,SYNTH
2026-03-13 13:59:39.885Z,0.4890,5518,SYNTH
2026-03-13 13:59:40.015Z,0.4888,5925,SYNTH
2026-03-13 13:59:41.017Z,0.4893,1317,SYNTH
2026-03-13 13:59:42.083Z,0.4878,1848,SYNTH
2026-03-13 13:59:43.080Z,0.4873,1277,SYNTH
2026-03-13 13:59:44.203Z,0.4875,1385,SYNTH
2026-03-13 13:59:45.355Z,0.4868,1832,SYNTH
2026-03-13 13:59:46.483Z,0.4882,4026,SYNTH
2026-03-13 13:59:47.483Z,0.4874,2053,SYNTH
2026-03-13 13:59:48.082Z,0.4863,1214,SYNTH
2026-03-13 13:59:49.695Z,0.4864,1643,SYNTH
2026-03-13 13:59:50.079Z,0.4858,2822,SYNTH
2026-03-13 13:59:51.888Z,0.4849,1603,SYNTH
2026-03-13 13:59:52.014Z,0.4835,2818,SYNTH
2026-03-13 13:59:53.290Z,0.4830,1299,SYNTH
2026-03-13 13:59:54.195Z,0.4825,2251,SYNTH
2026-03-13 13:59:55.033Z,0.4817,2876,SYNTH
2026-03-13 13:59:56.108Z,0.4801,3016,SYNTH
2026-03-13 13:59:57.046Z,0.4800,3143,SYNTH
2026-03-13 13:59:58.491Z,0.4800,2648,SYNTH
2026-03-13 13:59:59.525Z,0.4799,1565,SYNTH
2026-03-13 14:00:00.768Z,0.4800,3163,SYNTH
2026-03-13 14:00:01.010Z,0.4803,2245,SYNTH
2026-03-13 14:00:02.807Z,0.4801,3331,SYNTH
2026-03-13 14:00:03.707Z,0.4802,3720,SYNTH
2026-03-13 14:00:04.099Z,0.4803,1678,SYNTH
2026-03-13 14:00:05.468Z,0.4807,2918,SYNTH
2026-03-13 14:00:06.367Z,0.4807,1633,SYNTH
2026-03-13 14:00:07.660Z,0.4810,3071,SYNTH
2026-03-13 14:00:08.240Z,0.4809,3025,SYNTH
2026-03-13 14:00:09.719Z,0.4809,2715,SYNTH
2026-03-13 14:00:10.260Z,0.4798,1528,SYNTH
2026-03-13 14:00:11.808Z,0.4805,6051,SYNTH
2026-03-13 14:00:12.854Z,0.4810,7644,SYNTH
2026-03-13 14:00:13.276Z,0.4794,6974,SYNTH
2026-03-13 14:00:14.613Z,0.4811,1808,SYNTH
2026-03-13 14:00:15.082Z,0.4806,1551,SYNTH
2026-03-13 14:00:16.191Z,0.4794,4653,SYNTH
2026-03-13 14:00:17.341Z,0.4808,3210,SYNTH
2026-03-13 14:00:18.138Z,0.4799,4060,SYNTH
2026-03-13 14:00:19.041Z,0.4806,2133,SYNTH
2026-03-13 14:00:20.480Z,0.4804,2250,SYNTH
2026-03-13 14:00:21.424Z,0.4816,1970,SYNTH
2026-03-13 14:00:22.675Z,0.4815,2115,SYNTH
2026-03-13 14:00:23.741Z,0.4822,1107,SYNTH
2026-03-13 14:00:24.326Z,0.4824,2240,SYNTH
2026-03-13 14:00:25.115Z,0.4837,1084,SYNTH
2026-03-13 14:00:26.465Z,0.4843,2311,SYNTH
2026-03-13 14:00:27.249Z,0.4852,2497,SYNTH
2026-03-13 14:00:28.815Z,0.4850,2597,SYNTH
2026-03-13 14:00:29.109Z,0.4860,2604,SYNTH
2026-03-13 14:00:30.587Z,0.4867,2085,SYNTH
2026-03-13 14:00:31.872Z,0.4871,1194,SYNTH
2026-03-13 14:00:32.066Z,0.4881,1593,SYNTH
2026-03-13 14:00:33.096Z,0.4884,1146,SYNTH
2026-03-13 14:00:34.224Z,0.4895,2323,SYNTH
2026-03-13 14:00:35.841Z,0.4893,1106,SYNTH
2026-03-13 14:00:36.653Z,0.4900,1559,SYNTH
2026-03-13 14:00:37.698Z,0.4909,6232,SYNTH
2026-03-13 14:00:38.174Z,0.4909,4884,SYNTH
2026-03-13 14:00:39.401Z,0.4899,5095,SYNTH
2026-03-13 14:00:40.438Z,0.4896,6583,SYNTH
2026-03-13 14:00:41.269Z,0.4886,2675,SYNTH
2026-03-13 14:00:42.091Z,0.4886,2468,SYNTH
2026-03-13 14:00:43.021Z,0.4885,1255,SYNTH
2026-03-13 14:00:44.104Z,0.4883,2900,SYNTH
2026-03-13 14:00:45.578Z,0.4876,3202,SYNTH
2026-03-13 14:00:46.803Z,0.4879,4383,SYNTH
2026-03-13 14:00:47.556Z,0.4881,4289,SYNTH
2026-03-13 14:00:48.364Z,0.4877,1941,SYNTH
2026-03-13 14:00:49.268Z,0.4869,2786,SYNTH
2026-03-13 14:00:50.664Z,0.4861,2823,SYNTH
2026-03-13 14:00:51.551Z,0.4849,1677,SYNTH
2026-03-13 14:00:52.406Z,0.4839,1475,SYNTH
2026-03-13 14:00:53.762Z,0.4834,2152,SYNTH
2026-03-13 14:00:54.163Z,0.4820,2838,SYNTH
2026-03-13 14:00:55.805Z,0.4814,1654,SYNTH
2026-03-13 14:00:56.435Z,0.4805,2980,SYNTH
2026-03-13 14:00:57.243Z,0.4796,3280,SYNTH
2026-03-13 14:00:58.110Z,0.4796,2114,SYNTH
2026-03-13 14:00:59.863Z,0.4790,1810,SYNTH
2026-03-13 14:01:00.647Z,0.4810,3118,SYNTH
2026-03-13 14:01:01.189Z,0.4804,2567,SYNTH
2026-03-13 14:01:02.009Z,0.4806,2653,SYNTH
2026-03-13 14:01:03.220Z,0.4801,1897,SYNTH
2026-03-13 14:01:04.110Z,0.4792,1998,SYNTH
2026-03-13 14:01:05.191Z,0.4809,2314,SYNTH
2026-03-13 14:01:06.525Z,0.4800,2874,SYNTH
2026-03-13 14:01:07.574Z,0.4803,2602,SYNTH
2026-03-13 14:01:08.723Z,0.4798,1954,SYNTH
2026-03-13 14:01:09.614Z,0.4808,2033,SYNTH
2026-03-13 14:01:10.049Z,0.4801,1845,SYNTH
2026-03-13 14:01:11.707Z,0.4809,5816,SYNTH
2026-03-13 14:01:12.179Z,0.4809,3350,SYNTH
2026-03-13 14:01:13.380Z,0.4800,7004,SYNTH
2026-03-13 14:01:14.361Z,0.4803,1976,SYNTH
2026-03-13 14:01:15.758Z,0.4807,1760,SYNTH
2026-03-13 14:01:16.199Z,0.4808,2576,SYNTH
2026-03-13 14:01:17.049Z,0.4791,4326,SYNTH
2026-03-13 14:01:18.789Z,0.4800,2796,SYNTH
2026-03-13 14:01:19.898Z,0.4806,2140,SYNTH
2026-03-13 14:01:20.045Z,0.4807,2108,SYNTH
2026-03-13 14:01:21.032Z,0.4809,1923,SYNTH
2026-03-13 14:01:22.576Z,0.4816,2501,SYNTH
2026-03-13 14:01:23.624Z,0.4823,2205,SYNTH
2026-03-13 14:01:24.261Z,0.4822,2452,SYNTH
2026-03-13 14:01:25.773Z,0.4832,1154,SYNTH
2026-03-13 14:01:26.782Z,0.4841,2085,SYNTH
2026-03-13 14:01:27.000Z,0.4849,2429,SYNTH
2026-03-13 14:01:28.495Z,0.4856,1102,SYNTH
2026-03-13 14:01:29.536Z,0.4860,2238,SYNTH
2026-03-13 14:01:30.674Z,0.4864,1609,SYNTH
2026-03-13 14:01:31.316Z,0.4876,1141,SYNTH
2026-03-13 14:01:32.774Z,0.4880,1844,SYNTH
2026-03-13 14:01:33.137Z,0.4888,1619,SYNTH
2026-03-13 14:01:34.107Z,0.4890,2449,SYNTH
2026-03-13 14:01:35.507Z,0.4897,1177,SYNTH
2026-03-13 14:01:36.161Z,0.4901,1567,SYNTH
2026-03-13 14:01:37.541Z,0.4903,4238,SYNTH
2026-03-13 14:01:38.154Z,0.4898,4968,SYNTH
2026-03-13 14:01:39.796Z,0.4904,5573,SYNTH
2026-03-13 14:01:40.024Z,0.4891,4470,SYNTH
2026-03-13 14:01:41.344Z,0.4893,1756,SYNTH
2026-03-13 14:01:42.586Z,0.4889,1993,SYNTH
2026-03-13 14:01:43.027Z,0.4891,2753,SYNTH
2026-03-13 14:01:44.874Z,0.4885,1954,SYNTH
2026-03-13 14:01:45.090Z,0.4883,4018,SYNTH
2026-03-13 14:01:46.209Z,0.4897,4423,SYNTH
2026-03-13 14:01:47.271Z,0.4882,3943,SYNTH
2026-03-13 14:01:48.723Z,0.4886,2953,SYNTH
2026-03-13 14:01:49.494Z,0.4901,2857,SYNTH
2026-03-13 14:01:50.376Z,0.4896,2201,SYNTH
2026-03-13 14:01:51.103Z,0.4893,1692,SYNTH
2026-03-13 14:01:52.313Z,0.4898,1512,SYNTH
2026-03-13 14:01:53.252Z,0.4895,2059,SYNTH
2026-03-13 14:01:54.597Z,0.4905,1471,SYNTH
2026-03-13 14:01:55.436Z,0.4906,1649,SYNTH
2026-03-13 14:01:56.736Z,0.4909,2658,SYNTH
2026-03-13 14:01:57.565Z,0.4893,3278,SYNTH
2026-03-13 14:01:58.228Z,0.4907,2230,SYNTH
2026-03-13 14:01:59.674Z,0.4903,2019,SYNTH
2026-03-13 14:02:00.627Z,0.4904,5019,SYNTH
2026-03-13 14:02:01.683Z,0.4902,2220,SYNTH
2026-03-13 14:02:02.229Z,0.4893,4952,SYNTH
2026-03-13 14:02:03.343Z,0.4900,4851,SYNTH
2026-03-13 14:02:04.540Z,0.4904,3155,SYNTH
2026-03-13 14:02:05.842Z,0.4892,2253,SYNTH
2026-03-13 14:02:06.007Z,0.4908,2772,SYNTH
2026-03-13 14:02:07.113Z,0.4904,2968,SYNTH
2026-03-13 14:02:08.227Z,0.4902,3493,SYNTH
2026-03-13 14:02:09.531Z,0.4890,3609,SYNTH
2026-03-13 14:02:10.240Z,0.4902,2657,SYNTH
2026-03-13 14:02:11.405Z,0.4906,9832,SYNTH
2026-03-13 14:02:12.658Z,0.4891,6110,SYNTH
2026-03-13 14:02:13.582Z,0.4902,4183,SYNTH
2026-03-13 14:02:14.021Z,0.4910,1732,SYNTH
2026-03-13 14:02:15.780Z,0.4897,2202,SYNTH
2026-03-13 14:02:16.488Z,0.4911,5603,SYNTH
2026-03-13 14:02:17.843Z,0.4894,3344,SYNTH
2026-03-13 14:02:18.311Z,0.4894,4282,SYNTH
2026-03-13 14:02:19.185Z,0.4892,4469,SYNTH
2026-03-13 14:02:20.259Z,0.4886,3389,SYNTH
2026-03-13 14:02:21.729Z,0.4884,1530,SYNTH
2026-03-13 14:02:22.423Z,0.4888,1641,SYNTH
2026-03-13 14:02:23.395Z,0.4875,2447,SYNTH
2026-03-13 14:02:24.878Z,0.4878,2505,SYNTH
2026-03-13 14:02:25.857Z,0.4869,2810,SYNTH
2026-03-13 14:02:26.893Z,0.4859,2210,SYNTH
2026-03-13 14:02:27.654Z,0.4849,2005,SYNTH
2026-03-13 14:02:28.738Z,0.4850,1788,SYNTH
2026-03-13 14:02:29.745Z,0.4835,1931,SYNTH
2026-03-13 14:02:30.111Z,0.4829,2025,SYNTH
2026-03-13 14:02:31.626Z,0.4819,2585,SYNTH
2026-03-13 14:02:32.471Z,0.4815,2778,SYNTH
2026-03-13 14:02:33.085Z,0.4810,3224,SYNTH
2026-03-13 14:02:34.781Z,0.4807,1569,SYNTH
2026-03-13 14:02:35.003Z,0.4799,3218,SYNTH
2026-03-13 14:02:36.271Z,0.4799,1460,SYNTH
2026-03-13 14:02:37.409Z,0.4800,5583,SYNTH
2026-03-13 14:02:38.121Z,0.4797,4246,SYNTH
2026-03-13 14:02:39.201Z,0.4797,6433,SYNTH
2026-03-13 14:02:40.681Z,0.4805,4240,SYNTH
2026-03-13 14:02:41.044Z,0.4807,2659,SYNTH
2026-03-13 14:02:42.336Z,0.4814,2528,SYNTH
2026-03-13 14:02:43.244Z,0.4818,2115,SYNTH
2026-03-13 14:02:44.594Z,0.4813,1574,SYNTH
2026-03-13 14:02:45.374Z,0.4816,3903,SYNTH
2026-03-13 14:02:46.028Z,0.4817,2824,SYNTH
2026-03-13 14:02:47.552Z,0.4819,3096,SYNTH
2026-03-13 14:02:48.663Z,0.4808,1918,SYNTH
2026-03-13 14:02:49.578Z,0.4817,2443,SYNTH
2026-03-13 14:02:50.558Z,0.4803,3996,SYNTH
2026-03-13 14:02:51.475Z,0.4808,2837,SYNTH
2026-03-13 14:02:52.835Z,0.4802,3408,SYNTH
2026-03-13 14:02:53.479Z,0.4797,3372,SYNTH
2026-03-13 14:02:54.402Z,0.4795,2998,SYNTH
2026-03-13 14:02:55.622Z,0.4798,4338,SYNTH
2026-03-13 14:02:56.377Z,0.4797,4653,SYNTH
2026-03-13 14:02:57.415Z,0.4798,3337,SYNTH
2026-03-13 14:02:58.782Z,0.4795,3324,SYNTH
2026-03-13 14:02:59.332Z,0.4809,4317,SYNTH
2026-03-13 14:03:00.513Z,0.4810,1632,SYNTH
2026-03-13 14:03:01.877Z,0.4804,1866,SYNTH
2026-03-13 14:03:02.763Z,0.4806,1359,SYNTH
2026-03-13 14:03:03.453Z,0.4795,2669,SYNTH
2026-03-13 14:03:04.600Z,0.4801,1488,SYNTH
2026-03-13 14:03:05.155Z,0.4802,2619,SYNTH
2026-03-13 14:03:06.325Z,0.4792,2394,SYNTH
2026-03-13 14:03:07.562Z,0.4803,1544,SYNTH
2026-03-13 14:03:08.538Z,0.4807,2383,SYNTH
2026-03-13 14:03:09.277Z,0.4792,2028,SYNTH
2026-03-13 14:03:10.185Z,0.4807,2085,SYNTH
2026-03-13 14:03:11.412Z,0.4809,4596,SYNTH
2026-03-13 14:03:12.367Z,0.4790,2352,SYNTH
2026-03-13 14:03:13.558Z,0.4809,4812,SYNTH
2026-03-13 14:03:14.260Z,0.4810,1020,SYNTH
2026-03-13 14:03:15.501Z,0.4797,2023,SYNTH
2026-03-13 14:03:16.150Z,0.4810,1615,SYNTH
2026-03-13 14:03:17.145Z,0.4810,3322,SYNTH
2026-03-13 14:03:18.293Z,0.4810,2492,SYNTH
2026-03-13 14:03:19.488Z,0.4789,1701,SYNTH
2026-03-13 14:03:20.223Z,0.4808,1213,SYNTH
2026-03-13 14:03:21.052Z,0.4802,1338,SYNTH
2026-03-13 14:03:22.732Z,0.4796,854,SYNTH
2026-03-13 14:03:23.471Z,0.4808,1158,SYNTH
2026-03-13 14:03:24.153Z,0.4805,1894,SYNTH
2026-03-13 14:03:25.393Z,0.4804,1834,SYNTH
2026-03-13 14:03:26.384Z,0.4794,1209,SYNTH
2026-03-13 14:03:27.689Z,0.4809,1725,SYNTH
2026-03-13 14:03:28.138Z,0.4800,1594,SYNTH
2026-03-13 14:03:29.035Z,0.4793,1292,SYNTH
2026-03-13 14:03:30.671Z,0.4807,1583,SYNTH
2026-03-13 14:03:31.675Z,0.4805,1684,SYNTH
2026-03-13 14:03:32.870Z,0.4796,1670,SYNTH
2026-03-13 14:03:33.010Z,0.4808,1786,SYNTH
2026-03-13 14:03:34.080Z,0.4808,1879,SYNTH
2026-03-13 14:03:35.720Z,0.4794,1586,SYNTH
2026-03-13 14:03:36.289Z,0.4806,817,SYNTH
2026-03-13 14:03:37.305Z,0.4809,4845,SYNTH
2026-03-13 14:03:38.620Z,0.4810,2761,SYNTH
2026-03-13 14:03:39.201Z,0.4789,4738,SYNTH
2026-03-13 14:03:40.093Z,0.4802,4031,SYNTH
2026-03-13 14:03:41.459Z,0.4799,1868,SYNTH
2026-03-13 14:03:42.247Z,0.4803,1957,SYNTH
2026-03-13 14:03:43.303Z,0.4793,2055,SYNTH
2026-03-13 14:03:44.347Z,0.4803,1263,SYNTH
2026-03-13 14:03:45.657Z,0.4795,2232,SYNTH
2026-03-13 14:03:46.649Z,0.4793,1859,SYNTH
2026-03-13 14:03:47.290Z,0.4802,1944,SYNTH
2026-03-13 14:03:48.258Z,0.4795,1106,SYNTH
2026-03-13 14:03:49.679Z,0.4795,1649,SYNTH
2026-03-13 14:03:50.818Z,0.4805,1545,SYNTH
2026-03-13 14:03:51.671Z,0.4805,1826,SYNTH
2026-03-13 14:03:52.583Z,0.4802,1392,SYNTH
2026-03-13 14:03:53.579Z,0.4807,2628,SYNTH
2026-03-13 14:03:54.093Z,0.4800,2253,SYNTH
2026-03-13 14:03:55.164Z,0.4804,2401,SYNTH
2026-03-13 14:03:56.109Z,0.4806,1690,SYNTH
2026-03-13 14:03:57.482Z,0.4806,2556,SYNTH
2026-03-13 14:03:58.585Z,0.4794,2895,SYNTH
2026-03-13 14:03:59.682Z,0.4809,1810,SYNTH
2026-03-13 14:04:00.000Z,0.4803,2524,SYNTH
2026-03-13 14:04:01.427Z,0.4790,2507,SYNTH
2026-03-13 14:04:02.303Z,0.4783,2473,SYNTH
2026-03-13 14:04:03.501Z,0.4781,1192,SYNTH
2026-03-13 14:04:04.377Z,0.4771,2496,SYNTH
2026-03-13 14:04:05.663Z,0.4760,1547,SYNTH
2026-03-13 14:04:06.388Z,0.4742,2332,SYNTH
2026-03-13 14:04:07.232Z,0.4727,1615,SYNTH
2026-03-13 14:04:08.057Z,0.4719,1672,SYNTH
2026-03-13 14:04:09.094Z,0.4707,1803,SYNTH
2026-03-13 14:04:10.319Z,0.4697,1767,SYNTH
2026-03-13 14:04:11.362Z,0.4697,5317,SYNTH
2026-03-13 14:04:12.589Z,0.4697,4132,SYNTH
2026-03-13 14:04:13.499Z,0.4712,4513,SYNTH
2026-03-13 14:04:14.706Z,0.4715,1531,SYNTH
2026-03-13 14:04:15.013Z,0.4723,1562,SYNTH
2026-03-13 14:04:16.149Z,0.4729,1488,SYNTH
2026-03-13 14:04:17.510Z,0.4728,2753,SYNTH
2026-03-13 14:04:18.168Z,0.4732,1686,SYNTH
2026-03-13 14:04:19.797Z,0.4739,3190,SYNTH
2026-03-13 14:04:20.840Z,0.4738,932,SYNTH
2026-03-13 14:04:21.099Z,0.4735,1812,SYNTH
2026-03-13 14:04:22.429Z,0.4740,1677,SYNTH
2026-03-13 14:04:23.451Z,0.4744,1118,SYNTH
2026-03-13 14:04:24.417Z,0.4752,1532,SYNTH
2026-03-13 14:04:25.830Z,0.4756,1193,SYNTH
2026-03-13 14:04:26.183Z,0.4762,1102,SYNTH
2026-03-13 14:04:27.560Z,0.4763,1153,SYNTH
2026-03-13 14:04:28.332Z,0.4771,1366,SYNTH
2026-03-13 14:04:29.664Z,0.4779,1043,SYNTH
2026-03-13 14:04:30.513Z,0.4777,1104,SYNTH
2026-03-13 14:04:31.332Z,0.4787,903,SYNTH
2026-03-13 14:04:32.629Z,0.4794,1705,SYNTH
2026-03-13 14:04:33.845Z,0.4797,709,SYNTH
2026-03-13 14:04:34.674Z,0.4801,1430,SYNTH
2026-03-13 14:04:35.280Z,0.4804,1168,SYNTH
2026-03-13 14:04:36.366Z,0.4800,1040,SYNTH
2026-03-13 14:04:37.326Z,0.4804,3447,SYNTH
2026-03-13 14:04:38.142Z,0.4796,3409,SYNTH
2026-03-13 14:04:39.826Z,0.4806,3094,SYNTH
2026-03-13 14:04:40.738Z,0.4791,4064,SYNTH
2026-03-13 14:04:41.012Z,0.4799,1465,SYNTH
2026-03-13 14:04:42.333Z,0.4803,1326,SYNTH
2026-03-13 14:04:43.339Z,0.4805,1665,SYNTH
2026-03-13 14:04:44.873Z,0.4807,1456,SYNTH
2026-03-13 14:04:45.157Z,0.4810,1381,SYNTH
2026-03-13 14:04:46.683Z,0.4790,1313,SYNTH
2026-03-13 14:04:47.434Z,0.4800,2751,SYNTH
2026-03-13 14:04:48.438Z,0.4800,2140,SYNTH
2026-03-13 14:04:49.818Z,0.4792,1814,SYNTH
2026-03-13 14:04:50.603Z,0.4806,1633,SYNTH
2026-03-13 14:04:51.453Z,0.4810,1820,SYNTH
2026-03-13 14:04:52.713Z,0.4803,1472,SYNTH
2026-03-13 14:04:53.558Z,0.4808,1124,SYNTH
2026-03-13 14:04:54.134Z,0.4800,2423,SYNTH
2026-03-13 14:04:55.092Z,0.4807,2317,SYNTH
2026-03-13 14:04:56.105Z,0.4802,2583,SYNTH
2026-03-13 14:04:57.346Z,0.4806,1885,SYNTH
2026-03-13 14:04:58.670Z,0.4792,1639,SYNTH
2026-03-13 14:04:59.253Z,0.4804,1994,SYNTH
2026-03-13 14:05:00.771Z,0.4807,1261,SYNTH
2026-03-13 14:05:01.606Z,0.4791,1530,SYNTH
2026-03-13 14:05:02.408Z,0.4808,769,SYNTH
2026-03-13 14:05:03.162Z,0.4801,734,SYNTH
2026-03-13 14:05:04.241Z,0.4790,926,SYNTH
2026-03-13 14:05:05.425Z,0.4794,1360,SYNTH
2026-03-13 14:05:06.010Z,0.4804,1391,SYNTH
2026-03-13 14:05:07.386Z,0.4808,986,SYNTH
2026-03-13 14:05:08.805Z,0.4808,1208,SYNTH
2026-03-13 14:05:09.209Z,0.4805,691,SYNTH
2026-03-13 14:05:10.220Z,0.4805,938,SYNTH
2026-03-13 14:05:11.101Z,0.4792,3067,SYNTH
2026-03-13 14:05:12.188Z,0.4803,3609,SYNTH
2026-03-13 14:05:13.867Z,0.4794,2270,SYNTH
2026-03-13 14:05:14.353Z,0.4801,1322,SYNTH
2026-03-13 14:05:15.789Z,0.4809,777,SYNTH
2026-03-13 14:05:16.208Z,0.4792,2108,SYNTH
2026-03-13 14:05:17.617Z,0.4804,1332,SYNTH
2026-03-13 14:05:18.177Z,0.4807,1698,SYNTH
2026-03-13 14:05:19.091Z,0.4797,2187,SYNTH
2026-03-13 14:05:20.789Z,0.4809,708,SYNTH
2026-03-13 14:05:21.567Z,0.4807,1086,SYNTH
2026-03-13 14:05:22.185Z,0.4789,515,SYNTH
2026-03-13 14:05:23.607Z,0.4805,1033,SYNTH
2026-03-13 14:05:24.500Z,0.4802,866,SYNTH
2026-03-13 14:05:25.042Z,0.4800,872,SYNTH
2026-03-13 14:05:26.713Z,0.4809,1075,SYNTH
2026-03-13 14:05:27.638Z,0.4807,584,SYNTH
2026-03-13 14:05:28.667Z,0.4791,529,SYNTH
2026-03-13 14:05:29.672Z,0.4809,530,SYNTH
2026-03-13 14:05:30.527Z,0.4803,743,SYNTH
2026-03-13 14:05:31.435Z,0.4798,983,SYNTH
2026-03-13 14:05:32.285Z,0.4809,583,SYNTH
2026-03-13 14:05:33.394Z,0.4793,574,SYNTH
2026-03-13 14:05:34.143Z,0.4809,621,SYNTH
2026-03-13 14:05:35.710Z,0.4795,1001,SYNTH
2026-03-13 14:05:36.067Z,0.4805,1109,SYNTH
2026-03-13 14:05:37.773Z,0.4804,3084,SYNTH
2026-03-13 14:05:38.381Z,0.4804,2453,SYNTH
2026-03-13 14:05:39.419Z,0.4796,1744,SYNTH
2026-03-13 14:05:40.639Z,0.4808,1336,SYNTH
2026-03-13 14:05:41.263Z,0.4806,584,SYNTH
2026-03-13 14:05:42.643Z,0.4810,807,SYNTH
2026-03-13 14:05:43.540Z,0.4810,1102,SYNTH
2026-03-13 14:05:44.331Z,0.4810,950,SYNTH
2026-03-13 14:05:45.013Z,0.4804,1438,SYNTH
2026-03-13 14:05:46.724Z,0.4798,1184,SYNTH
2026-03-13 14:05:47.189Z,0.4803,948,SYNTH
2026-03-13 14:05:48.823Z,0.4808,1305,SYNTH
2026-03-13 14:05:49.395Z,0.4808,818,SYNTH
2026-03-13 14:05:50.143Z,0.4791,658,SYNTH
2026-03-13 14:05:51.205Z,0.4806,1488,SYNTH
2026-03-13 14:05:52.362Z,0.4807,867,SYNTH
2026-03-13 14:05:53.243Z,0.4807,1034,SYNTH
2026-03-13 14:05:54.622Z,0.4810,1276,SYNTH
2026-03-13 14:05:55.170Z,0.4805,1408,SYNTH
2026-03-13 14:05:56.584Z,0.4790,1443,SYNTH
2026-03-13 14:05:57.593Z,0.4807,1096,SYNTH
2026-03-13 14:05:58.388Z,0.4797,1348,SYNTH
2026-03-13 14:05:59.672Z,0.4804,1595,SYNTH
2026-03-13 14:06:00.517Z,0.4806,1433,SYNTH
2026-03-13 14:06:01.802Z,0.4809,658,SYNTH
2026-03-13 14:06:02.355Z,0.4799,1175,SYNTH
2026-03-13 14:06:03.397Z,0.4801,1357,SYNTH
2026-03-13 14:06:04.547Z,0.4809,1112,SYNTH
2026-03-13 14:06:05.839Z,0.4803,1067,SYNTH
2026-03-13 14:06:06.606Z,0.4793,717,SYNTH
2026-03-13 14:06:07.732Z,0.4803,1317,SYNTH
2026-03-13 14:06:08.179Z,0.4806,755,SYNTH
2026-03-13 14:06:09.603Z,0.4800,1233,SYNTH
2026-03-13 14:06:10.178Z,0.4804,1129,SYNTH
2026-03-13 14:06:11.493Z,0.4796,2865,SYNTH
2026-03-13 14:06:12.109Z,0.4802,2666,SYNTH
2026-03-13 14:06:13.708Z,0.4801,1378,SYNTH
2026-03-13 14:06:14.419Z,0.4810,758,SYNTH
2026-03-13 14:06:15.471Z,0.4792,723,SYNTH
2026-03-13 14:06:16.060Z,0.4800,1570,SYNTH
2026-03-13 14:06:17.006Z,0.4810,843,SYNTH
2026-03-13 14:06:18.019Z,0.4793,1445,SYNTH
2026-03-13 14:06:19.197Z,0.4798,1564,SYNTH
2026-03-13 14:06:20.250Z,0.4805,921,SYNTH
2026-03-13 14:06:21.521Z,0.4809,878,SYNTH
2026-03-13 14:06:22.656Z,0.4795,539,SYNTH
2026-03-13 14:06:23.886Z,0.4802,549,SYNTH
2026-03-13 14:06:24.581Z,0.4801,562,SYNTH
2026-03-13 14:06:25.318Z,0.4796,807,SYNTH
2026-03-13 14:06:26.092Z,0.4810,421,SYNTH
2026-03-13 14:06:27.128Z,0.4793,558,SYNTH
2026-03-13 14:06:28.088Z,0.4802,746,SYNTH
2026-03-13 14:06:29.159Z,0.4803,823,SYNTH
2026-03-13 14:06:30.112Z,0.4802,579,SYNTH
2026-03-13 14:06:31.202Z,0.4791,960,SYNTH
2026-03-13 14:06:32.472Z,0.4808,970,SYNTH
2026-03-13 14:06:33.470Z,0.4794,889,SYNTH
2026-03-13 14:06:34.326Z,0.4801,583,SYNTH
2026-03-13 14:06:35.398Z,0.4810,702,SYNTH
2026-03-13 14:06:36.226Z,0.4807,411,SYNTH
2026-03-13 14:06:37.069Z,0.4808,1687,SYNTH
2026-03-13 14:06:38.831Z,0.4798,1844,SYNTH
2026-03-13 14:06:39.227Z,0.4805,1073,SYNTH
2026-03-13 14:06:40.310Z,0.4809,2237,SYNTH
2026-03-13 14:06:41.892Z,0.4808,664,SYNTH
2026-03-13 14:06:42.873Z,0.4810,989,SYNTH
2026-03-13 14:06:43.444Z,0.4795,474,SYNTH
2026-03-13 14:06:44.310Z,0.4806,651,SYNTH
2026-03-13 14:06:45.033Z,0.4810,820,SYNTH
2026-03-13 14:06:46.843Z,0.4796,783,SYNTH
2026-03-13 14:06:47.177Z,0.4795,730,SYNTH
2026-03-13 14:06:48.693Z,0.4806,580,SYNTH
2026-03-13 14:06:49.895Z,0.4803,547,SYNTH
2026-03-13 14:06:50.374Z,0.4802,1173,SYNTH
2026-03-13 14:06:51.758Z,0.4810,815,SYNTH
2026-03-13 14:06:52.019Z,0.4798,684,SYNTH
2026-03-13 14:06:53.623Z,0.4808,562,SYNTH
2026-03-13 14:06:54.765Z,0.4809,970,SYNTH
2026-03-13 14:06:55.044Z,0.4806,652,SYNTH
2026-03-13 14:06:56.861Z,0.4805,1305,SYNTH
2026-03-13 14:06:57.178Z,0.4809,957,SYNTH
2026-03-13 14:06:58.424Z,0.4807,1176,SYNTH
2026-03-13 14:06:59.678Z,0.4790,1518,SYNTH
2026-03-13 14:07:00.505Z,0.4801,913,SYNTH
2026-03-13 14:07:01.223Z,0.4802,881,SYNTH
2026-03-13 14:07:02.813Z,0.4802,1763,SYNTH
2026-03-13 14:07:03.577Z,0.4790,1456,SYNTH
2026-03-13 14:07:04.018Z,0.4805,1792,SYNTH
2026-03-13 14:07:05.651Z,0.4790,1740,SYNTH
2026-03-13 14:07:06.652Z,0.4804,1196,SYNTH
2026-03-13 14:07:07.199Z,0.4809,918,SYNTH
2026-03-13 14:07:08.881Z,0.4806,1430,SYNTH
2026-03-13 14:07:09.724Z,0.4801,1601,SYNTH
2026-03-13 14:07:10.815Z,0.4799,1195,SYNTH
2026-03-13 14:07:11.244Z,0.4804,3189,SYNTH
2026-03-13 14:07:12.214Z,0.4806,2540,SYNTH
2026-03-13 14:07:13.165Z,0.4800,3226,SYNTH
2026-03-13 14:07:14.651Z,0.4790,1000,SYNTH
2026-03-13 14:07:15.487Z,0.4807,1367,SYNTH
2026-03-13 14:07:16.473Z,0.4791,2387,SYNTH
2026-03-13 14:07:17.069Z,0.4802,1264,SYNTH
2026-03-13 14:07:18.444Z,0.4797,1914,SYNTH
2026-03-13 14:07:19.519Z,0.4806,2174,SYNTH
2026-03-13 14:07:20.705Z,0.4805,988,SYNTH
2026-03-13 14:07:21.277Z,0.4794,1192,SYNTH
2026-03-13 14:07:22.578Z,0.4808,946,SYNTH
2026-03-13 14:07:23.013Z,0.4804,978,SYNTH
2026-03-13 14:07:24.365Z,0.4806,893,SYNTH
2026-03-13 14:07:25.141Z,0.4796,1269,SYNTH
2026-03-13 14:07:26.269Z,0.4797,808,SYNTH
2026-03-13 14:07:27.062Z,0.4808,563,SYNTH
2026-03-13 14:07:28.698Z,0.4806,687,SYNTH
2026-03-13 14:07:29.203Z,0.4807,542,SYNTH
2026-03-13 14:07:30.893Z,0.4801,1182,SYNTH
2026-03-13 14:07:31.545Z,0.4791,759,SYNTH
2026-03-13 14:07:32.105Z,0.4802,748,SYNTH
2026-03-13 14:07:33.275Z,0.4809,1251,SYNTH
2026-03-13 14:07:34.515Z,0.4796,767,SYNTH
2026-03-13 14:07:35.214Z,0.4791,731,SYNTH
2026-03-13 14:07:36.888Z,0.4805,1304,SYNTH
2026-03-13 14:07:37.124Z,0.4802,3298,SYNTH
2026-03-13 14:07:38.085Z,0.4796,1741,SYNTH
2026-03-13 14:07:39.563Z,0.4803,1519,SYNTH
2026-03-13 14:07:40.600Z,0.4802,2646,SYNTH
2026-03-13 14:07:41.031Z,0.4810,1314,SYNTH
2026-03-13 14:07:42.360Z,0.4792,959,SYNTH
2026-03-13 14:07:43.480Z,0.4799,1112,SYNTH
2026-03-13 14:07:44.049Z,0.4806,798,SYNTH
2026-03-13 14:07:45.137Z,0.4809,1365,SYNTH
2026-03-13 14:07:46.098Z,0.4805,2201,SYNTH
2026-03-13 14:07:47.689Z,0.4804,1054,SYNTH
2026-03-13 14:07:48.229Z,0.4808,1003,SYNTH
2026-03-13 14:07:49.688Z,0.4803,1212,SYNTH
2026-03-13 14:07:50.234Z,0.4791,1329,SYNTH
2026-03-13 14:07:51.406Z,0.4800,831,SYNTH
2026-03-13 14:07:52.876Z,0.4809,1011,SYNTH
2026-03-13 14:07:53.776Z,0.4805,1057,SYNTH
2026-03-13 14:07:54.481Z,0.4797,1498,SYNTH
2026-03-13 14:07:55.475Z,0.4809,1024,SYNTH
2026-03-13 14:07:56.543Z,0.4807,1374,SYNTH
2026-03-13 14:07:57.172Z,0.4802,1092,SYNTH
2026-03-13 14:07:58.126Z,0.4795,959,SYNTH
2026-03-13 14:07:59.043Z,0.4809,2013,SYNTH
2026-03-13 14:08:00.793Z,0.4809,745,SYNTH
2026-03-13 14:08:01.499Z,0.4803,918,SYNTH
2026-03-13 14:08:02.218Z,0.4791,1152,SYNTH
2026-03-13 14:08:03.759Z,0.4796,1452,SYNTH
2026-03-13 14:08:04.653Z,0.4802,704,SYNTH
2026-03-13 14:08:05.679Z,0.4811,919,SYNTH
2026-03-13 14:08:06.065Z,0.4792,960,SYNTH
2026-03-13 14:08:07.493Z,0.4804,806,SYNTH
2026-03-13 14:08:08.443Z,0.4805,655,SYNTH
2026-03-13 14:08:09.045Z,0.4799,947,SYNTH
2026-03-13 14:08:10.374Z,0.4802,1176,SYNTH
2026-03-13 14:08:11.505Z,0.4790,1954,SYNTH
2026-03-13 14:08:12.001Z,0.4801,2488,SYNTH
2026-03-13 14:08:13.208Z,0.4806,1887,SYNTH
2026-03-13 14:08:14.333Z,0.4803,482,SYNTH
2026-03-13 14:08:15.528Z,0.4792,802,SYNTH
2026-03-13 14:08:16.024Z,0.4795,1380,SYNTH
2026-03-13 14:08:17.260Z,0.4808,1593,SYNTH
2026-03-13 14:08:18.639Z,0.4792,1476,SYNTH
2026-03-13 14:08:19.797Z,0.4800,1665,SYNTH
2026-03-13 14:08:20.259Z,0.4805,866,SYNTH
2026-03-13 14:08:21.387Z,0.4808,653,SYNTH
2026-03-13 14:08:22.715Z,0.4791,746,SYNTH
2026-03-13 14:08:23.774Z,0.4797,618,SYNTH
2026-03-13 14:08:24.881Z,0.4810,452,SYNTH
2026-03-13 14:08:25.849Z,0.4805,509,SYNTH
2026-03-13 14:08:26.067Z,0.4799,726,SYNTH
2026-03-13 14:08:27.026Z,0.4802,628,SYNTH
2026-03-13 14:08:28.737Z,0.4799,957,SYNTH
2026-03-13 14:08:29.199Z,0.4805,656,SYNTH
2026-03-13 14:08:30.299Z,0.4791,811,SYNTH
2026-03-13 14:08:31.692Z,0.4795,605,SYNTH
2026-03-13 14:08:32.243Z,0.4806,724,SYNTH
2026-03-13 14:08:33.812Z,0.4790,639,SYNTH
2026-03-13 14:08:34.070Z,0.4809,838,SYNTH
2026-03-13 14:08:35.238Z,0.4806,916,SYNTH
2026-03-13 14:08:36.518Z,0.4801,573,SYNTH
2026-03-13 14:08:37.332Z,0.4791,1506,SYNTH
2026-03-13 14:08:38.466Z,0.4810,1753,SYNTH
2026-03-13 14:08:39.083Z,0.4802,1386,SYNTH
2026-03-13 14:08:40.231Z,0.4792,2119,SYNTH
2026-03-13 14:08:41.196Z,0.4810,990,SYNTH
2026-03-13 14:08:42.517Z,0.4800,479,SYNTH
