TimestampUtc,Price,Size,Exchange
2026-03-09 13:30:00.083Z,9.0627,1586,SYNTH
2026-03-09 13:30:01.132Z,9.0533,1388,SYNTH
2026-03-09 13:30:02.554Z,9.0494,1907,SYNTH
2026-03-09 13:30:03.202Z,9.0434,1843,SYNTH
2026-03-09 13:30:04.778Z,9.0288,1948,SYNTH
2026-03-09 13:30:05.737Z,9.0218,927,SYNTH
2026-03-09 13:30:06.803Z,9.0038,1632,SYNTH
2026-03-09 13:30:07.494Z,8.9909,854,SYNTH
2026-03-09 13:30:08.708Z,8.9822,1795,SYNTH
2026-03-09 13:30:09.377Z,8.9756,895,SYNTH
2026-03-09 13:30:10.395Z,8.9638,796,SYNTH
2026-03-09 13:30:11.532Z,8.9591,4029,SYNTH
2026-03-09 13:30:12.162Z,8.9624,2465,SYNTH
2026-03-09 13:30:13.637Z,8.9655,2491,SYNTH
2026-03-09 13:30:14.763Z,8.9708,792,SYNTH
2026-03-09 13:30:15.722Z,8.9814,1175,SYNTH
2026-03-09 13:30:16.581Z,8.9898,2761,SYNTH
2026-03-09 13:30:17.898Z,9.0013,2224,SYNTH
2026-03-09 13:30:18.580Z,9.0026,1742,SYNTH
2026-03-09 13:30:19.284Z,9.0031,2216,SYNTH
2026-03-09 13:30:20.713Z,9.0072,871,SYNTH
2026-03-09 13:30:21.465Z,9.0185,1013,SYNTH
2026-03-09 13:30:22.805Z,9.0300,841,SYNTH
2026-03-09 13:30:23.186Z,9.0444,1243,SYNTH
2026-03-09 13:30:24.334Z,9.0588,585,SYNTH
2026-03-09 13:30:25.474Z,9.0771,740,SYNTH
2026-03-09 13:30:26.146Z,9.0915,584,SYNTH
2026-03-09 13:30:27.502Z,9.1128,575,SYNTH
2026-03-09 13:30:28.775Z,9.1308,858,SYNTH
2026-03-09 13:30:29.492Z,9.1530,1162,SYNTH
2026-03-09 13:30:30.150Z,9.1681,966,SYNTH
2026-03-09 13:30:31.559Z,9.1883,1335,SYNTH
2026-03-09 13:30:32.404Z,9.2041,1103,SYNTH
2026-03-09 13:30:33.772Z,9.2197,577,SYNTH
2026-03-09 13:30:34.502Z,9.2297,1075,SYNTH
2026-03-09 13:30:35.262Z,9.2462,1393,SYNTH
2026-03-09 13:30:36.607Z,9.2528,1381,SYNTH
2026-03-09 13:30:37.899Z,9.2582,1612,SYNTH
2026-03-09 13:30:38.009Z,9.2605,1818,SYNTH
2026-03-09 13:30:39.800Z,9.2574,2370,SYNTH
2026-03-09 13:30:40.456Z,9.2511,2118,SYNTH
2026-03-09 13:30:41.691Z,9.2479,693,SYNTH
2026-03-09 13:30:42.259Z,9.2405,1440,SYNTH
2026-03-09 13:30:43.378Z,9.2282,724,SYNTH
2026-03-09 13:30:44.440Z,9.2211,927,SYNTH
2026-03-09 13:30:45.266Z,9.2128,1013,SYNTH
2026-03-09 13:30:46.125Z,9.2099,1499,SYNTH
2026-03-09 13:30:47.074Z,9.2184,1798,SYNTH
2026-03-09 13:30:48.408Z,9.2037,877,SYNTH
2026-03-09 13:30:49.485Z,9.1979,1422,SYNTH
2026-03-09 13:30:50.623Z,9.1890,1048,SYNTH
2026-03-09 13:30:51.045Z,9.1775,1469,SYNTH
2026-03-09 13:30:52.709Z,9.1642,1836,SYNTH
2026-03-09 13:30:53.060Z,9.1494,1769,SYNTH
2026-03-09 13:30:54.748Z,9.1348,957,SYNTH
2026-03-09 13:30:55.383Z,9.1215,833,SYNTH
2026-03-09 13:30:56.290Z,9.1143,933,SYNTH
2026-03-09 13:30:57.334Z,9.1033,905,SYNTH
2026-03-09 13:30:58.490Z,9.0992,1899,SYNTH
2026-03-09 13:30:59.197Z,9.0969,1863,SYNTH
2026-03-09 13:31:00.040Z,9.1061,48,SYNTH
2026-03-09 13:31:01.894Z,9.1078,90,SYNTH
2026-03-09 13:31:02.885Z,9.1109,69,SYNTH
2026-03-09 13:31:03.141Z,9.1043,46,SYNTH
2026-03-09 13:31:04.685Z,9.1070,52,SYNTH
2026-03-09 13:31:05.150Z,9.0993,47,SYNTH
2026-03-09 13:31:06.236Z,9.1043,59,SYNTH
2026-03-09 13:31:07.761Z,9.0993,37,SYNTH
2026-03-09 13:31:08.468Z,9.1047,66,SYNTH
2026-03-09 13:31:09.205Z,9.1075,36,SYNTH
2026-03-09 13:31:10.391Z,9.1047,41,SYNTH
2026-03-09 13:31:11.215Z,9.0993,119,SYNTH
2026-03-09 13:31:12.721Z,9.1067,133,SYNTH
2026-03-09 13:31:13.276Z,9.1019,168,SYNTH
2026-03-09 13:31:14.245Z,9.1014,42,SYNTH
2026-03-09 13:31:15.459Z,9.1099,68,SYNTH
2026-03-09 13:31:16.804Z,9.1085,72,SYNTH
2026-03-09 13:31:17.296Z,9.1035,97,SYNTH
2026-03-09 13:31:18.005Z,9.1082,64,SYNTH
2026-03-09 13:31:19.173Z,9.1038,70,SYNTH
2026-03-09 13:31:20.062Z,9.1104,59,SYNTH
2026-03-09 13:31:21.060Z,9.1090,37,SYNTH
2026-03-09 13:31:22.741Z,9.1115,39,SYNTH
2026-03-09 13:31:23.558Z,9.1195,35,SYNTH
2026-03-09 13:31:24.627Z,9.1176,49,SYNTH
2026-03-09 13:31:25.218Z,9.1232,59,SYNTH
2026-03-09 13:31:26.670Z,9.1318,32,SYNTH
2026-03-09 13:31:27.168Z,9.1316,59,SYNTH
2026-03-09 13:31:28.430Z,9.1353,34,SYNTH
2026-03-09 13:31:29.143Z,9.1437,56,SYNTH
2026-03-09 13:31:30.780Z,9.1455,56,SYNTH
2026-03-09 13:31:31.392Z,9.1496,33,SYNTH
2026-03-09 13:31:32.115Z,9.1530,25,SYNTH
2026-03-09 13:31:33.749Z,9.1590,47,SYNTH
2026-03-09 13:31:34.527Z,9.1616,57,SYNTH
2026-03-09 13:31:35.829Z,9.1592,55,SYNTH
2026-03-09 13:31:36.358Z,9.1635,62,SYNTH
2026-03-09 13:31:37.044Z,9.1652,142,SYNTH
2026-03-09 13:31:38.730Z,9.1673,87,SYNTH
2026-03-09 13:31:39.217Z,9.1598,84,SYNTH
2026-03-09 13:31:40.741Z,9.1651,105,SYNTH
2026-03-09 13:31:41.514Z,9.1606,55,SYNTH
2026-03-09 13:31:42.696Z,9.1554,62,SYNTH
2026-03-09 13:31:43.850Z,9.1613,59,SYNTH
2026-03-09 13:31:44.806Z,9.1547,28,SYNTH
2026-03-09 13:31:45.674Z,9.1600,99,SYNTH
2026-03-09 13:31:46.863Z,9.1546,54,SYNTH
2026-03-09 13:31:47.062Z,9.1558,70,SYNTH
2026-03-09 13:31:48.680Z,9.1618,40,SYNTH
2026-03-09 13:31:49.583Z,9.1546,44,SYNTH
2026-03-09 13:31:50.292Z,9.1593,64,SYNTH
2026-03-09 13:31:51.391Z,9.1616,66,SYNTH
2026-03-09 13:31:52.360Z,9.1572,34,SYNTH
2026-03-09 13:31:53.507Z,9.1618,82,SYNTH
2026-03-09 13:31:54.663Z,9.1595,43,SYNTH
2026-03-09 13:31:55.158Z,9.1676,80,SYNTH
2026-03-09 13:31:56.232Z,9.1629,65,SYNTH
2026-03-09 13:31:57.349Z,9.1660,54,SYNTH
2026-03-09 13:31:58.791Z,9.1647,68,SYNTH
2026-03-09 13:31:59.633Z,9.1655,61,SYNTH
2026-03-09 13:32:00.553Z,9.1665,73,SYNTH
2026-03-09 13:32:01.734Z,9.1600,33,SYNTH
2026-03-09 13:32:02.376Z,9.1683,78,SYNTH
2026-03-09 13:32:03.885Z,9.1632,39,SYNTH
2026-03-09 13:32:04.631Z,9.1671,52,SYNTH
2026-03-09 13:32:05.697Z,9.1639,51,SYNTH
2026-03-09 13:32:06.177Z,9.1685,31,SYNTH
2026-03-09 13:32:07.416Z,9.1628,49,SYNTH
2026-03-09 13:32:08.609Z,9.1679,49,SYNTH
2026-03-09 13:32:09.522Z,9.1594,55,SYNTH
2026-03-09 13:32:10.609Z,9.1618,48,SYNTH
2026-03-09 13:32:11.653Z,9.1679,124,SYNTH
2026-03-09 13:32:12.009Z,9.1592,86,SYNTH
2026-03-09 13:32:13.194Z,9.1647,127,SYNTH
2026-03-09 13:32:14.424Z,9.1706,42,SYNTH
2026-03-09 13:32:15.552Z,9.1658,42,SYNTH
2026-03-09 13:32:16.186Z,9.1599,73,SYNTH
2026-03-09 13:32:17.090Z,9.1617,62,SYNTH
2026-03-09 13:32:18.172Z,9.1678,80,SYNTH
2026-03-09 13:32:19.563Z,9.1608,88,SYNTH
2026-03-09 13:32:20.896Z,9.1602,44,SYNTH
2026-03-09 13:32:21.880Z,9.1533,46,SYNTH
2026-03-09 13:32:22.091Z,9.1493,23,SYNTH
2026-03-09 13:32:23.506Z,9.1423,24,SYNTH
2026-03-09 13:32:24.374Z,9.1391,49,SYNTH
2026-03-09 13:32:25.466Z,9.1338,22,SYNTH
2026-03-09 13:32:26.775Z,9.1274,49,SYNTH
2026-03-09 13:32:27.648Z,9.1190,30,SYNTH
2026-03-09 13:32:28.118Z,9.1100,31,SYNTH
2026-03-09 13:32:29.819Z,9.1029,49,SYNTH
2026-03-09 13:32:30.024Z,9.0966,31,SYNTH
2026-03-09 13:32:31.049Z,9.0872,44,SYNTH
2026-03-09 13:32:32.702Z,9.0813,24,SYNTH
2026-03-09 13:32:33.845Z,9.0764,22,SYNTH
2026-03-09 13:32:34.338Z,9.0731,52,SYNTH
2026-03-09 13:32:35.308Z,9.0620,27,SYNTH
2026-03-09 13:32:36.731Z,9.0601,24,SYNTH
2026-03-09 13:32:37.618Z,9.0604,104,SYNTH
2026-03-09 13:32:38.169Z,9.0634,84,SYNTH
2026-03-09 13:32:39.132Z,9.0644,62,SYNTH
2026-03-09 13:32:40.217Z,9.0596,75,SYNTH
2026-03-09 13:32:41.860Z,9.0630,46,SYNTH
2026-03-09 13:32:42.075Z,9.0690,34,SYNTH
2026-03-09 13:32:43.667Z,9.0730,29,SYNTH
2026-03-09 13:32:44.599Z,9.0737,46,SYNTH
2026-03-09 13:32:45.076Z,9.0749,48,SYNTH
2026-03-09 13:32:46.095Z,9.0752,55,SYNTH
2026-03-09 13:32:47.108Z,9.0766,94,SYNTH
2026-03-09 13:32:48.000Z,9.0733,57,SYNTH
2026-03-09 13:32:49.573Z,9.0692,55,SYNTH
2026-03-09 13:32:50.366Z,9.0723,46,SYNTH
2026-03-09 13:32:51.734Z,9.0685,50,SYNTH
2026-03-09 13:32:52.358Z,9.0653,67,SYNTH
2026-03-09 13:32:53.686Z,9.0620,55,SYNTH
2026-03-09 13:32:54.340Z,9.0617,35,SYNTH
2026-03-09 13:32:55.867Z,9.0686,34,SYNTH
2026-03-09 13:32:56.857Z,9.0609,77,SYNTH
2026-03-09 13:32:57.034Z,9.0610,74,SYNTH
2026-03-09 13:32:58.779Z,9.0597,48,SYNTH
2026-03-09 13:32:59.768Z,9.0639,57,SYNTH
2026-03-09 13:33:00.773Z,9.2215,27,SYNTH
2026-03-09 13:33:01.387Z,9.2174,36,SYNTH
2026-03-09 13:33:02.208Z,9.2170,18,SYNTH
2026-03-09 13:33:03.598Z,9.2242,28,SYNTH
2026-03-09 13:33:04.231Z,9.2193,38,SYNTH
2026-03-09 13:33:05.863Z,9.2180,16,SYNTH
2026-03-09 13:33:06.331Z,9.2224,20,SYNTH
2026-03-09 13:33:07.560Z,9.2150,34,SYNTH
2026-03-09 13:33:08.158Z,9.2213,26,SYNTH
2026-03-09 13:33:09.212Z,9.2175,29,SYNTH
2026-03-09 13:33:10.400Z,9.2160,31,SYNTH
2026-03-09 13:33:11.073Z,9.2226,82,SYNTH
2026-03-09 13:33:12.633Z,9.2258,75,SYNTH
2026-03-09 13:33:13.723Z,9.2185,55,SYNTH
2026-03-09 13:33:14.159Z,9.2165,19,SYNTH
2026-03-09 13:33:15.187Z,9.2219,15,SYNTH
2026-03-09 13:33:16.120Z,9.2180,39,SYNTH
2026-03-09 13:33:17.828Z,9.2167,39,SYNTH
2026-03-09 13:33:18.585Z,9.2163,42,SYNTH
2026-03-09 13:33:19.269Z,9.2159,52,SYNTH
2026-03-09 13:33:20.862Z,9.2117,12,SYNTH
2026-03-09 13:33:21.854Z,9.2062,12,SYNTH
2026-03-09 13:33:22.396Z,9.1995,13,SYNTH
2026-03-09 13:33:23.304Z,9.1897,21,SYNTH
2026-03-09 13:33:24.674Z,9.1850,13,SYNTH
2026-03-09 13:33:25.354Z,9.1765,15,SYNTH
2026-03-09 13:33:26.564Z,9.1649,14,SYNTH
2026-03-09 13:33:27.702Z,9.1555,13,SYNTH
2026-03-09 13:33:28.846Z,9.1476,27,SYNTH
2026-03-09 13:33:29.080Z,9.1316,25,SYNTH
2026-03-09 13:33:30.270Z,9.1184,18,SYNTH
2026-03-09 13:33:31.607Z,9.1080,18,SYNTH
2026-03-09 13:33:32.580Z,9.1022,19,SYNTH
2026-03-09 13:33:33.509Z,9.0945,26,SYNTH
2026-03-09 13:33:34.430Z,9.0850,15,SYNTH
2026-03-09 13:33:35.067Z,9.0804,28,SYNTH
2026-03-09 13:33:36.642Z,9.0754,26,SYNTH
2026-03-09 13:33:37.669Z,9.0700,41,SYNTH
2026-03-09 13:33:38.079Z,9.0686,66,SYNTH
2026-03-09 13:33:39.893Z,9.0725,43,SYNTH
2026-03-09 13:33:40.174Z,9.0760,60,SYNTH
2026-03-09 13:33:41.133Z,9.0821,18,SYNTH
2026-03-09 13:33:42.683Z,9.0835,14,SYNTH
2026-03-09 13:33:43.443Z,9.0893,29,SYNTH
2026-03-09 13:33:44.455Z,9.0889,22,SYNTH
2026-03-09 13:33:45.593Z,9.0936,36,SYNTH
2026-03-09 13:33:46.158Z,9.0900,20,SYNTH
2026-03-09 13:33:47.286Z,9.0970,31,SYNTH
2026-03-09 13:33:48.305Z,9.1035,14,SYNTH
2026-03-09 13:33:49.394Z,9.1088,30,SYNTH
2026-03-09 13:33:50.698Z,9.1225,23,SYNTH
2026-03-09 13:33:51.223Z,9.1364,25,SYNTH
2026-03-09 13:33:52.731Z,9.1489,30,SYNTH
2026-03-09 13:33:53.522Z,9.1575,37,SYNTH
2026-03-09 13:33:54.626Z,9.1750,24,SYNTH
2026-03-09 13:33:55.704Z,9.1887,24,SYNTH
2026-03-09 13:33:56.329Z,9.1933,31,SYNTH
2026-03-09 13:33:57.452Z,9.2037,28,SYNTH
2026-03-09 13:33:58.373Z,9.2130,27,SYNTH
2026-03-09 13:33:59.313Z,9.2069,34,SYNTH
2026-03-09 13:34:00.271Z,9.2066,27,SYNTH
2026-03-09 13:34:01.579Z,9.2071,23,SYNTH
2026-03-09 13:34:02.159Z,9.2080,18,SYNTH
2026-03-09 13:34:03.201Z,9.2035,26,SYNTH
2026-03-09 13:34:04.198Z,9.2074,22,SYNTH
2026-03-09 13:34:05.229Z,9.2027,19,SYNTH
2026-03-09 13:34:06.677Z,9.2070,23,SYNTH
2026-03-09 13:34:07.766Z,9.2004,12,SYNTH
2026-03-09 13:34:08.119Z,9.2080,23,SYNTH
2026-03-09 13:34:09.190Z,9.2014,24,SYNTH
2026-03-09 13:34:10.258Z,9.2084,20,SYNTH
2026-03-09 13:34:11.803Z,9.2072,32,SYNTH
2026-03-09 13:34:12.154Z,9.2042,31,SYNTH
2026-03-09 13:34:13.566Z,9.2025,31,SYNTH
2026-03-09 13:34:14.138Z,9.2062,21,SYNTH
2026-03-09 13:34:15.012Z,9.2062,22,SYNTH
2026-03-09 13:34:16.048Z,9.2006,18,SYNTH
2026-03-09 13:34:17.778Z,9.2052,28,SYNTH
2026-03-09 13:34:18.398Z,9.2002,16,SYNTH
2026-03-09 13:34:19.772Z,9.2108,16,SYNTH
2026-03-09 13:34:20.447Z,9.2002,16,SYNTH
2026-03-09 13:34:21.659Z,9.2095,9,SYNTH
2026-03-09 13:34:22.196Z,9.2024,20,SYNTH
2026-03-09 13:34:23.672Z,9.2024,9,SYNTH
2026-03-09 13:34:24.195Z,9.2054,10,SYNTH
2026-03-09 13:34:25.456Z,9.2027,17,SYNTH
2026-03-09 13:34:26.853Z,9.2095,10,SYNTH
2026-03-09 13:34:27.224Z,9.2013,10,SYNTH
2026-03-09 13:34:28.804Z,9.2064,16,SYNTH
2026-03-09 13:34:29.702Z,9.2080,19,SYNTH
2026-03-09 13:34:30.184Z,9.2044,14,SYNTH
2026-03-09 13:34:31.265Z,9.2024,8,SYNTH
2026-03-09 13:34:32.698Z,9.2016,19,SYNTH
2026-03-09 13:34:33.690Z,9.2083,17,SYNTH
2026-03-09 13:34:34.027Z,9.2002,10,SYNTH
2026-03-09 13:34:35.119Z,9.2021,12,SYNTH
2026-03-09 13:34:36.840Z,9.2082,18,SYNTH
2026-03-09 13:34:37.135Z,9.2098,20,SYNTH
2026-03-09 13:34:38.745Z,9.2019,36,SYNTH
2026-03-09 13:34:39.145Z,9.2084,36,SYNTH
2026-03-09 13:34:40.151Z,9.2002,35,SYNTH
2026-03-09 13:34:41.491Z,9.2058,14,SYNTH
2026-03-09 13:34:42.371Z,9.2097,18,SYNTH
2026-03-09 13:34:43.577Z,9.2015,12,SYNTH
2026-03-09 13:34:44.247Z,9.2073,22,SYNTH
2026-03-09 13:34:45.888Z,9.2033,22,SYNTH
2026-03-09 13:34:46.643Z,9.2065,26,SYNTH
2026-03-09 13:34:47.041Z,9.2055,30,SYNTH
2026-03-09 13:34:48.861Z,9.2004,24,SYNTH
2026-03-09 13:34:49.358Z,9.2061,21,SYNTH
2026-03-09 13:34:50.083Z,9.2017,14,SYNTH
2026-03-09 13:34:51.723Z,9.2078,14,SYNTH
2026-03-09 13:34:52.500Z,9.2024,20,SYNTH
2026-03-09 13:34:53.409Z,9.2096,26,SYNTH
2026-03-09 13:34:54.457Z,9.2045,21,SYNTH
2026-03-09 13:34:55.888Z,9.2029,22,SYNTH
2026-03-09 13:34:56.599Z,9.2093,22,SYNTH
2026-03-09 13:34:57.629Z,9.2037,16,SYNTH
2026-03-09 13:34:58.179Z,9.2008,24,SYNTH
2026-03-09 13:34:59.366Z,9.2082,28,SYNTH
2026-03-09 13:35:00.759Z,9.1704,36,SYNTH
2026-03-09 13:35:01.871Z,9.1739,51,SYNTH
2026-03-09 13:35:02.532Z,9.1763,36,SYNTH
2026-03-09 13:35:03.610Z,9.1829,48,SYNTH
2026-03-09 13:35:04.012Z,9.1899,67,SYNTH
2026-03-09 13:35:05.205Z,9.1943,60,SYNTH
2026-03-09 13:35:06.295Z,9.2043,54,SYNTH
2026-03-09 13:35:07.877Z,9.2099,37,SYNTH
2026-03-09 13:35:08.162Z,9.2178,52,SYNTH
2026-03-09 13:35:09.167Z,9.2255,29,SYNTH
2026-03-09 13:35:10.086Z,9.2322,58,SYNTH
2026-03-09 13:35:11.798Z,9.2268,96,SYNTH
2026-03-09 13:35:12.483Z,9.2324,58,SYNTH
2026-03-09 13:35:13.295Z,9.2255,71,SYNTH
2026-03-09 13:35:14.669Z,9.2199,44,SYNTH
2026-03-09 13:35:15.365Z,9.2197,54,SYNTH
2026-03-09 13:35:16.158Z,9.2141,53,SYNTH
2026-03-09 13:35:17.336Z,9.2137,47,SYNTH
2026-03-09 13:35:18.221Z,9.2172,85,SYNTH
2026-03-09 13:35:19.862Z,9.2113,80,SYNTH
2026-03-09 13:35:20.005Z,9.2108,26,SYNTH
2026-03-09 13:35:21.143Z,9.2077,26,SYNTH
2026-03-09 13:35:22.087Z,9.2014,45,SYNTH
2026-03-09 13:35:23.332Z,9.1954,21,SYNTH
2026-03-09 13:35:24.015Z,9.1884,24,SYNTH
2026-03-09 13:35:25.421Z,9.1817,47,SYNTH
2026-03-09 13:35:26.678Z,9.1733,47,SYNTH
2026-03-09 13:35:27.418Z,9.1622,26,SYNTH
2026-03-09 13:35:28.017Z,9.1598,39,SYNTH
2026-03-09 13:35:29.411Z,9.1466,26,SYNTH
2026-03-09 13:35:30.205Z,9.1439,20,SYNTH
2026-03-09 13:35:31.600Z,9.1311,47,SYNTH
2026-03-09 13:35:32.565Z,9.1267,41,SYNTH
2026-03-09 13:35:33.050Z,9.1179,39,SYNTH
2026-03-09 13:35:34.831Z,9.1163,29,SYNTH
2026-03-09 13:35:35.390Z,9.1112,48,SYNTH
2026-03-09 13:35:36.097Z,9.1055,31,SYNTH
2026-03-09 13:35:37.291Z,9.1017,64,SYNTH
2026-03-09 13:35:38.619Z,9.0993,81,SYNTH
2026-03-09 13:35:39.057Z,9.1053,94,SYNTH
2026-03-09 13:35:40.162Z,9.1039,86,SYNTH
2026-03-09 13:35:41.337Z,9.1072,37,SYNTH
2026-03-09 13:35:42.217Z,9.1095,33,SYNTH
2026-03-09 13:35:43.734Z,9.1109,27,SYNTH
2026-03-09 13:35:44.595Z,9.1129,52,SYNTH
2026-03-09 13:35:45.452Z,9.1146,77,SYNTH
2026-03-09 13:35:46.677Z,9.1163,82,SYNTH
2026-03-09 13:35:47.696Z,9.1099,87,SYNTH
2026-03-09 13:35:48.250Z,9.1181,41,SYNTH
2026-03-09 13:35:49.025Z,9.1225,52,SYNTH
2026-03-09 13:35:50.008Z,9.1205,34,SYNTH
2026-03-09 13:35:51.882Z,9.1296,55,SYNTH
2026-03-09 13:35:52.793Z,9.1305,46,SYNTH
2026-03-09 13:35:53.850Z,9.1342,38,SYNTH
2026-03-09 13:35:54.748Z,9.1398,40,SYNTH
2026-03-09 13:35:55.871Z,9.1437,66,SYNTH
2026-03-09 13:35:56.134Z,9.1507,55,SYNTH
2026-03-09 13:35:57.155Z,9.1490,34,SYNTH
2026-03-09 13:35:58.372Z,9.1499,44,SYNTH
2026-03-09 13:35:59.179Z,9.1538,31,SYNTH
2026-03-09 13:36:00.296Z,9.1002,92,SYNTH
2026-03-09 13:36:01.823Z,9.1026,83,SYNTH
2026-03-09 13:36:02.631Z,9.1077,108,SYNTH
2026-03-09 13:36:03.781Z,9.1148,142,SYNTH
2026-03-09 13:36:04.686Z,9.1179,121,SYNTH
2026-03-09 13:36:05.167Z,9.1287,78,SYNTH
2026-03-09 13:36:06.041Z,9.1328,71,SYNTH
2026-03-09 13:36:07.663Z,9.1401,125,SYNTH
2026-03-09 13:36:08.000Z,9.1523,129,SYNTH
2026-03-09 13:36:09.564Z,9.1549,124,SYNTH
2026-03-09 13:36:10.342Z,9.1601,110,SYNTH
2026-03-09 13:36:11.567Z,9.1662,187,SYNTH
2026-03-09 13:36:12.791Z,9.1655,211,SYNTH
2026-03-09 13:36:13.703Z,9.1626,269,SYNTH
2026-03-09 13:36:14.284Z,9.1575,79,SYNTH
2026-03-09 13:36:15.059Z,9.1539,73,SYNTH
2026-03-09 13:36:16.523Z,9.1462,187,SYNTH
2026-03-09 13:36:17.764Z,9.1443,172,SYNTH
2026-03-09 13:36:18.124Z,9.1484,99,SYNTH
2026-03-09 13:36:19.730Z,9.1428,171,SYNTH
2026-03-09 13:36:20.282Z,9.1393,86,SYNTH
2026-03-09 13:36:21.045Z,9.1386,99,SYNTH
2026-03-09 13:36:22.125Z,9.1324,45,SYNTH
2026-03-09 13:36:23.895Z,9.1324,88,SYNTH
2026-03-09 13:36:24.855Z,9.1262,46,SYNTH
2026-03-09 13:36:25.000Z,9.1196,91,SYNTH
2026-03-09 13:36:26.709Z,9.1176,97,SYNTH
2026-03-09 13:36:27.262Z,9.1111,64,SYNTH
2026-03-09 13:36:28.522Z,9.1058,78,SYNTH
2026-03-09 13:36:29.714Z,9.0995,89,SYNTH
2026-03-09 13:36:30.427Z,9.0930,94,SYNTH
2026-03-09 13:36:31.440Z,9.0900,92,SYNTH
2026-03-09 13:36:32.680Z,9.0819,54,SYNTH
2026-03-09 13:36:33.233Z,9.0829,49,SYNTH
2026-03-09 13:36:34.698Z,9.0797,92,SYNTH
2026-03-09 13:36:35.611Z,9.0727,55,SYNTH
2026-03-09 13:36:36.736Z,9.0729,85,SYNTH
2026-03-09 13:36:37.304Z,9.0664,134,SYNTH
2026-03-09 13:36:38.622Z,9.0732,214,SYNTH
2026-03-09 13:36:39.043Z,9.0648,189,SYNTH
2026-03-09 13:36:40.855Z,9.0720,197,SYNTH
2026-03-09 13:36:41.396Z,9.0675,97,SYNTH
2026-03-09 13:36:42.226Z,9.0705,102,SYNTH
2026-03-09 13:36:43.639Z,9.0755,51,SYNTH
2026-03-09 13:36:44.376Z,9.0751,51,SYNTH
2026-03-09 13:36:45.253Z,9.0772,82,SYNTH
2026-03-09 13:36:46.638Z,9.0727,77,SYNTH
2026-03-09 13:36:47.709Z,9.0756,97,SYNTH
2026-03-09 13:36:48.129Z,9.0787,64,SYNTH
2026-03-09 13:36:49.207Z,9.0725,98,SYNTH
2026-03-09 13:36:50.302Z,9.0713,76,SYNTH
2026-03-09 13:36:51.179Z,9.0733,109,SYNTH
2026-03-09 13:36:52.470Z,9.0689,122,SYNTH
2026-03-09 13:36:53.767Z,9.0739,82,SYNTH
2026-03-09 13:36:54.607Z,9.0766,75,SYNTH
2026-03-09 13:36:55.018Z,9.0654,95,SYNTH
2026-03-09 13:36:56.877Z,9.0717,75,SYNTH
2026-03-09 13:36:57.044Z,9.0741,133,SYNTH
2026-03-09 13:36:58.093Z,9.0671,142,SYNTH
2026-03-09 13:36:59.588Z,9.0738,153,SYNTH
2026-03-09 13:38:00.381Z,9.1237,50,SYNTH
2026-03-09 13:38:01.441Z,9.1233,34,SYNTH
2026-03-09 13:38:02.213Z,9.1198,22,SYNTH
2026-03-09 13:38:03.214Z,9.1182,24,SYNTH
2026-03-09 13:38:04.367Z,9.1253,25,SYNTH
2026-03-09 13:38:05.027Z,9.1245,22,SYNTH
2026-03-09 13:38:06.849Z,9.1170,25,SYNTH
2026-03-09 13:38:07.041Z,9.1228,41,SYNTH
2026-03-09 13:38:08.542Z,9.1256,25,SYNTH
2026-03-09 13:38:09.348Z,9.1189,37,SYNTH
2026-03-09 13:38:10.082Z,9.1162,22,SYNTH
2026-03-09 13:38:11.002Z,9.1241,87,SYNTH
2026-03-09 13:38:12.366Z,9.1163,76,SYNTH
2026-03-09 13:38:13.674Z,9.1164,73,SYNTH
2026-03-09 13:38:14.594Z,9.1221,41,SYNTH
2026-03-09 13:38:15.670Z,9.1207,20,SYNTH
2026-03-09 13:38:16.771Z,9.1223,29,SYNTH
2026-03-09 13:38:17.031Z,9.1219,64,SYNTH
2026-03-09 13:38:18.761Z,9.1150,59,SYNTH
2026-03-09 13:38:19.026Z,9.1139,68,SYNTH
2026-03-09 13:38:20.886Z,9.1155,26,SYNTH
2026-03-09 13:38:21.802Z,9.1127,26,SYNTH
2026-03-09 13:38:22.190Z,9.1074,28,SYNTH
2026-03-09 13:38:23.713Z,9.1057,27,SYNTH
2026-03-09 13:38:24.105Z,9.1037,32,SYNTH
2026-03-09 13:38:25.791Z,9.0998,29,SYNTH
2026-03-09 13:38:26.528Z,9.0916,28,SYNTH
2026-03-09 13:38:27.433Z,9.0872,31,SYNTH
2026-03-09 13:38:28.060Z,9.0860,16,SYNTH
2026-03-09 13:38:29.476Z,9.0785,33,SYNTH
2026-03-09 13:38:30.216Z,9.0714,31,SYNTH
2026-03-09 13:38:31.047Z,9.0659,28,SYNTH
2026-03-09 13:38:32.214Z,9.0644,35,SYNTH
2026-03-09 13:38:33.069Z,9.0597,33,SYNTH
2026-03-09 13:38:34.663Z,9.0568,34,SYNTH
2026-03-09 13:38:35.190Z,9.0512,29,SYNTH
2026-03-09 13:38:36.871Z,9.0491,35,SYNTH
2026-03-09 13:38:37.346Z,9.0546,60,SYNTH
2026-03-09 13:38:38.164Z,9.0463,52,SYNTH
2026-03-09 13:38:39.042Z,9.0548,73,SYNTH
2026-03-09 13:38:40.143Z,9.0470,62,SYNTH
2026-03-09 13:38:41.390Z,9.0578,21,SYNTH
2026-03-09 13:38:42.751Z,9.0500,24,SYNTH
2026-03-09 13:38:43.204Z,9.0564,35,SYNTH
2026-03-09 13:38:44.141Z,9.0591,39,SYNTH
2026-03-09 13:38:45.485Z,9.0590,35,SYNTH
2026-03-09 13:38:46.874Z,9.0557,35,SYNTH
2026-03-09 13:38:47.190Z,9.0592,34,SYNTH
2026-03-09 13:38:48.440Z,9.0561,33,SYNTH
2026-03-09 13:38:49.512Z,9.0519,23,SYNTH
2026-03-09 13:38:50.017Z,9.0613,44,SYNTH
2026-03-09 13:38:51.124Z,9.0567,40,SYNTH
2026-03-09 13:38:52.430Z,9.0551,36,SYNTH
2026-03-09 13:38:53.446Z,9.0534,45,SYNTH
2026-03-09 13:38:54.455Z,9.0516,44,SYNTH
2026-03-09 13:38:55.594Z,9.0572,29,SYNTH
2026-03-09 13:38:56.448Z,9.0485,44,SYNTH
2026-03-09 13:38:57.545Z,9.0493,36,SYNTH
2026-03-09 13:38:58.888Z,9.0550,30,SYNTH
2026-03-09 13:38:59.245Z,9.0467,39,SYNTH
2026-03-09 13:39:00.418Z,9.0711,2,SYNTH
2026-03-09 13:39:01.192Z,9.0712,2,SYNTH
2026-03-09 13:39:02.396Z,9.0695,3,SYNTH
2026-03-09 13:39:03.445Z,9.0680,1,SYNTH
2026-03-09 13:39:04.335Z,9.0721,2,SYNTH
2026-03-09 13:39:05.796Z,9.0722,1,SYNTH
2026-03-09 13:39:06.093Z,9.0672,2,SYNTH
2026-03-09 13:39:07.103Z,9.0647,2,SYNTH
2026-03-09 13:39:08.315Z,9.0700,1,SYNTH
2026-03-09 13:39:09.441Z,9.0709,2,SYNTH
2026-03-09 13:39:10.348Z,9.0673,1,SYNTH
2026-03-09 13:39:11.813Z,9.0704,3,SYNTH
2026-03-09 13:39:12.375Z,9.0736,4,SYNTH
2026-03-09 13:39:13.693Z,9.0677,2,SYNTH
2026-03-09 13:39:14.477Z,9.0645,1,SYNTH
2026-03-09 13:39:15.239Z,9.0745,1,SYNTH
2026-03-09 13:39:16.432Z,9.0750,2,SYNTH
2026-03-09 13:39:17.675Z,9.0670,2,SYNTH
2026-03-09 13:39:18.290Z,9.0745,2,SYNTH
2026-03-09 13:39:19.715Z,9.0701,3,SYNTH
2026-03-09 13:39:20.401Z,9.0685,1,SYNTH
2026-03-09 13:39:21.366Z,9.0659,2,SYNTH
2026-03-09 13:39:22.482Z,9.0752,1,SYNTH
2026-03-09 13:39:23.510Z,9.0653,1,SYNTH
2026-03-09 13:39:24.191Z,9.0727,1,SYNTH
2026-03-09 13:39:25.025Z,9.0664,1,SYNTH
2026-03-09 13:39:26.397Z,9.0656,2,SYNTH
2026-03-09 13:39:27.151Z,9.0719,1,SYNTH
2026-03-09 13:39:28.277Z,9.0683,1,SYNTH
2026-03-09 13:39:29.785Z,9.0648,1,SYNTH
2026-03-09 13:39:30.530Z,9.0738,1,SYNTH
2026-03-09 13:39:31.524Z,9.0668,1,SYNTH
2026-03-09 13:39:32.528Z,9.0751,2,SYNTH
2026-03-09 13:39:33.486Z,9.0745,1,SYNTH
2026-03-09 13:39:34.628Z,9.0681,1,SYNTH
2026-03-09 13:39:35.603Z,9.0708,1,SYNTH
2026-03-09 13:39:36.657Z,9.0728,1,SYNTH
2026-03-09 13:39:37.460Z,9.0734,4,SYNTH
2026-03-09 13:39:38.437Z,9.0748,2,SYNTH
2026-03-09 13:39:39.036Z,9.0689,4,SYNTH
2026-03-09 13:39:40.029Z,9.0670,4,SYNTH
2026-03-09 13:39:41.754Z,9.0749,1,SYNTH
2026-03-09 13:39:42.346Z,9.0670,1,SYNTH
2026-03-09 13:39:43.260Z,9.0680,1,SYNTH
2026-03-09 13:39:44.794Z,9.0649,1,SYNTH
2026-03-09 13:39:45.281Z,9.0724,3,SYNTH
2026-03-09 13:39:46.680Z,9.0725,1,SYNTH
2026-03-09 13:39:47.021Z,9.0688,2,SYNTH
2026-03-09 13:39:48.765Z,9.0658,2,SYNTH
2026-03-09 13:39:49.306Z,9.0726,2,SYNTH
2026-03-09 13:39:50.110Z,9.0743,1,SYNTH
2026-03-09 13:39:51.201Z,9.0666,2,SYNTH
2026-03-09 13:39:52.789Z,9.0650,1,SYNTH
2026-03-09 13:39:53.528Z,9.0684,1,SYNTH
2026-03-09 13:39:54.169Z,9.0714,2,SYNTH
2026-03-09 13:39:55.810Z,9.0746,2,SYNTH
2026-03-09 13:39:56.758Z,9.0744,2,SYNTH
2026-03-09 13:39:57.198Z,9.0662,2,SYNTH
2026-03-09 13:39:58.656Z,9.0747,3,SYNTH
2026-03-09 13:39:59.513Z,9.0690,1,SYNTH
2026-03-09 13:40:00.507Z,9.0609,26,SYNTH
2026-03-09 13:40:01.856Z,9.0650,27,SYNTH
2026-03-09 13:40:02.749Z,9.0664,48,SYNTH
2026-03-09 13:40:03.285Z,9.0722,38,SYNTH
2026-03-09 13:40:04.749Z,9.0777,41,SYNTH
2026-03-09 13:40:05.127Z,9.0843,44,SYNTH
2026-03-09 13:40:06.223Z,9.0903,34,SYNTH
2026-03-09 13:40:07.327Z,9.0980,23,SYNTH
2026-03-09 13:40:08.063Z,9.1067,30,SYNTH
2026-03-09 13:40:09.424Z,9.1082,22,SYNTH
2026-03-09 13:40:10.516Z,9.1159,27,SYNTH
2026-03-09 13:40:11.802Z,9.1177,43,SYNTH
2026-03-09 13:40:12.541Z,9.1123,73,SYNTH
2026-03-09 13:40:13.487Z,9.1114,73,SYNTH
2026-03-09 13:40:14.748Z,9.1111,33,SYNTH
2026-03-09 13:40:15.024Z,9.1048,16,SYNTH
2026-03-09 13:40:16.415Z,9.0990,47,SYNTH
2026-03-09 13:40:17.767Z,9.1000,60,SYNTH
2026-03-09 13:40:18.040Z,9.0982,48,SYNTH
2026-03-09 13:40:19.341Z,9.0937,53,SYNTH
2026-03-09 13:40:20.837Z,9.0926,26,SYNTH
2026-03-09 13:40:21.259Z,9.1008,21,SYNTH
2026-03-09 13:40:22.170Z,9.0906,18,SYNTH
2026-03-09 13:40:23.061Z,9.0892,35,SYNTH
2026-03-09 13:40:24.450Z,9.0838,34,SYNTH
2026-03-09 13:40:25.230Z,9.0881,33,SYNTH
2026-03-09 13:40:26.757Z,9.0821,20,SYNTH
2026-03-09 13:40:27.006Z,9.0771,33,SYNTH
2026-03-09 13:40:28.588Z,9.0740,23,SYNTH
2026-03-09 13:40:29.760Z,9.0681,20,SYNTH
2026-03-09 13:40:30.178Z,9.0669,33,SYNTH
2026-03-09 13:40:31.664Z,9.0606,22,SYNTH
2026-03-09 13:40:32.861Z,9.0566,33,SYNTH
2026-03-09 13:40:33.786Z,9.0548,18,SYNTH
2026-03-09 13:40:34.721Z,9.0606,32,SYNTH
2026-03-09 13:40:35.423Z,9.0517,19,SYNTH
2026-03-09 13:40:36.533Z,9.0464,18,SYNTH
2026-03-09 13:40:37.719Z,9.0453,76,SYNTH
2026-03-09 13:40:38.744Z,9.0460,72,SYNTH
2026-03-09 13:40:39.303Z,9.0469,51,SYNTH
2026-03-09 13:40:40.758Z,9.0535,89,SYNTH
2026-03-09 13:40:41.011Z,9.0456,19,SYNTH
2026-03-09 13:40:42.766Z,9.0522,17,SYNTH
2026-03-09 13:40:43.229Z,9.0516,29,SYNTH
2026-03-09 13:40:44.784Z,9.0486,24,SYNTH
2026-03-09 13:40:45.066Z,9.0530,28,SYNTH
2026-03-09 13:40:46.009Z,9.0493,28,SYNTH
2026-03-09 13:40:47.101Z,9.0521,48,SYNTH
2026-03-09 13:40:48.721Z,9.0531,33,SYNTH
2026-03-09 13:40:49.802Z,9.0482,34,SYNTH
2026-03-09 13:40:50.183Z,9.0490,22,SYNTH
2026-03-09 13:40:51.462Z,9.0549,40,SYNTH
2026-03-09 13:40:52.552Z,9.0465,20,SYNTH
2026-03-09 13:40:53.544Z,9.0518,35,SYNTH
2026-03-09 13:40:54.537Z,9.0530,34,SYNTH
2026-03-09 13:40:55.292Z,9.0506,43,SYNTH
2026-03-09 13:40:56.710Z,9.0476,50,SYNTH
2026-03-09 13:40:57.372Z,9.0470,48,SYNTH
2026-03-09 13:40:58.771Z,9.0471,41,SYNTH
2026-03-09 13:40:59.786Z,9.0522,47,SYNTH
2026-03-09 13:41:00.245Z,9.0523,24,SYNTH
2026-03-09 13:41:01.822Z,9.0467,38,SYNTH
2026-03-09 13:41:02.729Z,9.0524,49,SYNTH
2026-03-09 13:41:03.810Z,9.0532,25,SYNTH
2026-03-09 13:41:04.153Z,9.0583,34,SYNTH
2026-03-09 13:41:05.047Z,9.0614,23,SYNTH
2026-03-09 13:41:06.352Z,9.0579,40,SYNTH
2026-03-09 13:41:07.120Z,9.0647,30,SYNTH
2026-03-09 13:41:08.180Z,9.0669,38,SYNTH
2026-03-09 13:41:09.658Z,9.0686,36,SYNTH
2026-03-09 13:41:10.627Z,9.0651,19,SYNTH
2026-03-09 13:41:11.151Z,9.0715,50,SYNTH
2026-03-09 13:41:12.470Z,9.0648,100,SYNTH
2026-03-09 13:41:13.492Z,9.0690,56,SYNTH
2026-03-09 13:41:14.771Z,9.0642,27,SYNTH
2026-03-09 13:41:15.067Z,9.0661,33,SYNTH
2026-03-09 13:41:16.635Z,9.0638,27,SYNTH
2026-03-09 13:41:17.040Z,9.0693,42,SYNTH
2026-03-09 13:41:18.240Z,9.0646,35,SYNTH
2026-03-09 13:41:19.287Z,9.0679,61,SYNTH
2026-03-09 13:41:20.797Z,9.0606,21,SYNTH
2026-03-09 13:41:21.079Z,9.0566,24,SYNTH
2026-03-09 13:41:22.640Z,9.0572,15,SYNTH
2026-03-09 13:41:23.651Z,9.0505,18,SYNTH
2026-03-09 13:41:24.081Z,9.0491,26,SYNTH
2026-03-09 13:41:25.737Z,9.0442,28,SYNTH
2026-03-09 13:41:26.817Z,9.0395,31,SYNTH
2026-03-09 13:41:27.204Z,9.0368,20,SYNTH
2026-03-09 13:41:28.533Z,9.0327,15,SYNTH
2026-03-09 13:41:29.714Z,9.0265,25,SYNTH
2026-03-09 13:41:30.781Z,9.0191,16,SYNTH
2026-03-09 13:41:31.116Z,9.0185,17,SYNTH
2026-03-09 13:41:32.296Z,9.0138,16,SYNTH
2026-03-09 13:41:33.292Z,9.0097,25,SYNTH
2026-03-09 13:41:34.082Z,9.0055,17,SYNTH
2026-03-09 13:41:35.867Z,9.0015,32,SYNTH
2026-03-09 13:41:36.330Z,9.0008,34,SYNTH
2026-03-09 13:41:37.292Z,8.9986,80,SYNTH
2026-03-09 13:41:38.349Z,9.0036,70,SYNTH
2026-03-09 13:41:39.256Z,8.9972,37,SYNTH
2026-03-09 13:41:40.656Z,9.0008,67,SYNTH
2026-03-09 13:41:41.304Z,9.0045,23,SYNTH
2026-03-09 13:41:42.391Z,8.9967,26,SYNTH
2026-03-09 13:41:43.843Z,9.0033,35,SYNTH
2026-03-09 13:41:44.236Z,9.0037,23,SYNTH
2026-03-09 13:41:45.717Z,9.0055,31,SYNTH
2026-03-09 13:41:46.524Z,9.0085,43,SYNTH
2026-03-09 13:41:47.416Z,9.0031,52,SYNTH
2026-03-09 13:41:48.244Z,9.0081,36,SYNTH
2026-03-09 13:41:49.469Z,9.0034,36,SYNTH
2026-03-09 13:41:50.170Z,9.0068,40,SYNTH
2026-03-09 13:41:51.218Z,9.0079,20,SYNTH
2026-03-09 13:41:52.124Z,9.0042,39,SYNTH
2026-03-09 13:41:53.571Z,9.0095,19,SYNTH
2026-03-09 13:41:54.479Z,9.0087,20,SYNTH
2026-03-09 13:41:55.471Z,9.0133,38,SYNTH
2026-03-09 13:41:56.805Z,9.0055,35,SYNTH
2026-03-09 13:41:57.479Z,9.0041,42,SYNTH
2026-03-09 13:41:58.326Z,9.0137,39,SYNTH
2026-03-09 13:41:59.147Z,9.0096,47,SYNTH
2026-03-09 13:42:00.135Z,9.0928,36,SYNTH
2026-03-09 13:42:01.481Z,9.0855,61,SYNTH
2026-03-09 13:42:02.490Z,9.0819,39,SYNTH
2026-03-09 13:42:03.878Z,9.0778,36,SYNTH
2026-03-09 13:42:04.494Z,9.0646,66,SYNTH
2026-03-09 13:42:05.140Z,9.0567,56,SYNTH
2026-03-09 13:42:06.451Z,9.0460,39,SYNTH
2026-03-09 13:42:07.621Z,9.0374,39,SYNTH
2026-03-09 13:42:08.382Z,9.0267,33,SYNTH
2026-03-09 13:42:09.049Z,9.0217,59,SYNTH
2026-03-09 13:42:10.893Z,9.0126,39,SYNTH
2026-03-09 13:42:11.242Z,9.0098,125,SYNTH
2026-03-09 13:42:12.214Z,9.0081,118,SYNTH
2026-03-09 13:42:13.524Z,9.0161,107,SYNTH
2026-03-09 13:42:14.032Z,9.0202,22,SYNTH
2026-03-09 13:42:15.189Z,9.0274,40,SYNTH
2026-03-09 13:42:16.168Z,9.0359,84,SYNTH
2026-03-09 13:42:17.858Z,9.0369,71,SYNTH
2026-03-09 13:42:18.519Z,9.0363,69,SYNTH
2026-03-09 13:42:19.407Z,9.0380,43,SYNTH
2026-03-09 13:42:20.163Z,9.0437,27,SYNTH
2026-03-09 13:42:21.030Z,9.0470,28,SYNTH
2026-03-09 13:42:22.207Z,9.0463,30,SYNTH
2026-03-09 13:42:23.293Z,9.0530,23,SYNTH
2026-03-09 13:42:24.432Z,9.0578,31,SYNTH
2026-03-09 13:42:25.695Z,9.0655,26,SYNTH
2026-03-09 13:42:26.673Z,9.0650,35,SYNTH
2026-03-09 13:42:27.205Z,9.0768,21,SYNTH
2026-03-09 13:42:28.565Z,9.0805,19,SYNTH
2026-03-09 13:42:29.703Z,9.0885,37,SYNTH
2026-03-09 13:42:30.472Z,9.0937,21,SYNTH
2026-03-09 13:42:31.407Z,9.0979,44,SYNTH
2026-03-09 13:42:32.053Z,9.0998,35,SYNTH
2026-03-09 13:42:33.056Z,9.1051,29,SYNTH
2026-03-09 13:42:34.676Z,9.1108,40,SYNTH
2026-03-09 13:42:35.332Z,9.1153,44,SYNTH
2026-03-09 13:42:36.298Z,9.1171,21,SYNTH
2026-03-09 13:42:37.484Z,9.1211,110,SYNTH
2026-03-09 13:42:38.449Z,9.1231,97,SYNTH
2026-03-09 13:42:39.604Z,9.1244,75,SYNTH
2026-03-09 13:42:40.092Z,9.1161,120,SYNTH
2026-03-09 13:42:41.872Z,9.1150,29,SYNTH
2026-03-09 13:42:42.276Z,9.1143,35,SYNTH
2026-03-09 13:42:43.687Z,9.1196,37,SYNTH
2026-03-09 13:42:44.641Z,9.1128,50,SYNTH
2026-03-09 13:42:45.365Z,9.1151,62,SYNTH
2026-03-09 13:42:46.466Z,9.1152,68,SYNTH
2026-03-09 13:42:47.081Z,9.1169,70,SYNTH
2026-03-09 13:42:48.715Z,9.1127,55,SYNTH
2026-03-09 13:42:49.165Z,9.1093,36,SYNTH
2026-03-09 13:42:50.720Z,9.1126,25,SYNTH
2026-03-09 13:42:51.007Z,9.1112,58,SYNTH
2026-03-09 13:42:52.030Z,9.1112,48,SYNTH
2026-03-09 13:42:53.110Z,9.1166,40,SYNTH
2026-03-09 13:42:54.238Z,9.1130,59,SYNTH
2026-03-09 13:42:55.008Z,9.1112,61,SYNTH
2026-03-09 13:42:56.790Z,9.1091,43,SYNTH
2026-03-09 13:42:57.004Z,9.1052,32,SYNTH
2026-03-09 13:42:58.160Z,9.1117,62,SYNTH
2026-03-09 13:42:59.722Z,9.1082,61,SYNTH
2026-03-09 13:43:00.038Z,9.0708,26,SYNTH
2026-03-09 13:43:01.154Z,9.0652,32,SYNTH
2026-03-09 13:43:02.619Z,9.0749,19,SYNTH
2026-03-09 13:43:03.680Z,9.0647,13,SYNTH
2026-03-09 13:43:04.528Z,9.0644,28,SYNTH
2026-03-09 13:43:05.063Z,9.0730,28,SYNTH
2026-03-09 13:43:06.304Z,9.0641,19,SYNTH
2026-03-09 13:43:07.605Z,9.0747,18,SYNTH
2026-03-09 13:43:08.418Z,9.0649,22,SYNTH
2026-03-09 13:43:09.813Z,9.0689,23,SYNTH
2026-03-09 13:43:10.175Z,9.0738,19,SYNTH
2026-03-09 13:43:11.677Z,9.0662,27,SYNTH
2026-03-09 13:43:12.284Z,9.0739,59,SYNTH
2026-03-09 13:43:13.163Z,9.0652,35,SYNTH
2026-03-09 13:43:14.826Z,9.0714,22,SYNTH
2026-03-09 13:43:15.381Z,9.0647,14,SYNTH
2026-03-09 13:43:16.602Z,9.0741,30,SYNTH
2026-03-09 13:43:17.486Z,9.0727,26,SYNTH
2026-03-09 13:43:18.847Z,9.0684,33,SYNTH
2026-03-09 13:43:19.242Z,9.0670,18,SYNTH
2026-03-09 13:43:20.843Z,9.0658,20,SYNTH
2026-03-09 13:43:21.291Z,9.0716,9,SYNTH
2026-03-09 13:43:22.505Z,9.0678,15,SYNTH
2026-03-09 13:43:23.335Z,9.0712,11,SYNTH
2026-03-09 13:43:24.390Z,9.0719,16,SYNTH
2026-03-09 13:43:25.126Z,9.0665,14,SYNTH
2026-03-09 13:43:26.657Z,9.0704,19,SYNTH
2026-03-09 13:43:27.458Z,9.0668,21,SYNTH
2026-03-09 13:43:28.753Z,9.0734,10,SYNTH
2026-03-09 13:43:29.698Z,9.0638,15,SYNTH
2026-03-09 13:43:30.337Z,9.0714,16,SYNTH
2026-03-09 13:43:31.167Z,9.0716,13,SYNTH
2026-03-09 13:43:32.002Z,9.0748,10,SYNTH
2026-03-09 13:43:33.152Z,9.0694,11,SYNTH
2026-03-09 13:43:34.719Z,9.0710,18,SYNTH
2026-03-09 13:43:35.725Z,9.0677,19,SYNTH
2026-03-09 13:43:36.478Z,9.0701,16,SYNTH
2026-03-09 13:43:37.426Z,9.0704,22,SYNTH
2026-03-09 13:43:38.482Z,9.0747,30,SYNTH
2026-03-09 13:43:39.692Z,9.0679,25,SYNTH
2026-03-09 13:43:40.582Z,9.0723,28,SYNTH
2026-03-09 13:43:41.497Z,9.0753,10,SYNTH
2026-03-09 13:43:42.000Z,9.0662,18,SYNTH
2026-03-09 13:43:43.420Z,9.0689,21,SYNTH
2026-03-09 13:43:44.236Z,9.0739,22,SYNTH
2026-03-09 13:43:45.297Z,9.0686,24,SYNTH
2026-03-09 13:43:46.041Z,9.0691,34,SYNTH
2026-03-09 13:43:47.269Z,9.0670,28,SYNTH
2026-03-09 13:43:48.806Z,9.0708,13,SYNTH
2026-03-09 13:43:49.069Z,9.0663,26,SYNTH
2026-03-09 13:43:50.309Z,9.0709,18,SYNTH
2026-03-09 13:43:51.133Z,9.0747,19,SYNTH
2026-03-09 13:43:52.770Z,9.0749,20,SYNTH
2026-03-09 13:43:53.121Z,9.0651,18,SYNTH
2026-03-09 13:43:54.218Z,9.0700,29,SYNTH
2026-03-09 13:43:55.172Z,9.0733,23,SYNTH
2026-03-09 13:43:56.383Z,9.0684,22,SYNTH
2026-03-09 13:43:57.823Z,9.0672,15,SYNTH
2026-03-09 13:43:58.286Z,9.0721,22,SYNTH
2026-03-09 13:43:59.340Z,9.0739,21,SYNTH
2026-03-09 13:45:00.556Z,9.1119,78,SYNTH
2026-03-09 13:45:01.326Z,9.1149,111,SYNTH
2026-03-09 13:45:02.693Z,9.1177,65,SYNTH
2026-03-09 13:45:03.414Z,9.1217,61,SYNTH
2026-03-09 13:45:04.838Z,9.1269,88,SYNTH
2026-03-09 13:45:05.531Z,9.1297,76,SYNTH
2026-03-09 13:45:06.710Z,9.1386,53,SYNTH
2026-03-09 13:45:07.039Z,9.1425,75,SYNTH
2026-03-09 13:45:08.813Z,9.1480,112,SYNTH
2026-03-09 13:45:09.890Z,9.1585,55,SYNTH
2026-03-09 13:45:10.386Z,9.1598,59,SYNTH
2026-03-09 13:45:11.473Z,9.1619,239,SYNTH
2026-03-09 13:45:12.190Z,9.1637,192,SYNTH
2026-03-09 13:45:13.560Z,9.1620,261,SYNTH
2026-03-09 13:45:14.803Z,9.1561,55,SYNTH
2026-03-09 13:45:15.074Z,9.1510,57,SYNTH
2026-03-09 13:45:16.329Z,9.1500,109,SYNTH
2026-03-09 13:45:17.296Z,9.1517,143,SYNTH
2026-03-09 13:45:18.199Z,9.1458,103,SYNTH
2026-03-09 13:45:19.424Z,9.1462,81,SYNTH
2026-03-09 13:45:20.042Z,9.1511,83,SYNTH
2026-03-09 13:45:21.566Z,9.1424,57,SYNTH
2026-03-09 13:45:22.232Z,9.1392,93,SYNTH
2026-03-09 13:45:23.668Z,9.1348,81,SYNTH
2026-03-09 13:45:24.881Z,9.1273,69,SYNTH
2026-03-09 13:45:25.606Z,9.1212,90,SYNTH
2026-03-09 13:45:26.357Z,9.1148,75,SYNTH
2026-03-09 13:45:27.541Z,9.1097,59,SYNTH
2026-03-09 13:45:28.686Z,9.1063,69,SYNTH
2026-03-09 13:45:29.318Z,9.0948,74,SYNTH
2026-03-09 13:45:30.254Z,9.0914,70,SYNTH
2026-03-09 13:45:31.357Z,9.0820,81,SYNTH
2026-03-09 13:45:32.130Z,9.0751,88,SYNTH
2026-03-09 13:45:33.246Z,9.0726,54,SYNTH
2026-03-09 13:45:34.567Z,9.0716,45,SYNTH
2026-03-09 13:45:35.555Z,9.0649,61,SYNTH
2026-03-09 13:45:36.766Z,9.0616,64,SYNTH
2026-03-09 13:45:37.610Z,9.0594,156,SYNTH
2026-03-09 13:45:38.452Z,9.0558,214,SYNTH
2026-03-09 13:45:39.609Z,9.0622,138,SYNTH
2026-03-09 13:45:40.494Z,9.0549,194,SYNTH
2026-03-09 13:45:41.535Z,9.0628,58,SYNTH
2026-03-09 13:45:42.319Z,9.0641,91,SYNTH
2026-03-09 13:45:43.428Z,9.0641,88,SYNTH
2026-03-09 13:45:44.776Z,9.0665,101,SYNTH
2026-03-09 13:45:45.636Z,9.0666,130,SYNTH
2026-03-09 13:45:46.633Z,9.0669,68,SYNTH
2026-03-09 13:45:47.268Z,9.0686,127,SYNTH
2026-03-09 13:45:48.596Z,9.0668,85,SYNTH
2026-03-09 13:45:49.676Z,9.0611,60,SYNTH
2026-03-09 13:45:50.170Z,9.0669,107,SYNTH
2026-03-09 13:45:51.502Z,9.0608,50,SYNTH
2026-03-09 13:45:52.756Z,9.0613,99,SYNTH
2026-03-09 13:45:53.649Z,9.0641,93,SYNTH
2026-03-09 13:45:54.832Z,9.0605,73,SYNTH
2026-03-09 13:45:55.464Z,9.0585,122,SYNTH
2026-03-09 13:45:56.631Z,9.0616,106,SYNTH
2026-03-09 13:45:57.050Z,9.0570,82,SYNTH
2026-03-09 13:45:58.657Z,9.0641,99,SYNTH
2026-03-09 13:45:59.317Z,9.0573,100,SYNTH
2026-03-09 13:46:00.552Z,9.1440,223,SYNTH
2026-03-09 13:46:01.701Z,9.1386,274,SYNTH
2026-03-09 13:46:02.524Z,9.1429,220,SYNTH
2026-03-09 13:46:03.367Z,9.1380,259,SYNTH
2026-03-09 13:46:04.211Z,9.1402,168,SYNTH
2026-03-09 13:46:05.673Z,9.1357,246,SYNTH
2026-03-09 13:46:06.012Z,9.1414,172,SYNTH
2026-03-09 13:46:07.384Z,9.1415,226,SYNTH
2026-03-09 13:46:08.105Z,9.1377,184,SYNTH
2026-03-09 13:46:09.784Z,9.1441,201,SYNTH
2026-03-09 13:46:10.244Z,9.1391,195,SYNTH
2026-03-09 13:46:11.038Z,9.1427,467,SYNTH
2026-03-09 13:46:12.350Z,9.1391,631,SYNTH
2026-03-09 13:46:13.057Z,9.1355,376,SYNTH
2026-03-09 13:46:14.733Z,9.1368,123,SYNTH
2026-03-09 13:46:15.791Z,9.1416,209,SYNTH
2026-03-09 13:46:16.339Z,9.1352,186,SYNTH
2026-03-09 13:46:17.139Z,9.1430,244,SYNTH
2026-03-09 13:46:18.093Z,9.1412,188,SYNTH
2026-03-09 13:46:19.574Z,9.1445,289,SYNTH
2026-03-09 13:46:20.362Z,9.1443,92,SYNTH
2026-03-09 13:46:21.715Z,9.1532,105,SYNTH
2026-03-09 13:46:22.373Z,9.1575,119,SYNTH
2026-03-09 13:46:23.646Z,9.1619,194,SYNTH
2026-03-09 13:46:24.756Z,9.1701,118,SYNTH
2026-03-09 13:46:25.162Z,9.1798,131,SYNTH
2026-03-09 13:46:26.313Z,9.1895,96,SYNTH
2026-03-09 13:46:27.431Z,9.1963,188,SYNTH
2026-03-09 13:46:28.271Z,9.2075,167,SYNTH
2026-03-09 13:46:29.031Z,9.2155,201,SYNTH
2026-03-09 13:46:30.524Z,9.2234,156,SYNTH
2026-03-09 13:46:31.639Z,9.2377,183,SYNTH
2026-03-09 13:46:32.329Z,9.2426,94,SYNTH
2026-03-09 13:46:33.560Z,9.2521,114,SYNTH
2026-03-09 13:46:34.839Z,9.2576,185,SYNTH
2026-03-09 13:46:35.194Z,9.2655,151,SYNTH
2026-03-09 13:46:36.403Z,9.2653,111,SYNTH
2026-03-09 13:46:37.537Z,9.2693,228,SYNTH
2026-03-09 13:46:38.683Z,9.2700,512,SYNTH
2026-03-09 13:46:39.081Z,9.2669,374,SYNTH
2026-03-09 13:46:40.847Z,9.2642,554,SYNTH
2026-03-09 13:46:41.481Z,9.2635,177,SYNTH
2026-03-09 13:46:42.507Z,9.2576,106,SYNTH
2026-03-09 13:46:43.539Z,9.2517,184,SYNTH
2026-03-09 13:46:44.662Z,9.2469,163,SYNTH
2026-03-09 13:46:45.875Z,9.2424,275,SYNTH
2026-03-09 13:46:46.693Z,9.2410,176,SYNTH
2026-03-09 13:46:47.451Z,9.2487,273,SYNTH
2026-03-09 13:46:48.585Z,9.2403,201,SYNTH
2026-03-09 13:46:49.633Z,9.2458,202,SYNTH
2026-03-09 13:46:50.031Z,9.2331,259,SYNTH
2026-03-09 13:46:51.041Z,9.2324,248,SYNTH
2026-03-09 13:46:52.094Z,9.2343,179,SYNTH
2026-03-09 13:46:53.589Z,9.2297,136,SYNTH
2026-03-09 13:46:54.756Z,9.2213,173,SYNTH
2026-03-09 13:46:55.185Z,9.2239,181,SYNTH
2026-03-09 13:46:56.126Z,9.2137,217,SYNTH
2026-03-09 13:46:57.575Z,9.2128,258,SYNTH
2026-03-09 13:46:58.283Z,9.2149,225,SYNTH
2026-03-09 13:46:59.373Z,9.2143,321,SYNTH
2026-03-09 13:47:00.174Z,9.2225,32,SYNTH
2026-03-09 13:47:01.707Z,9.2239,23,SYNTH
2026-03-09 13:47:02.138Z,9.2151,23,SYNTH
2026-03-09 13:47:03.332Z,9.2107,30,SYNTH
2026-03-09 13:47:04.275Z,9.2101,15,SYNTH
2026-03-09 13:47:05.011Z,9.2065,33,SYNTH
2026-03-09 13:47:06.240Z,9.2046,33,SYNTH
2026-03-09 13:47:07.890Z,9.2086,15,SYNTH
2026-03-09 13:47:08.352Z,9.2032,26,SYNTH
2026-03-09 13:47:09.827Z,9.2024,31,SYNTH
2026-03-09 13:47:10.431Z,9.1986,17,SYNTH
2026-03-09 13:47:11.850Z,9.2028,50,SYNTH
2026-03-09 13:47:12.253Z,9.1983,74,SYNTH
2026-03-09 13:47:13.034Z,9.2028,52,SYNTH
2026-03-09 13:47:14.329Z,9.1986,28,SYNTH
2026-03-09 13:47:15.442Z,9.2057,13,SYNTH
2026-03-09 13:47:16.839Z,9.2017,25,SYNTH
2026-03-09 13:47:17.607Z,9.2057,49,SYNTH
2026-03-09 13:47:18.044Z,9.2016,28,SYNTH
2026-03-09 13:47:19.414Z,9.2047,30,SYNTH
2026-03-09 13:47:20.699Z,9.2068,18,SYNTH
2026-03-09 13:47:21.467Z,9.2081,22,SYNTH
2026-03-09 13:47:22.505Z,9.2132,20,SYNTH
2026-03-09 13:47:23.773Z,9.2156,19,SYNTH
2026-03-09 13:47:24.861Z,9.2147,17,SYNTH
2026-03-09 13:47:25.744Z,9.2184,27,SYNTH
2026-03-09 13:47:26.637Z,9.2236,20,SYNTH
2026-03-09 13:47:27.238Z,9.2255,20,SYNTH
2026-03-09 13:47:28.412Z,9.2303,11,SYNTH
2026-03-09 13:47:29.865Z,9.2325,23,SYNTH
2026-03-09 13:47:30.305Z,9.2353,14,SYNTH
2026-03-09 13:47:31.686Z,9.2388,17,SYNTH
2026-03-09 13:47:32.607Z,9.2427,17,SYNTH
2026-03-09 13:47:33.537Z,9.2440,11,SYNTH
2026-03-09 13:47:34.840Z,9.2458,26,SYNTH
2026-03-09 13:47:35.165Z,9.2464,11,SYNTH
2026-03-09 13:47:36.417Z,9.2518,25,SYNTH
2026-03-09 13:47:37.817Z,9.2470,52,SYNTH
2026-03-09 13:47:38.883Z,9.2517,58,SYNTH
2026-03-09 13:47:39.399Z,9.2467,46,SYNTH
2026-03-09 13:47:40.744Z,9.2480,38,SYNTH
2026-03-09 13:47:41.788Z,9.2431,12,SYNTH
2026-03-09 13:47:42.238Z,9.2425,16,SYNTH
2026-03-09 13:47:43.038Z,9.2494,19,SYNTH
2026-03-09 13:47:44.144Z,9.2412,26,SYNTH
2026-03-09 13:47:45.182Z,9.2420,29,SYNTH
2026-03-09 13:47:46.649Z,9.2388,38,SYNTH
2026-03-09 13:47:47.206Z,9.2487,29,SYNTH
2026-03-09 13:47:48.424Z,9.2402,18,SYNTH
2026-03-09 13:47:49.235Z,9.2454,22,SYNTH
2026-03-09 13:47:50.111Z,9.2417,22,SYNTH
2026-03-09 13:47:51.562Z,9.2385,18,SYNTH
2026-03-09 13:47:52.868Z,9.2365,33,SYNTH
2026-03-09 13:47:53.746Z,9.2339,22,SYNTH
2026-03-09 13:47:54.366Z,9.2349,19,SYNTH
2026-03-09 13:47:55.361Z,9.2298,36,SYNTH
2026-03-09 13:47:56.073Z,9.2294,33,SYNTH
2026-03-09 13:47:57.393Z,9.2277,34,SYNTH
2026-03-09 13:47:58.327Z,9.2348,22,SYNTH
2026-03-09 13:47:59.344Z,9.2293,17,SYNTH
2026-03-09 13:48:00.442Z,9.2401,7,SYNTH
2026-03-09 13:48:01.837Z,9.2461,15,SYNTH
2026-03-09 13:48:02.469Z,9.2387,13,SYNTH
2026-03-09 13:48:03.352Z,9.2378,12,SYNTH
2026-03-09 13:48:04.516Z,9.2376,13,SYNTH
2026-03-09 13:48:05.005Z,9.2432,8,SYNTH
2026-03-09 13:48:06.146Z,9.2368,7,SYNTH
2026-03-09 13:48:07.552Z,9.2398,10,SYNTH
2026-03-09 13:48:08.198Z,9.2415,13,SYNTH
2026-03-09 13:48:09.326Z,9.2373,6,SYNTH
2026-03-09 13:48:10.739Z,9.2343,11,SYNTH
2026-03-09 13:48:11.142Z,9.2402,19,SYNTH
2026-03-09 13:48:12.818Z,9.2440,28,SYNTH
2026-03-09 13:48:13.703Z,9.2388,23,SYNTH
2026-03-09 13:48:14.748Z,9.2419,5,SYNTH
2026-03-09 13:48:15.481Z,9.2349,10,SYNTH
2026-03-09 13:48:16.707Z,9.2440,12,SYNTH
2026-03-09 13:48:17.531Z,9.2457,12,SYNTH
2026-03-09 13:48:18.661Z,9.2413,16,SYNTH
2026-03-09 13:48:19.497Z,9.2432,13,SYNTH
2026-03-09 13:48:20.212Z,9.2403,9,SYNTH
2026-03-09 13:48:21.351Z,9.2364,6,SYNTH
2026-03-09 13:48:22.871Z,9.2411,11,SYNTH
2026-03-09 13:48:23.572Z,9.2368,6,SYNTH
2026-03-09 13:48:24.028Z,9.2449,6,SYNTH
2026-03-09 13:48:25.708Z,9.2392,5,SYNTH
2026-03-09 13:48:26.691Z,9.2411,9,SYNTH
2026-03-09 13:48:27.519Z,9.2424,8,SYNTH
2026-03-09 13:48:28.635Z,9.2453,9,SYNTH
2026-03-09 13:48:29.699Z,9.2357,10,SYNTH
2026-03-09 13:48:30.640Z,9.2407,5,SYNTH
2026-03-09 13:48:31.128Z,9.2418,9,SYNTH
2026-03-09 13:48:32.073Z,9.2384,10,SYNTH
2026-03-09 13:48:33.124Z,9.2368,6,SYNTH
2026-03-09 13:48:34.117Z,9.2426,6,SYNTH
2026-03-09 13:48:35.607Z,9.2363,5,SYNTH
2026-03-09 13:48:36.096Z,9.2352,6,SYNTH
2026-03-09 13:48:37.707Z,9.2434,15,SYNTH
2026-03-09 13:48:38.531Z,9.2352,19,SYNTH
2026-03-09 13:48:39.804Z,9.2422,20,SYNTH
2026-03-09 13:48:40.670Z,9.2427,15,SYNTH
2026-03-09 13:48:41.330Z,9.2443,6,SYNTH
2026-03-09 13:48:42.532Z,9.2417,8,SYNTH
2026-03-09 13:48:43.745Z,9.2385,9,SYNTH
2026-03-09 13:48:44.536Z,9.2419,10,SYNTH
2026-03-09 13:48:45.300Z,9.2380,14,SYNTH
2026-03-09 13:48:46.064Z,9.2428,13,SYNTH
2026-03-09 13:48:47.830Z,9.2383,13,SYNTH
2026-03-09 13:48:48.898Z,9.2424,11,SYNTH
2026-03-09 13:48:49.503Z,9.2379,10,SYNTH
2026-03-09 13:48:50.695Z,9.2430,8,SYNTH
2026-03-09 13:48:51.785Z,9.2386,6,SYNTH
2026-03-09 13:48:52.044Z,9.2357,12,SYNTH
2026-03-09 13:48:53.789Z,9.2418,7,SYNTH
2026-03-09 13:48:54.544Z,9.2390,7,SYNTH
2026-03-09 13:48:55.525Z,9.2426,12,SYNTH
2026-03-09 13:48:56.124Z,9.2390,14,SYNTH
2026-03-09 13:48:57.818Z,9.2416,11,SYNTH
2026-03-09 13:48:58.558Z,9.2429,10,SYNTH
2026-03-09 13:48:59.828Z,9.2377,13,SYNTH
2026-03-09 13:50:00.258Z,9.2157,3,SYNTH
2026-03-09 13:50:01.728Z,9.2128,5,SYNTH
2026-03-09 13:50:02.359Z,9.2173,3,SYNTH
2026-03-09 13:50:03.417Z,9.2116,4,SYNTH
2026-03-09 13:50:04.855Z,9.2172,3,SYNTH
2026-03-09 13:50:05.187Z,9.2104,5,SYNTH
2026-03-09 13:50:06.238Z,9.2167,5,SYNTH
2026-03-09 13:50:07.101Z,9.2184,4,SYNTH
2026-03-09 13:50:08.040Z,9.2188,3,SYNTH
2026-03-09 13:50:09.147Z,9.2139,2,SYNTH
2026-03-09 13:50:10.127Z,9.2123,4,SYNTH
2026-03-09 13:50:11.730Z,9.2173,10,SYNTH
2026-03-09 13:50:12.502Z,9.2171,10,SYNTH
2026-03-09 13:50:13.520Z,9.2109,7,SYNTH
2026-03-09 13:50:14.248Z,9.2205,3,SYNTH
2026-03-09 13:50:15.690Z,9.2208,5,SYNTH
2026-03-09 13:50:16.757Z,9.2160,4,SYNTH
2026-03-09 13:50:17.607Z,9.2135,5,SYNTH
2026-03-09 13:50:18.039Z,9.2110,4,SYNTH
2026-03-09 13:50:19.466Z,9.2194,7,SYNTH
2026-03-09 13:50:20.410Z,9.2118,3,SYNTH
2026-03-09 13:50:21.059Z,9.2157,5,SYNTH
2026-03-09 13:50:22.198Z,9.2113,5,SYNTH
2026-03-09 13:50:23.417Z,9.2124,3,SYNTH
2026-03-09 13:50:24.326Z,9.2170,2,SYNTH
2026-03-09 13:50:25.207Z,9.2109,3,SYNTH
2026-03-09 13:50:26.693Z,9.2161,3,SYNTH
2026-03-09 13:50:27.492Z,9.2124,3,SYNTH
2026-03-09 13:50:28.157Z,9.2166,3,SYNTH
2026-03-09 13:50:29.825Z,9.2184,2,SYNTH
2026-03-09 13:50:30.620Z,9.2122,4,SYNTH
2026-03-09 13:50:31.593Z,9.2157,4,SYNTH
2026-03-09 13:50:32.765Z,9.2163,3,SYNTH
2026-03-09 13:50:33.540Z,9.2122,3,SYNTH
2026-03-09 13:50:34.439Z,9.2109,2,SYNTH
2026-03-09 13:50:35.442Z,9.2171,4,SYNTH
2026-03-09 13:50:36.053Z,9.2132,3,SYNTH
2026-03-09 13:50:37.631Z,9.2133,7,SYNTH
2026-03-09 13:50:38.850Z,9.2091,5,SYNTH
2026-03-09 13:50:39.781Z,9.2165,9,SYNTH
2026-03-09 13:50:40.578Z,9.2150,9,SYNTH
2026-03-09 13:50:41.802Z,9.2148,2,SYNTH
2026-03-09 13:50:42.540Z,9.2161,2,SYNTH
2026-03-09 13:50:43.443Z,9.2118,2,SYNTH
2026-03-09 13:50:44.885Z,9.2165,4,SYNTH
2026-03-09 13:50:45.111Z,9.2116,3,SYNTH
2026-03-09 13:50:46.763Z,9.2173,5,SYNTH
2026-03-09 13:50:47.343Z,9.2135,8,SYNTH
2026-03-09 13:50:48.731Z,9.2101,5,SYNTH
2026-03-09 13:50:49.651Z,9.2153,5,SYNTH
2026-03-09 13:50:50.883Z,9.2182,6,SYNTH
2026-03-09 13:50:51.668Z,9.2173,5,SYNTH
2026-03-09 13:50:52.483Z,9.2096,4,SYNTH
2026-03-09 13:50:53.516Z,9.2174,3,SYNTH
2026-03-09 13:50:54.474Z,9.2188,4,SYNTH
2026-03-09 13:50:55.255Z,9.2209,3,SYNTH
2026-03-09 13:50:56.149Z,9.2154,5,SYNTH
2026-03-09 13:50:57.001Z,9.2142,5,SYNTH
2026-03-09 13:50:58.301Z,9.2175,4,SYNTH
2026-03-09 13:50:59.569Z,9.2138,6,SYNTH
2026-03-09 13:51:00.342Z,9.1421,56,SYNTH
2026-03-09 13:51:01.854Z,9.1384,60,SYNTH
2026-03-09 13:51:02.397Z,9.1366,85,SYNTH
2026-03-09 13:51:03.583Z,9.1406,56,SYNTH
2026-03-09 13:51:04.632Z,9.1387,36,SYNTH
2026-03-09 13:51:05.576Z,9.1366,75,SYNTH
2026-03-09 13:51:06.555Z,9.1420,60,SYNTH
2026-03-09 13:51:07.687Z,9.1386,66,SYNTH
2026-03-09 13:51:08.660Z,9.1373,71,SYNTH
2026-03-09 13:51:09.863Z,9.1393,58,SYNTH
2026-03-09 13:51:10.483Z,9.1427,63,SYNTH
2026-03-09 13:51:11.099Z,9.1444,132,SYNTH
2026-03-09 13:51:12.880Z,9.1422,115,SYNTH
2026-03-09 13:51:13.142Z,9.1383,145,SYNTH
2026-03-09 13:51:14.690Z,9.1435,48,SYNTH
2026-03-09 13:51:15.324Z,9.1392,56,SYNTH
2026-03-09 13:51:16.484Z,9.1422,83,SYNTH
2026-03-09 13:51:17.341Z,9.1354,72,SYNTH
2026-03-09 13:51:18.728Z,9.1437,92,SYNTH
2026-03-09 13:51:19.748Z,9.1434,46,SYNTH
2026-03-09 13:51:20.825Z,9.1343,28,SYNTH
2026-03-09 13:51:21.749Z,9.1330,42,SYNTH
2026-03-09 13:51:22.723Z,9.1329,31,SYNTH
2026-03-09 13:51:23.815Z,9.1317,55,SYNTH
2026-03-09 13:51:24.612Z,9.1254,48,SYNTH
2026-03-09 13:51:25.383Z,9.1272,46,SYNTH
2026-03-09 13:51:26.570Z,9.1229,41,SYNTH
2026-03-09 13:51:27.181Z,9.1185,24,SYNTH
2026-03-09 13:51:28.388Z,9.1175,29,SYNTH
2026-03-09 13:51:29.692Z,9.1175,33,SYNTH
2026-03-09 13:51:30.085Z,9.1122,27,SYNTH
2026-03-09 13:51:31.803Z,9.1117,52,SYNTH
2026-03-09 13:51:32.030Z,9.1056,55,SYNTH
2026-03-09 13:51:33.718Z,9.1015,50,SYNTH
2026-03-09 13:51:34.066Z,9.1006,39,SYNTH
2026-03-09 13:51:35.440Z,9.0982,52,SYNTH
2026-03-09 13:51:36.231Z,9.1043,35,SYNTH
2026-03-09 13:51:37.549Z,9.0961,69,SYNTH
2026-03-09 13:51:38.614Z,9.1020,60,SYNTH
2026-03-09 13:51:39.862Z,9.1042,124,SYNTH
2026-03-09 13:51:40.015Z,9.0987,91,SYNTH
2026-03-09 13:51:41.797Z,9.1016,42,SYNTH
2026-03-09 13:51:42.137Z,9.1046,33,SYNTH
2026-03-09 13:51:43.370Z,9.0965,34,SYNTH
2026-03-09 13:51:44.479Z,9.1052,52,SYNTH
2026-03-09 13:51:45.050Z,9.1065,60,SYNTH
2026-03-09 13:51:46.731Z,9.0994,99,SYNTH
2026-03-09 13:51:47.390Z,9.1008,57,SYNTH
2026-03-09 13:51:48.664Z,9.1048,45,SYNTH
2026-03-09 13:51:49.318Z,9.1021,34,SYNTH
2026-03-09 13:51:50.447Z,9.1050,45,SYNTH
2026-03-09 13:51:51.573Z,9.1008,51,SYNTH
2026-03-09 13:51:52.616Z,9.0979,71,SYNTH
2026-03-09 13:51:53.687Z,9.1046,42,SYNTH
2026-03-09 13:51:54.257Z,9.1003,68,SYNTH
2026-03-09 13:51:55.650Z,9.0992,73,SYNTH
2026-03-09 13:51:56.774Z,9.1016,45,SYNTH
2026-03-09 13:51:57.657Z,9.0996,37,SYNTH
2026-03-09 13:51:58.881Z,9.0956,73,SYNTH
2026-03-09 13:51:59.359Z,9.1010,56,SYNTH
2026-03-09 13:52:00.557Z,9.1066,11,SYNTH
2026-03-09 13:52:01.206Z,9.1082,12,SYNTH
2026-03-09 13:52:02.439Z,9.1033,7,SYNTH
2026-03-09 13:52:03.541Z,9.1094,13,SYNTH
2026-03-09 13:52:04.864Z,9.1021,15,SYNTH
2026-03-09 13:52:05.003Z,9.1062,7,SYNTH
2026-03-09 13:52:06.858Z,9.1048,13,SYNTH
2026-03-09 13:52:07.573Z,9.1023,12,SYNTH
2026-03-09 13:52:08.300Z,9.1101,13,SYNTH
2026-03-09 13:52:09.818Z,9.1042,12,SYNTH
2026-03-09 13:52:10.390Z,9.1030,9,SYNTH
2026-03-09 13:52:11.755Z,9.1075,21,SYNTH
2026-03-09 13:52:12.847Z,9.1091,26,SYNTH
2026-03-09 13:52:13.553Z,9.1037,30,SYNTH
2026-03-09 13:52:14.811Z,9.1081,11,SYNTH
2026-03-09 13:52:15.631Z,9.1004,7,SYNTH
2026-03-09 13:52:16.205Z,9.1075,14,SYNTH
2026-03-09 13:52:17.115Z,9.1068,21,SYNTH
2026-03-09 13:52:18.503Z,9.1032,13,SYNTH
2026-03-09 13:52:19.311Z,9.1064,17,SYNTH
2026-03-09 13:52:20.842Z,9.1023,7,SYNTH
2026-03-09 13:52:21.257Z,9.1028,7,SYNTH
2026-03-09 13:52:22.832Z,9.1045,6,SYNTH
2026-03-09 13:52:23.681Z,9.1013,5,SYNTH
2026-03-09 13:52:24.277Z,9.1081,6,SYNTH
2026-03-09 13:52:25.876Z,9.0994,7,SYNTH
2026-03-09 13:52:26.355Z,9.1050,8,SYNTH
2026-03-09 13:52:27.321Z,9.1083,6,SYNTH
2026-03-09 13:52:28.334Z,9.1008,8,SYNTH
2026-03-09 13:52:29.787Z,9.1030,7,SYNTH
2026-03-09 13:52:30.879Z,9.1091,7,SYNTH
2026-03-09 13:52:31.787Z,9.1028,6,SYNTH
2026-03-09 13:52:32.235Z,9.1085,6,SYNTH
2026-03-09 13:52:33.024Z,9.1025,7,SYNTH
2026-03-09 13:52:34.643Z,9.1049,5,SYNTH
2026-03-09 13:52:35.600Z,9.1086,6,SYNTH
2026-03-09 13:52:36.160Z,9.1025,10,SYNTH
2026-03-09 13:52:37.284Z,9.1007,26,SYNTH
2026-03-09 13:52:38.157Z,9.1035,16,SYNTH
2026-03-09 13:52:39.588Z,9.1056,20,SYNTH
2026-03-09 13:52:40.061Z,9.1069,15,SYNTH
2026-03-09 13:52:41.490Z,9.1073,10,SYNTH
2026-03-09 13:52:42.551Z,9.1040,11,SYNTH
2026-03-09 13:52:43.231Z,9.1006,10,SYNTH
2026-03-09 13:52:44.823Z,9.1084,10,SYNTH
2026-03-09 13:52:45.844Z,9.1012,13,SYNTH
2026-03-09 13:52:46.299Z,9.1068,13,SYNTH
2026-03-09 13:52:47.891Z,9.1089,16,SYNTH
2026-03-09 13:52:48.374Z,9.1048,11,SYNTH
2026-03-09 13:52:49.292Z,9.1030,7,SYNTH
2026-03-09 13:52:50.095Z,9.1078,9,SYNTH
2026-03-09 13:52:51.114Z,9.1003,9,SYNTH
2026-03-09 13:52:52.612Z,9.1093,14,SYNTH
2026-03-09 13:52:53.157Z,9.1034,6,SYNTH
2026-03-09 13:52:54.398Z,9.1041,7,SYNTH
2026-03-09 13:52:55.621Z,9.1078,6,SYNTH
2026-03-09 13:52:56.632Z,9.1022,9,SYNTH
2026-03-09 13:52:57.662Z,9.1016,15,SYNTH
2026-03-09 13:52:58.628Z,9.1103,11,SYNTH
2026-03-09 13:52:59.307Z,9.1034,12,SYNTH
2026-03-09 13:53:00.800Z,9.1400,85,SYNTH
2026-03-09 13:53:01.661Z,9.1385,85,SYNTH
2026-03-09 13:53:02.771Z,9.1415,43,SYNTH
2026-03-09 13:53:03.028Z,9.1437,91,SYNTH
2026-03-09 13:53:04.773Z,9.1398,66,SYNTH
2026-03-09 13:53:05.790Z,9.1442,44,SYNTH
2026-03-09 13:53:06.497Z,9.1406,83,SYNTH
2026-03-09 13:53:07.157Z,9.1479,39,SYNTH
2026-03-09 13:53:08.672Z,9.1397,55,SYNTH
2026-03-09 13:53:09.554Z,9.1495,57,SYNTH
2026-03-09 13:53:10.200Z,9.1429,56,SYNTH
2026-03-09 13:53:11.344Z,9.1457,129,SYNTH
2026-03-09 13:53:12.556Z,9.1477,173,SYNTH
2026-03-09 13:53:13.545Z,9.1433,105,SYNTH
2026-03-09 13:53:14.386Z,9.1430,35,SYNTH
2026-03-09 13:53:15.586Z,9.1394,66,SYNTH
2026-03-09 13:53:16.295Z,9.1418,77,SYNTH
2026-03-09 13:53:17.258Z,9.1402,65,SYNTH
2026-03-09 13:53:18.565Z,9.1463,92,SYNTH
2026-03-09 13:53:19.514Z,9.1418,78,SYNTH
2026-03-09 13:53:20.038Z,9.1370,72,SYNTH
2026-03-09 13:53:21.713Z,9.1326,63,SYNTH
2026-03-09 13:53:22.334Z,9.1344,35,SYNTH
2026-03-09 13:53:23.430Z,9.1244,46,SYNTH
2026-03-09 13:53:24.263Z,9.1232,65,SYNTH
2026-03-09 13:53:25.400Z,9.1158,65,SYNTH
2026-03-09 13:53:26.779Z,9.1059,36,SYNTH
2026-03-09 13:53:27.760Z,9.0999,36,SYNTH
2026-03-09 13:53:28.458Z,9.0940,58,SYNTH
2026-03-09 13:53:29.840Z,9.0893,43,SYNTH
2026-03-09 13:53:30.597Z,9.0808,38,SYNTH
2026-03-09 13:53:31.476Z,9.0735,56,SYNTH
2026-03-09 13:53:32.329Z,9.0673,64,SYNTH
2026-03-09 13:53:33.747Z,9.0616,67,SYNTH
2026-03-09 13:53:34.658Z,9.0575,71,SYNTH
2026-03-09 13:53:35.222Z,9.0567,31,SYNTH
2026-03-09 13:53:36.474Z,9.0526,66,SYNTH
2026-03-09 13:53:37.571Z,9.0506,105,SYNTH
2026-03-09 13:53:38.351Z,9.0486,107,SYNTH
2026-03-09 13:53:39.662Z,9.0522,172,SYNTH
2026-03-09 13:53:40.314Z,9.0527,160,SYNTH
2026-03-09 13:53:41.334Z,9.0543,73,SYNTH
2026-03-09 13:53:42.597Z,9.0489,38,SYNTH
2026-03-09 13:53:43.857Z,9.0595,74,SYNTH
2026-03-09 13:53:44.603Z,9.0628,67,SYNTH
2026-03-09 13:53:45.353Z,9.0588,65,SYNTH
2026-03-09 13:53:46.159Z,9.0633,50,SYNTH
2026-03-09 13:53:47.600Z,9.0566,103,SYNTH
2026-03-09 13:53:48.141Z,9.0583,43,SYNTH
2026-03-09 13:53:49.883Z,9.0572,36,SYNTH
2026-03-09 13:53:50.378Z,9.0627,66,SYNTH
2026-03-09 13:53:51.250Z,9.0637,57,SYNTH
2026-03-09 13:53:52.702Z,9.0647,69,SYNTH
2026-03-09 13:53:53.313Z,9.0561,72,SYNTH
2026-03-09 13:53:54.635Z,9.0624,71,SYNTH
2026-03-09 13:53:55.852Z,9.0641,91,SYNTH
2026-03-09 13:53:56.637Z,9.0577,73,SYNTH
2026-03-09 13:53:57.618Z,9.0629,81,SYNTH
2026-03-09 13:53:58.096Z,9.0596,105,SYNTH
2026-03-09 13:53:59.233Z,9.0584,83,SYNTH
2026-03-09 13:54:00.676Z,9.0989,8,SYNTH
2026-03-09 13:54:01.175Z,9.0981,12,SYNTH
2026-03-09 13:54:02.234Z,9.0926,8,SYNTH
2026-03-09 13:54:03.784Z,9.0908,12,SYNTH
2026-03-09 13:54:04.539Z,9.0940,9,SYNTH
2026-03-09 13:54:05.418Z,9.0998,13,SYNTH
2026-03-09 13:54:06.864Z,9.0964,6,SYNTH
2026-03-09 13:54:07.163Z,9.0949,11,SYNTH
2026-03-09 13:54:08.780Z,9.0948,10,SYNTH
2026-03-09 13:54:09.031Z,9.0922,9,SYNTH
2026-03-09 13:54:10.318Z,9.0957,9,SYNTH
2026-03-09 13:54:11.130Z,9.0910,15,SYNTH
2026-03-09 13:54:12.612Z,9.0956,21,SYNTH
2026-03-09 13:54:13.025Z,9.0988,25,SYNTH
2026-03-09 13:54:14.341Z,9.0926,4,SYNTH
2026-03-09 13:54:15.599Z,9.0974,9,SYNTH
2026-03-09 13:54:16.858Z,9.0927,8,SYNTH
2026-03-09 13:54:17.391Z,9.0926,10,SYNTH
2026-03-09 13:54:18.852Z,9.0931,15,SYNTH
2026-03-09 13:54:19.204Z,9.0959,16,SYNTH
2026-03-09 13:54:20.630Z,9.0977,7,SYNTH
2026-03-09 13:54:21.206Z,9.0923,9,SYNTH
2026-03-09 13:54:22.269Z,9.0925,5,SYNTH
2026-03-09 13:54:23.104Z,9.0954,9,SYNTH
2026-03-09 13:54:24.895Z,9.0919,4,SYNTH
2026-03-09 13:54:25.302Z,9.0980,8,SYNTH
2026-03-09 13:54:26.378Z,9.0935,5,SYNTH
2026-03-09 13:54:27.850Z,9.0897,5,SYNTH
2026-03-09 13:54:28.438Z,9.0970,7,SYNTH
2026-03-09 13:54:29.330Z,9.0922,7,SYNTH
2026-03-09 13:54:30.419Z,9.0980,7,SYNTH
2026-03-09 13:54:31.150Z,9.0963,6,SYNTH
2026-03-09 13:54:32.875Z,9.1005,6,SYNTH
2026-03-09 13:54:33.047Z,9.0927,5,SYNTH
2026-03-09 13:54:34.362Z,9.0919,4,SYNTH
2026-03-09 13:54:35.603Z,9.0980,6,SYNTH
2026-03-09 13:54:36.613Z,9.0931,7,SYNTH
2026-03-09 13:54:37.114Z,9.0955,19,SYNTH
2026-03-09 13:54:38.343Z,9.0957,19,SYNTH
2026-03-09 13:54:39.253Z,9.0918,20,SYNTH
2026-03-09 13:54:40.094Z,9.0912,11,SYNTH
2026-03-09 13:54:41.802Z,9.1004,8,SYNTH
2026-03-09 13:54:42.642Z,9.0924,10,SYNTH
2026-03-09 13:54:43.670Z,9.0923,6,SYNTH
2026-03-09 13:54:44.521Z,9.0967,9,SYNTH
2026-03-09 13:54:45.214Z,9.0914,13,SYNTH
2026-03-09 13:54:46.471Z,9.0954,9,SYNTH
2026-03-09 13:54:47.872Z,9.0998,13,SYNTH
2026-03-09 13:54:48.473Z,9.0989,9,SYNTH
2026-03-09 13:54:49.490Z,9.0926,11,SYNTH
2026-03-09 13:54:50.496Z,9.1004,8,SYNTH
2026-03-09 13:54:51.040Z,9.0931,5,SYNTH
2026-03-09 13:54:52.447Z,9.0925,12,SYNTH
2026-03-09 13:54:53.826Z,9.0976,6,SYNTH
2026-03-09 13:54:54.130Z,9.0971,11,SYNTH
2026-03-09 13:54:55.144Z,9.0937,8,SYNTH
2026-03-09 13:54:56.735Z,9.0938,9,SYNTH
2026-03-09 13:54:57.775Z,9.0967,8,SYNTH
2026-03-09 13:54:58.329Z,9.0906,11,SYNTH
2026-03-09 13:54:59.444Z,9.0975,11,SYNTH
2026-03-09 13:56:00.427Z,9.1836,3,SYNTH
2026-03-09 13:56:01.498Z,9.1774,6,SYNTH
2026-03-09 13:56:02.727Z,9.1824,4,SYNTH
2026-03-09 13:56:03.404Z,9.1828,4,SYNTH
2026-03-09 13:56:04.064Z,9.1777,4,SYNTH
2026-03-09 13:56:05.659Z,9.1774,5,SYNTH
2026-03-09 13:56:06.600Z,9.1847,4,SYNTH
2026-03-09 13:56:07.705Z,9.1808,4,SYNTH
2026-03-09 13:56:08.383Z,9.1830,4,SYNTH
2026-03-09 13:56:09.676Z,9.1772,3,SYNTH
2026-03-09 13:56:10.508Z,9.1853,3,SYNTH
2026-03-09 13:56:11.509Z,9.1777,10,SYNTH
2026-03-09 13:56:12.146Z,9.1797,5,SYNTH
2026-03-09 13:56:13.446Z,9.1850,10,SYNTH
2026-03-09 13:56:14.324Z,9.1787,4,SYNTH
2026-03-09 13:56:15.206Z,9.1819,2,SYNTH
2026-03-09 13:56:16.525Z,9.1774,7,SYNTH
2026-03-09 13:56:17.524Z,9.1816,4,SYNTH
2026-03-09 13:56:18.064Z,9.1779,7,SYNTH
2026-03-09 13:56:19.439Z,9.1858,6,SYNTH
2026-03-09 13:56:20.542Z,9.1821,3,SYNTH
2026-03-09 13:56:21.745Z,9.1776,2,SYNTH
2026-03-09 13:56:22.455Z,9.1767,2,SYNTH
2026-03-09 13:56:23.461Z,9.1758,3,SYNTH
2026-03-09 13:56:24.021Z,9.1842,3,SYNTH
2026-03-09 13:56:25.599Z,9.1769,3,SYNTH
2026-03-09 13:56:26.785Z,9.1833,3,SYNTH
2026-03-09 13:56:27.564Z,9.1855,2,SYNTH
2026-03-09 13:56:28.701Z,9.1780,3,SYNTH
2026-03-09 13:56:29.557Z,9.1805,2,SYNTH
2026-03-09 13:56:30.602Z,9.1847,3,SYNTH
2026-03-09 13:56:31.649Z,9.1836,3,SYNTH
2026-03-09 13:56:32.328Z,9.1770,2,SYNTH
2026-03-09 13:56:33.773Z,9.1852,2,SYNTH
2026-03-09 13:56:34.663Z,9.1845,2,SYNTH
2026-03-09 13:56:35.069Z,9.1787,2,SYNTH
2026-03-09 13:56:36.022Z,9.1859,2,SYNTH
2026-03-09 13:56:37.745Z,9.1766,9,SYNTH
2026-03-09 13:56:38.879Z,9.1825,6,SYNTH
2026-03-09 13:56:39.090Z,9.1791,5,SYNTH
2026-03-09 13:56:40.050Z,9.1769,4,SYNTH
2026-03-09 13:56:41.285Z,9.1845,2,SYNTH
2026-03-09 13:56:42.385Z,9.1769,2,SYNTH
2026-03-09 13:56:43.468Z,9.1859,4,SYNTH
2026-03-09 13:56:44.838Z,9.1786,3,SYNTH
2026-03-09 13:56:45.134Z,9.1833,3,SYNTH
2026-03-09 13:56:46.004Z,9.1783,6,SYNTH
2026-03-09 13:56:47.759Z,9.1841,5,SYNTH
2026-03-09 13:56:48.763Z,9.1794,4,SYNTH
2026-03-09 13:56:49.202Z,9.1816,2,SYNTH
2026-03-09 13:56:50.742Z,9.1858,4,SYNTH
2026-03-09 13:56:51.299Z,9.1836,5,SYNTH
2026-03-09 13:56:52.610Z,9.1790,3,SYNTH
2026-03-09 13:56:53.450Z,9.1828,3,SYNTH
2026-03-09 13:56:54.566Z,9.1787,4,SYNTH
2026-03-09 13:56:55.843Z,9.1842,5,SYNTH
2026-03-09 13:56:56.667Z,9.1771,4,SYNTH
2026-03-09 13:56:57.275Z,9.1827,6,SYNTH
2026-03-09 13:56:58.224Z,9.1782,6,SYNTH
2026-03-09 13:56:59.845Z,9.1820,5,SYNTH
2026-03-09 13:57:00.361Z,9.1942,13,SYNTH
2026-03-09 13:57:01.838Z,9.1892,7,SYNTH
2026-03-09 13:57:02.259Z,9.1929,8,SYNTH
2026-03-09 13:57:03.053Z,9.1852,13,SYNTH
2026-03-09 13:57:04.626Z,9.1926,9,SYNTH
2026-03-09 13:57:05.524Z,9.1928,11,SYNTH
2026-03-09 13:57:06.291Z,9.1851,8,SYNTH
2026-03-09 13:57:07.258Z,9.1934,7,SYNTH
2026-03-09 13:57:08.878Z,9.1929,11,SYNTH
2026-03-09 13:57:09.729Z,9.1880,10,SYNTH
2026-03-09 13:57:10.152Z,9.1850,9,SYNTH
2026-03-09 13:57:11.350Z,9.1916,27,SYNTH
2026-03-09 13:57:12.309Z,9.1926,19,SYNTH
2026-03-09 13:57:13.686Z,9.1871,19,SYNTH
2026-03-09 13:57:14.515Z,9.1919,9,SYNTH
2026-03-09 13:57:15.335Z,9.1897,6,SYNTH
2026-03-09 13:57:16.050Z,9.1897,13,SYNTH
2026-03-09 13:57:17.729Z,9.1885,9,SYNTH
2026-03-09 13:57:18.740Z,9.1939,18,SYNTH
2026-03-09 13:57:19.406Z,9.1919,11,SYNTH
2026-03-09 13:57:20.846Z,9.1867,5,SYNTH
2026-03-09 13:57:21.800Z,9.1872,8,SYNTH
2026-03-09 13:57:22.465Z,9.1825,8,SYNTH
2026-03-09 13:57:23.430Z,9.1833,8,SYNTH
2026-03-09 13:57:24.110Z,9.1814,5,SYNTH
2026-03-09 13:57:25.466Z,9.1807,7,SYNTH
2026-03-09 13:57:26.346Z,9.1777,6,SYNTH
2026-03-09 13:57:27.476Z,9.1798,4,SYNTH
2026-03-09 13:57:28.508Z,9.1728,7,SYNTH
2026-03-09 13:57:29.709Z,9.1689,8,SYNTH
2026-03-09 13:57:30.732Z,9.1730,8,SYNTH
2026-03-09 13:57:31.179Z,9.1660,8,SYNTH
2026-03-09 13:57:32.883Z,9.1628,9,SYNTH
2026-03-09 13:57:33.594Z,9.1634,9,SYNTH
2026-03-09 13:57:34.063Z,9.1599,5,SYNTH
2026-03-09 13:57:35.885Z,9.1676,8,SYNTH
2026-03-09 13:57:36.751Z,9.1587,4,SYNTH
2026-03-09 13:57:37.273Z,9.1596,11,SYNTH
2026-03-09 13:57:38.611Z,9.1620,18,SYNTH
2026-03-09 13:57:39.244Z,9.1562,18,SYNTH
2026-03-09 13:57:40.293Z,9.1638,19,SYNTH
2026-03-09 13:57:41.850Z,9.1572,5,SYNTH
2026-03-09 13:57:42.465Z,9.1667,8,SYNTH
2026-03-09 13:57:43.898Z,9.1567,8,SYNTH
2026-03-09 13:57:44.561Z,9.1624,5,SYNTH
2026-03-09 13:57:45.553Z,9.1689,16,SYNTH
2026-03-09 13:57:46.775Z,9.1605,15,SYNTH
2026-03-09 13:57:47.734Z,9.1636,11,SYNTH
2026-03-09 13:57:48.771Z,9.1592,6,SYNTH
2026-03-09 13:57:49.063Z,9.1646,8,SYNTH
2026-03-09 13:57:50.852Z,9.1639,6,SYNTH
2026-03-09 13:57:51.281Z,9.1599,6,SYNTH
2026-03-09 13:57:52.341Z,9.1648,6,SYNTH
2026-03-09 13:57:53.588Z,9.1674,8,SYNTH
2026-03-09 13:57:54.380Z,9.1595,12,SYNTH
2026-03-09 13:57:55.232Z,9.1574,7,SYNTH
2026-03-09 13:57:56.763Z,9.1590,10,SYNTH
2026-03-09 13:57:57.625Z,9.1553,10,SYNTH
2026-03-09 13:57:58.888Z,9.1638,11,SYNTH
2026-03-09 13:57:59.367Z,9.1582,15,SYNTH
2026-03-09 13:58:00.165Z,9.1520,42,SYNTH
2026-03-09 13:58:01.862Z,9.1549,28,SYNTH
2026-03-09 13:58:02.412Z,9.1470,22,SYNTH
2026-03-09 13:58:03.802Z,9.1496,33,SYNTH
2026-03-09 13:58:04.680Z,9.1558,33,SYNTH
2026-03-09 13:58:05.445Z,9.1465,16,SYNTH
2026-03-09 13:58:06.056Z,9.1483,31,SYNTH
2026-03-09 13:58:07.459Z,9.1513,32,SYNTH
2026-03-09 13:58:08.138Z,9.1543,21,SYNTH
2026-03-09 13:58:09.684Z,9.1540,34,SYNTH
2026-03-09 13:58:10.206Z,9.1439,17,SYNTH
2026-03-09 13:58:11.869Z,9.1437,61,SYNTH
2026-03-09 13:58:12.333Z,9.1549,77,SYNTH
2026-03-09 13:58:13.575Z,9.1485,58,SYNTH
2026-03-09 13:58:14.711Z,9.1483,23,SYNTH
2026-03-09 13:58:15.310Z,9.1511,17,SYNTH
2026-03-09 13:58:16.015Z,9.1480,34,SYNTH
2026-03-09 13:58:17.053Z,9.1539,49,SYNTH
2026-03-09 13:58:18.705Z,9.1483,38,SYNTH
2026-03-09 13:58:19.896Z,9.1509,24,SYNTH
2026-03-09 13:58:20.779Z,9.1461,14,SYNTH
2026-03-09 13:58:21.645Z,9.1500,16,SYNTH
2026-03-09 13:58:22.617Z,9.1456,25,SYNTH
2026-03-09 13:58:23.671Z,9.1389,15,SYNTH
2026-03-09 13:58:24.553Z,9.1373,23,SYNTH
2026-03-09 13:58:25.437Z,9.1311,27,SYNTH
2026-03-09 13:58:26.103Z,9.1259,24,SYNTH
2026-03-09 13:58:27.372Z,9.1234,15,SYNTH
2026-03-09 13:58:28.046Z,9.1162,20,SYNTH
2026-03-09 13:58:29.141Z,9.1138,17,SYNTH
2026-03-09 13:58:30.813Z,9.1078,18,SYNTH
2026-03-09 13:58:31.699Z,9.1024,14,SYNTH
2026-03-09 13:58:32.150Z,9.1007,26,SYNTH
2026-03-09 13:58:33.763Z,9.0964,13,SYNTH
2026-03-09 13:58:34.113Z,9.0941,25,SYNTH
2026-03-09 13:58:35.267Z,9.0920,23,SYNTH
2026-03-09 13:58:36.313Z,9.0913,24,SYNTH
2026-03-09 13:58:37.016Z,9.0891,58,SYNTH
2026-03-09 13:58:38.061Z,9.0916,44,SYNTH
2026-03-09 13:58:39.351Z,9.0925,66,SYNTH
2026-03-09 13:58:40.673Z,9.0889,71,SYNTH
2026-03-09 13:58:41.072Z,9.0908,17,SYNTH
2026-03-09 13:58:42.326Z,9.0972,27,SYNTH
2026-03-09 13:58:43.729Z,9.0956,15,SYNTH
2026-03-09 13:58:44.827Z,9.1005,13,SYNTH
2026-03-09 13:58:45.262Z,9.0996,40,SYNTH
2026-03-09 13:58:46.299Z,9.0956,25,SYNTH
2026-03-09 13:58:47.785Z,9.0997,38,SYNTH
2026-03-09 13:58:48.727Z,9.0925,23,SYNTH
2026-03-09 13:58:49.020Z,9.0927,18,SYNTH
2026-03-09 13:58:50.371Z,9.0925,23,SYNTH
2026-03-09 13:58:51.348Z,9.0920,35,SYNTH
2026-03-09 13:58:52.485Z,9.0924,28,SYNTH
2026-03-09 13:58:53.297Z,9.0878,26,SYNTH
2026-03-09 13:58:54.191Z,9.0954,26,SYNTH
2026-03-09 13:58:55.548Z,9.0952,31,SYNTH
2026-03-09 13:58:56.069Z,9.0921,31,SYNTH
2026-03-09 13:58:57.314Z,9.0871,40,SYNTH
2026-03-09 13:58:58.054Z,9.0919,40,SYNTH
2026-03-09 13:58:59.490Z,9.0894,37,SYNTH
2026-03-09 13:59:00.066Z,9.0839,15,SYNTH
2026-03-09 13:59:01.218Z,9.0838,24,SYNTH
2026-03-09 13:59:02.843Z,9.0740,23,SYNTH
2026-03-09 13:59:03.513Z,9.0748,10,SYNTH
2026-03-09 13:59:04.814Z,9.0833,22,SYNTH
2026-03-09 13:59:05.244Z,9.0827,14,SYNTH
2026-03-09 13:59:06.683Z,9.0749,15,SYNTH
2026-03-09 13:59:07.784Z,9.0833,21,SYNTH
2026-03-09 13:59:08.863Z,9.0790,19,SYNTH
2026-03-09 13:59:09.544Z,9.0835,11,SYNTH
2026-03-09 13:59:10.146Z,9.0765,15,SYNTH
2026-03-09 13:59:11.437Z,9.0771,36,SYNTH
2026-03-09 13:59:12.461Z,9.0828,39,SYNTH
2026-03-09 13:59:13.544Z,9.0825,42,SYNTH
2026-03-09 13:59:14.105Z,9.0762,11,SYNTH
2026-03-09 13:59:15.077Z,9.0805,18,SYNTH
2026-03-09 13:59:16.061Z,9.0774,31,SYNTH
2026-03-09 13:59:17.502Z,9.0825,29,SYNTH
2026-03-09 13:59:18.750Z,9.0757,30,SYNTH
2026-03-09 13:59:19.426Z,9.0747,20,SYNTH
2026-03-09 13:59:20.005Z,9.0831,7,SYNTH
2026-03-09 13:59:21.772Z,9.0793,15,SYNTH
2026-03-09 13:59:22.825Z,9.0762,16,SYNTH
2026-03-09 13:59:23.532Z,9.0803,9,SYNTH
2026-03-09 13:59:24.519Z,9.0761,12,SYNTH
2026-03-09 13:59:25.332Z,9.0827,12,SYNTH
2026-03-09 13:59:26.210Z,9.0745,9,SYNTH
2026-03-09 13:59:27.759Z,9.0761,15,SYNTH
2026-03-09 13:59:28.156Z,9.0826,15,SYNTH
2026-03-09 13:59:29.393Z,9.0769,10,SYNTH
2026-03-09 13:59:30.607Z,9.0827,8,SYNTH
2026-03-09 13:59:31.581Z,9.0794,9,SYNTH
2026-03-09 13:59:32.851Z,9.0754,8,SYNTH
2026-03-09 13:59:33.298Z,9.0774,14,SYNTH
2026-03-09 13:59:34.701Z,9.0761,8,SYNTH
2026-03-09 13:59:35.075Z,9.0795,14,SYNTH
2026-03-09 13:59:36.604Z,9.0802,7,SYNTH
2026-03-09 13:59:37.741Z,9.0774,38,SYNTH
2026-03-09 13:59:38.269Z,9.0820,20,SYNTH
2026-03-09 13:59:39.232Z,9.0751,21,SYNTH
2026-03-09 13:59:40.470Z,9.0823,28,SYNTH
2026-03-09 13:59:41.416Z,9.0732,12,SYNTH
2026-03-09 13:59:42.524Z,9.0808,12,SYNTH
2026-03-09 13:59:43.863Z,9.0736,8,SYNTH
2026-03-09 13:59:44.161Z,9.0802,17,SYNTH
2026-03-09 13:59:45.889Z,9.0830,17,SYNTH
2026-03-09 13:59:46.420Z,9.0752,23,SYNTH
2026-03-09 13:59:47.388Z,9.0760,23,SYNTH
2026-03-09 13:59:48.520Z,9.0767,12,SYNTH
2026-03-09 13:59:49.476Z,9.0807,15,SYNTH
2026-03-09 13:59:50.100Z,9.0806,16,SYNTH
2026-03-09 13:59:51.094Z,9.0764,20,SYNTH
2026-03-09 13:59:52.025Z,9.0819,16,SYNTH
2026-03-09 13:59:53.608Z,9.0820,12,SYNTH
2026-03-09 13:59:54.550Z,9.0773,21,SYNTH
2026-03-09 13:59:55.481Z,9.0823,16,SYNTH
2026-03-09 13:59:56.741Z,9.0820,10,SYNTH
2026-03-09 13:59:57.531Z,9.0750,20,SYNTH
2026-03-09 13:59:58.492Z,9.0811,16,SYNTH
2026-03-09 13:59:59.091Z,9.0749,16,SYNTH
2026-03-09 14:00:00.336Z,9.0629,15,SYNTH
2026-03-09 14:00:01.791Z,9.0567,14,SYNTH
2026-03-09 14:00:02.741Z,9.0581,23,SYNTH
2026-03-09 14:00:03.871Z,9.0622,24,SYNTH
2026-03-09 14:00:04.336Z,9.0563,19,SYNTH
2026-03-09 14:00:05.647Z,9.0628,22,SYNTH
2026-03-09 14:00:06.324Z,9.0586,16,SYNTH
2026-03-09 14:00:07.095Z,9.0624,24,SYNTH
2026-03-09 14:00:08.696Z,9.0565,12,SYNTH
2026-03-09 14:00:09.575Z,9.0622,23,SYNTH
2026-03-09 14:00:10.173Z,9.0559,16,SYNTH
2026-03-09 14:00:11.586Z,9.0597,60,SYNTH
2026-03-09 14:00:12.574Z,9.0656,38,SYNTH
2026-03-09 14:00:13.078Z,9.0592,62,SYNTH
2026-03-09 14:00:14.178Z,9.0634,13,SYNTH
2026-03-09 14:00:15.276Z,9.0587,18,SYNTH
2026-03-09 14:00:16.319Z,9.0573,27,SYNTH
2026-03-09 14:00:17.670Z,9.0586,41,SYNTH
2026-03-09 14:00:18.475Z,9.0650,37,SYNTH
2026-03-09 14:00:19.228Z,9.0559,37,SYNTH
2026-03-09 14:00:20.645Z,9.0637,23,SYNTH
2026-03-09 14:00:21.452Z,9.0561,16,SYNTH
2026-03-09 14:00:22.342Z,9.0574,15,SYNTH
2026-03-09 14:00:23.625Z,9.0551,16,SYNTH
2026-03-09 14:00:24.105Z,9.0628,9,SYNTH
2026-03-09 14:00:25.510Z,9.0575,15,SYNTH
2026-03-09 14:00:26.796Z,9.0637,11,SYNTH
2026-03-09 14:00:27.657Z,9.0594,16,SYNTH
2026-03-09 14:00:28.285Z,9.0562,14,SYNTH
2026-03-09 14:00:29.806Z,9.0611,16,SYNTH
2026-03-09 14:00:30.897Z,9.0629,22,SYNTH
2026-03-09 14:00:31.325Z,9.0566,15,SYNTH
2026-03-09 14:00:32.015Z,9.0557,19,SYNTH
2026-03-09 14:00:33.854Z,9.0626,12,SYNTH
2026-03-09 14:00:34.555Z,9.0629,21,SYNTH
2026-03-09 14:00:35.120Z,9.0563,21,SYNTH
2026-03-09 14:00:36.383Z,9.0602,19,SYNTH
2026-03-09 14:00:37.497Z,9.0626,39,SYNTH
2026-03-09 14:00:38.123Z,9.0567,57,SYNTH
2026-03-09 14:00:39.286Z,9.0642,53,SYNTH
2026-03-09 14:00:40.862Z,9.0599,52,SYNTH
2026-03-09 14:00:41.544Z,9.0552,10,SYNTH
2026-03-09 14:00:42.547Z,9.0566,12,SYNTH
2026-03-09 14:00:43.614Z,9.0620,17,SYNTH
2026-03-09 14:00:44.842Z,9.0626,15,SYNTH
2026-03-09 14:00:45.711Z,9.0560,34,SYNTH
2026-03-09 14:00:46.134Z,9.0629,18,SYNTH
2026-03-09 14:00:47.462Z,9.0569,26,SYNTH
2026-03-09 14:00:48.376Z,9.0616,18,SYNTH
2026-03-09 14:00:49.013Z,9.0645,16,SYNTH
2026-03-09 14:00:50.574Z,9.0629,20,SYNTH
2026-03-09 14:00:51.564Z,9.0584,16,SYNTH
2026-03-09 14:00:52.024Z,9.0593,15,SYNTH
2026-03-09 14:00:53.578Z,9.0612,16,SYNTH
2026-03-09 14:00:54.118Z,9.0627,28,SYNTH
2026-03-09 14:00:55.542Z,9.0646,23,SYNTH
2026-03-09 14:00:56.038Z,9.0582,24,SYNTH
2026-03-09 14:00:57.243Z,9.0655,33,SYNTH
2026-03-09 14:00:58.753Z,9.0559,25,SYNTH
2026-03-09 14:00:59.610Z,9.0603,31,SYNTH
2026-03-09 14:01:00.163Z,9.1024,26,SYNTH
2026-03-09 14:01:01.548Z,9.1039,30,SYNTH
2026-03-09 14:01:02.891Z,9.0999,16,SYNTH
2026-03-09 14:01:03.678Z,9.0966,22,SYNTH
2026-03-09 14:01:04.741Z,9.1013,31,SYNTH
2026-03-09 14:01:05.631Z,9.0964,17,SYNTH
2026-03-09 14:01:06.334Z,9.0992,32,SYNTH
2026-03-09 14:01:07.179Z,9.1032,32,SYNTH
2026-03-09 14:01:08.318Z,9.1007,20,SYNTH
2026-03-09 14:01:09.497Z,9.0974,16,SYNTH
2026-03-09 14:01:10.431Z,9.1021,18,SYNTH
2026-03-09 14:01:11.413Z,9.1042,30,SYNTH
2026-03-09 14:01:12.455Z,9.1009,57,SYNTH
2026-03-09 14:01:13.228Z,9.1022,72,SYNTH
2026-03-09 14:01:14.868Z,9.0970,12,SYNTH
2026-03-09 14:01:15.061Z,9.1007,13,SYNTH
2026-03-09 14:01:16.747Z,9.1021,21,SYNTH
2026-03-09 14:01:17.492Z,9.0993,42,SYNTH
2026-03-09 14:01:18.516Z,9.1045,46,SYNTH
2026-03-09 14:01:19.795Z,9.0978,39,SYNTH
2026-03-09 14:01:20.251Z,9.0957,24,SYNTH
2026-03-09 14:01:21.726Z,9.0937,21,SYNTH
2026-03-09 14:01:22.339Z,9.0898,16,SYNTH
2026-03-09 14:01:23.250Z,9.0890,20,SYNTH
2026-03-09 14:01:24.058Z,9.0895,17,SYNTH
2026-03-09 14:01:25.798Z,9.0854,15,SYNTH
2026-03-09 14:01:26.505Z,9.0821,24,SYNTH
2026-03-09 14:01:27.609Z,9.0767,24,SYNTH
2026-03-09 14:01:28.698Z,9.0736,19,SYNTH
2026-03-09 14:01:29.036Z,9.0685,16,SYNTH
2026-03-09 14:01:30.418Z,9.0666,18,SYNTH
2026-03-09 14:01:31.622Z,9.0623,20,SYNTH
2026-03-09 14:01:32.397Z,9.0621,17,SYNTH
2026-03-09 14:01:33.874Z,9.0568,22,SYNTH
2026-03-09 14:01:34.225Z,9.0536,15,SYNTH
2026-03-09 14:01:35.783Z,9.0516,19,SYNTH
2026-03-09 14:01:36.796Z,9.0503,12,SYNTH
2026-03-09 14:01:37.329Z,9.0526,57,SYNTH
2026-03-09 14:01:38.498Z,9.0479,54,SYNTH
2026-03-09 14:01:39.525Z,9.0525,34,SYNTH
2026-03-09 14:01:40.380Z,9.0469,32,SYNTH
2026-03-09 14:01:41.477Z,9.0538,13,SYNTH
2026-03-09 14:01:42.726Z,9.0556,19,SYNTH
2026-03-09 14:01:43.226Z,9.0577,27,SYNTH
2026-03-09 14:01:44.414Z,9.0592,26,SYNTH
2026-03-09 14:01:45.292Z,9.0520,38,SYNTH
2026-03-09 14:01:46.793Z,9.0571,31,SYNTH
2026-03-09 14:01:47.058Z,9.0611,24,SYNTH
2026-03-09 14:01:48.149Z,9.0547,24,SYNTH
2026-03-09 14:01:49.287Z,9.0612,30,SYNTH
2026-03-09 14:01:50.520Z,9.0662,27,SYNTH
2026-03-09 14:01:51.044Z,9.0614,30,SYNTH
2026-03-09 14:01:52.287Z,9.0679,25,SYNTH
2026-03-09 14:01:53.038Z,9.0714,24,SYNTH
2026-03-09 14:01:54.856Z,9.0651,21,SYNTH
2026-03-09 14:01:55.393Z,9.0747,29,SYNTH
2026-03-09 14:01:56.544Z,9.0757,20,SYNTH
2026-03-09 14:01:57.711Z,9.0752,23,SYNTH
2026-03-09 14:01:58.183Z,9.0699,35,SYNTH
2026-03-09 14:01:59.339Z,9.0762,26,SYNTH
2026-03-09 14:02:00.478Z,9.1002,11,SYNTH
2026-03-09 14:02:01.380Z,9.1023,26,SYNTH
2026-03-09 14:02:02.378Z,9.1005,24,SYNTH
2026-03-09 14:02:03.742Z,9.1028,16,SYNTH
2026-03-09 14:02:04.844Z,9.0988,13,SYNTH
2026-03-09 14:02:05.598Z,9.0985,16,SYNTH
2026-03-09 14:02:06.847Z,9.0965,22,SYNTH
2026-03-09 14:02:07.684Z,9.1000,21,SYNTH
2026-03-09 14:02:08.241Z,9.1023,15,SYNTH
2026-03-09 14:02:09.484Z,9.0991,14,SYNTH
2026-03-09 14:02:10.864Z,9.1046,10,SYNTH
2026-03-09 14:02:11.453Z,9.0981,33,SYNTH
2026-03-09 14:02:12.185Z,9.0955,38,SYNTH
2026-03-09 14:02:13.029Z,9.1019,39,SYNTH
2026-03-09 14:02:14.751Z,9.0947,10,SYNTH
2026-03-09 14:02:15.777Z,9.1005,8,SYNTH
2026-03-09 14:02:16.038Z,9.0987,14,SYNTH
2026-03-09 14:02:17.628Z,9.0947,27,SYNTH
2026-03-09 14:02:18.771Z,9.1011,29,SYNTH
2026-03-09 14:02:19.768Z,9.0954,20,SYNTH
2026-03-09 14:02:20.105Z,9.1020,16,SYNTH
2026-03-09 14:02:21.767Z,9.1001,17,SYNTH
2026-03-09 14:02:22.709Z,9.1045,15,SYNTH
2026-03-09 14:02:23.738Z,9.1052,13,SYNTH
2026-03-09 14:02:24.818Z,9.1078,9,SYNTH
2026-03-09 14:02:25.360Z,9.1090,14,SYNTH
2026-03-09 14:02:26.304Z,9.1047,16,SYNTH
2026-03-09 14:02:27.384Z,9.1093,8,SYNTH
2026-03-09 14:02:28.508Z,9.1133,15,SYNTH
2026-03-09 14:02:29.435Z,9.1152,13,SYNTH
2026-03-09 14:02:30.776Z,9.1104,10,SYNTH
2026-03-09 14:02:31.597Z,9.1206,14,SYNTH
2026-03-09 14:02:32.883Z,9.1220,15,SYNTH
2026-03-09 14:02:33.677Z,9.1241,16,SYNTH
2026-03-09 14:02:34.157Z,9.1251,7,SYNTH
2026-03-09 14:02:35.233Z,9.1273,8,SYNTH
2026-03-09 14:02:36.112Z,9.1197,14,SYNTH
2026-03-09 14:02:37.182Z,9.1287,40,SYNTH
2026-03-09 14:02:38.351Z,9.1218,34,SYNTH
2026-03-09 14:02:39.079Z,9.1213,21,SYNTH
2026-03-09 14:02:40.399Z,9.1190,31,SYNTH
2026-03-09 14:02:41.568Z,9.1280,18,SYNTH
2026-03-09 14:02:42.488Z,9.1215,16,SYNTH
2026-03-09 14:02:43.899Z,9.1262,17,SYNTH
2026-03-09 14:02:44.687Z,9.1217,15,SYNTH
2026-03-09 14:02:45.238Z,9.1215,27,SYNTH
2026-03-09 14:02:46.262Z,9.1257,25,SYNTH
2026-03-09 14:02:47.550Z,9.1207,28,SYNTH
2026-03-09 14:02:48.388Z,9.1223,12,SYNTH
2026-03-09 14:02:49.248Z,9.1251,14,SYNTH
2026-03-09 14:02:50.130Z,9.1214,17,SYNTH
2026-03-09 14:02:51.851Z,9.1259,18,SYNTH
2026-03-09 14:02:52.668Z,9.1262,16,SYNTH
2026-03-09 14:02:53.352Z,9.1281,18,SYNTH
2026-03-09 14:02:54.792Z,9.1276,21,SYNTH
2026-03-09 14:02:55.303Z,9.1265,11,SYNTH
2026-03-09 14:02:56.350Z,9.1225,13,SYNTH
2026-03-09 14:02:57.358Z,9.1256,14,SYNTH
2026-03-09 14:02:58.504Z,9.1273,13,SYNTH
2026-03-09 14:02:59.663Z,9.1239,20,SYNTH
2026-03-09 14:03:00.616Z,9.1504,66,SYNTH
2026-03-09 14:03:01.348Z,9.1546,38,SYNTH
2026-03-09 14:03:02.870Z,9.1488,44,SYNTH
2026-03-09 14:03:03.520Z,9.1532,53,SYNTH
2026-03-09 14:03:04.603Z,9.1552,71,SYNTH
2026-03-09 14:03:05.152Z,9.1575,59,SYNTH
2026-03-09 14:03:06.737Z,9.1536,31,SYNTH
2026-03-09 14:03:07.238Z,9.1580,65,SYNTH
2026-03-09 14:03:08.346Z,9.1552,53,SYNTH
2026-03-09 14:03:09.807Z,9.1570,48,SYNTH
2026-03-09 14:03:10.211Z,9.1584,34,SYNTH
2026-03-09 14:03:11.104Z,9.1634,107,SYNTH
2026-03-09 14:03:12.602Z,9.1556,75,SYNTH
2026-03-09 14:03:13.514Z,9.1617,146,SYNTH
2026-03-09 14:03:14.075Z,9.1578,31,SYNTH
2026-03-09 14:03:15.032Z,9.1553,43,SYNTH
2026-03-09 14:03:16.259Z,9.1585,79,SYNTH
2026-03-09 14:03:17.050Z,9.1541,95,SYNTH
2026-03-09 14:03:18.718Z,9.1584,92,SYNTH
2026-03-09 14:03:19.293Z,9.1585,87,SYNTH
2026-03-09 14:03:20.885Z,9.1519,25,SYNTH
2026-03-09 14:03:21.893Z,9.1613,41,SYNTH
2026-03-09 14:03:22.562Z,9.1528,40,SYNTH
2026-03-09 14:03:23.718Z,9.1486,22,SYNTH
2026-03-09 14:03:24.189Z,9.1577,41,SYNTH
2026-03-09 14:03:25.549Z,9.1508,29,SYNTH
2026-03-09 14:03:26.792Z,9.1482,22,SYNTH
2026-03-09 14:03:27.020Z,9.1444,27,SYNTH
2026-03-09 14:03:28.271Z,9.1434,47,SYNTH
2026-03-09 14:03:29.618Z,9.1470,34,SYNTH
2026-03-09 14:03:30.181Z,9.1405,34,SYNTH
2026-03-09 14:03:31.466Z,9.1464,45,SYNTH
2026-03-09 14:03:32.767Z,9.1396,37,SYNTH
2026-03-09 14:03:33.271Z,9.1407,25,SYNTH
2026-03-09 14:03:34.392Z,9.1464,37,SYNTH
2026-03-09 14:03:35.145Z,9.1421,31,SYNTH
2026-03-09 14:03:36.047Z,9.1441,40,SYNTH
2026-03-09 14:03:37.720Z,9.1356,113,SYNTH
2026-03-09 14:03:38.535Z,9.1439,92,SYNTH
2026-03-09 14:03:39.664Z,9.1386,102,SYNTH
2026-03-09 14:03:40.000Z,9.1424,61,SYNTH
2026-03-09 14:03:41.496Z,9.1462,39,SYNTH
2026-03-09 14:03:42.896Z,9.1373,49,SYNTH
2026-03-09 14:03:43.141Z,9.1423,51,SYNTH
2026-03-09 14:03:44.454Z,9.1367,52,SYNTH
2026-03-09 14:03:45.061Z,9.1398,51,SYNTH
2026-03-09 14:03:46.463Z,9.1455,68,SYNTH
2026-03-09 14:03:47.589Z,9.1410,62,SYNTH
2026-03-09 14:03:48.367Z,9.1384,57,SYNTH
2026-03-09 14:03:49.202Z,9.1365,58,SYNTH
2026-03-09 14:03:50.176Z,9.1442,54,SYNTH
2026-03-09 14:03:51.743Z,9.1403,38,SYNTH
2026-03-09 14:03:52.540Z,9.1386,32,SYNTH
2026-03-09 14:03:53.511Z,9.1378,56,SYNTH
2026-03-09 14:03:54.082Z,9.1440,57,SYNTH
2026-03-09 14:03:55.778Z,9.1390,32,SYNTH
2026-03-09 14:03:56.340Z,9.1381,53,SYNTH
2026-03-09 14:03:57.329Z,9.1346,41,SYNTH
2026-03-09 14:03:58.720Z,9.1413,71,SYNTH
2026-03-09 14:03:59.649Z,9.1391,65,SYNTH
2026-03-09 14:05:00.110Z,9.0815,5,SYNTH
2026-03-09 14:05:01.449Z,9.0821,6,SYNTH
2026-03-09 14:05:02.282Z,9.0777,5,SYNTH
2026-03-09 14:05:03.122Z,9.0755,5,SYNTH
2026-03-09 14:05:04.246Z,9.0834,6,SYNTH
2026-03-09 14:05:05.109Z,9.0784,8,SYNTH
2026-03-09 14:05:06.131Z,9.0808,5,SYNTH
2026-03-09 14:05:07.166Z,9.0818,5,SYNTH
2026-03-09 14:05:08.626Z,9.0829,8,SYNTH
2026-03-09 14:05:09.651Z,9.0815,6,SYNTH
2026-03-09 14:05:10.168Z,9.0835,4,SYNTH
2026-03-09 14:05:11.219Z,9.0781,19,SYNTH
2026-03-09 14:05:12.679Z,9.0779,18,SYNTH
2026-03-09 14:05:13.420Z,9.0827,13,SYNTH
2026-03-09 14:05:14.056Z,9.0829,5,SYNTH
2026-03-09 14:05:15.764Z,9.0784,7,SYNTH
2026-03-09 14:05:16.501Z,9.0787,9,SYNTH
2026-03-09 14:05:17.356Z,9.0782,6,SYNTH
2026-03-09 14:05:18.501Z,9.0843,8,SYNTH
2026-03-09 14:05:19.005Z,9.0855,13,SYNTH
2026-03-09 14:05:20.256Z,9.0797,6,SYNTH
2026-03-09 14:05:21.515Z,9.0858,5,SYNTH
2026-03-09 14:05:22.105Z,9.0902,3,SYNTH
2026-03-09 14:05:23.792Z,9.0847,5,SYNTH
2026-03-09 14:05:24.498Z,9.0895,3,SYNTH
2026-03-09 14:05:25.153Z,9.0960,6,SYNTH
2026-03-09 14:05:26.531Z,9.0974,5,SYNTH
2026-03-09 14:05:27.325Z,9.1005,4,SYNTH
2026-03-09 14:05:28.722Z,9.1081,6,SYNTH
2026-03-09 14:05:29.228Z,9.1128,4,SYNTH
2026-03-09 14:05:30.355Z,9.1138,3,SYNTH
2026-03-09 14:05:31.001Z,9.1174,5,SYNTH
2026-03-09 14:05:32.628Z,9.1224,6,SYNTH
2026-03-09 14:05:33.729Z,9.1250,6,SYNTH
2026-03-09 14:05:34.176Z,9.1288,5,SYNTH
2026-03-09 14:05:35.303Z,9.1240,4,SYNTH
2026-03-09 14:05:36.327Z,9.1290,5,SYNTH
2026-03-09 14:05:37.504Z,9.1311,8,SYNTH
2026-03-09 14:05:38.706Z,9.1273,15,SYNTH
2026-03-09 14:05:39.294Z,9.1302,11,SYNTH
2026-03-09 14:05:40.163Z,9.1281,9,SYNTH
2026-03-09 14:05:41.048Z,9.1277,6,SYNTH
2026-03-09 14:05:42.584Z,9.1232,3,SYNTH
2026-03-09 14:05:43.069Z,9.1293,6,SYNTH
2026-03-09 14:05:44.110Z,9.1256,8,SYNTH
2026-03-09 14:05:45.891Z,9.1211,11,SYNTH
2026-03-09 14:05:46.203Z,9.1279,8,SYNTH
2026-03-09 14:05:47.222Z,9.1263,10,SYNTH
2026-03-09 14:05:48.538Z,9.1216,9,SYNTH
2026-03-09 14:05:49.476Z,9.1287,6,SYNTH
2026-03-09 14:05:50.552Z,9.1262,4,SYNTH
2026-03-09 14:05:51.644Z,9.1228,9,SYNTH
2026-03-09 14:05:52.179Z,9.1312,8,SYNTH
2026-03-09 14:05:53.516Z,9.1268,5,SYNTH
2026-03-09 14:05:54.426Z,9.1297,10,SYNTH
2026-03-09 14:05:55.899Z,9.1289,8,SYNTH
2026-03-09 14:05:56.370Z,9.1260,5,SYNTH
2026-03-09 14:05:57.345Z,9.1309,8,SYNTH
2026-03-09 14:05:58.512Z,9.1314,5,SYNTH
2026-03-09 14:05:59.138Z,9.1301,9,SYNTH
2026-03-09 14:06:00.631Z,9.0913,334,SYNTH
2026-03-09 14:06:01.090Z,9.0886,307,SYNTH
2026-03-09 14:06:02.066Z,9.0956,144,SYNTH
2026-03-09 14:06:03.666Z,9.0879,147,SYNTH
2026-03-09 14:06:04.413Z,9.0951,224,SYNTH
2026-03-09 14:06:05.608Z,9.0867,175,SYNTH
2026-03-09 14:06:06.156Z,9.0933,230,SYNTH
2026-03-09 14:06:07.669Z,9.0955,202,SYNTH
2026-03-09 14:06:08.703Z,9.0910,195,SYNTH
2026-03-09 14:06:09.198Z,9.0869,164,SYNTH
2026-03-09 14:06:10.791Z,9.0892,174,SYNTH
2026-03-09 14:06:11.365Z,9.0886,573,SYNTH
2026-03-09 14:06:12.705Z,9.0873,508,SYNTH
2026-03-09 14:06:13.758Z,9.0924,413,SYNTH
2026-03-09 14:06:14.373Z,9.0869,144,SYNTH
2026-03-09 14:06:15.093Z,9.0938,236,SYNTH
2026-03-09 14:06:16.485Z,9.0933,319,SYNTH
2026-03-09 14:06:17.869Z,9.0866,305,SYNTH
2026-03-09 14:06:18.449Z,9.0894,413,SYNTH
2026-03-09 14:06:19.577Z,9.0939,173,SYNTH
2026-03-09 14:06:20.821Z,9.0931,193,SYNTH
2026-03-09 14:06:21.044Z,9.0856,135,SYNTH
2026-03-09 14:06:22.785Z,9.0816,171,SYNTH
2026-03-09 14:06:23.074Z,9.0883,143,SYNTH
2026-03-09 14:06:24.751Z,9.0812,171,SYNTH
2026-03-09 14:06:25.768Z,9.0772,146,SYNTH
2026-03-09 14:06:26.155Z,9.0746,163,SYNTH
2026-03-09 14:06:27.318Z,9.0705,125,SYNTH
2026-03-09 14:06:28.485Z,9.0701,188,SYNTH
2026-03-09 14:06:29.003Z,9.0646,188,SYNTH
2026-03-09 14:06:30.048Z,9.0592,87,SYNTH
2026-03-09 14:06:31.777Z,9.0600,126,SYNTH
2026-03-09 14:06:32.310Z,9.0580,115,SYNTH
2026-03-09 14:06:33.720Z,9.0563,86,SYNTH
2026-03-09 14:06:34.459Z,9.0506,199,SYNTH
2026-03-09 14:06:35.458Z,9.0574,142,SYNTH
2026-03-09 14:06:36.832Z,9.0499,203,SYNTH
2026-03-09 14:06:37.424Z,9.0483,503,SYNTH
2026-03-09 14:06:38.443Z,9.0541,334,SYNTH
2026-03-09 14:06:39.242Z,9.0550,428,SYNTH
2026-03-09 14:06:40.562Z,9.0479,254,SYNTH
2026-03-09 14:06:41.330Z,9.0561,96,SYNTH
2026-03-09 14:06:42.416Z,9.0579,178,SYNTH
2026-03-09 14:06:43.573Z,9.0587,178,SYNTH
2026-03-09 14:06:44.232Z,9.0573,241,SYNTH
2026-03-09 14:06:45.064Z,9.0558,223,SYNTH
2026-03-09 14:06:46.392Z,9.0518,153,SYNTH
2026-03-09 14:06:47.412Z,9.0513,225,SYNTH
2026-03-09 14:06:48.378Z,9.0586,139,SYNTH
2026-03-09 14:06:49.760Z,9.0516,247,SYNTH
2026-03-09 14:06:50.570Z,9.0507,262,SYNTH
2026-03-09 14:06:51.428Z,9.0561,169,SYNTH
2026-03-09 14:06:52.581Z,9.0508,115,SYNTH
2026-03-09 14:06:53.890Z,9.0500,261,SYNTH
2026-03-09 14:06:54.492Z,9.0551,258,SYNTH
2026-03-09 14:06:55.573Z,9.0488,238,SYNTH
2026-03-09 14:06:56.356Z,9.0537,173,SYNTH
2026-03-09 14:06:57.189Z,9.0550,255,SYNTH
2026-03-09 14:06:58.364Z,9.0510,223,SYNTH
2026-03-09 14:06:59.182Z,9.0477,152,SYNTH
2026-03-09 14:07:00.618Z,9.0419,44,SYNTH
2026-03-09 14:07:01.156Z,9.0426,51,SYNTH
2026-03-09 14:07:02.656Z,9.0425,76,SYNTH
2026-03-09 14:07:03.767Z,9.0422,41,SYNTH
2026-03-09 14:07:04.164Z,9.0350,56,SYNTH
2026-03-09 14:07:05.581Z,9.0411,60,SYNTH
2026-03-09 14:07:06.169Z,9.0388,54,SYNTH
2026-03-09 14:07:07.261Z,9.0447,41,SYNTH
2026-03-09 14:07:08.293Z,9.0391,48,SYNTH
2026-03-09 14:07:09.161Z,9.0371,38,SYNTH
2026-03-09 14:07:10.055Z,9.0408,56,SYNTH
2026-03-09 14:07:11.035Z,9.0415,81,SYNTH
2026-03-09 14:07:12.342Z,9.0354,80,SYNTH
2026-03-09 14:07:13.875Z,9.0408,164,SYNTH
2026-03-09 14:07:14.000Z,9.0387,52,SYNTH
2026-03-09 14:07:15.664Z,9.0456,37,SYNTH
2026-03-09 14:07:16.268Z,9.0361,113,SYNTH
2026-03-09 14:07:17.086Z,9.0450,100,SYNTH
2026-03-09 14:07:18.821Z,9.0376,103,SYNTH
2026-03-09 14:07:19.091Z,9.0375,64,SYNTH
2026-03-09 14:07:20.168Z,9.0361,32,SYNTH
2026-03-09 14:07:21.365Z,9.0366,44,SYNTH
2026-03-09 14:07:22.428Z,9.0346,43,SYNTH
2026-03-09 14:07:23.775Z,9.0292,64,SYNTH
2026-03-09 14:07:24.735Z,9.0250,45,SYNTH
2026-03-09 14:07:25.853Z,9.0247,43,SYNTH
2026-03-09 14:07:26.474Z,9.0213,55,SYNTH
2026-03-09 14:07:27.433Z,9.0163,54,SYNTH
2026-03-09 14:07:28.372Z,9.0112,52,SYNTH
2026-03-09 14:07:29.698Z,9.0107,38,SYNTH
2026-03-09 14:07:30.652Z,9.0072,50,SYNTH
2026-03-09 14:07:31.787Z,9.0044,37,SYNTH
2026-03-09 14:07:32.633Z,9.0003,26,SYNTH
2026-03-09 14:07:33.097Z,8.9965,34,SYNTH
2026-03-09 14:07:34.132Z,8.9946,55,SYNTH
2026-03-09 14:07:35.801Z,8.9897,64,SYNTH
2026-03-09 14:07:36.378Z,8.9918,44,SYNTH
2026-03-09 14:07:37.657Z,8.9894,135,SYNTH
2026-03-09 14:07:38.715Z,8.9959,168,SYNTH
2026-03-09 14:07:39.635Z,8.9881,114,SYNTH
2026-03-09 14:07:40.227Z,8.9863,161,SYNTH
2026-03-09 14:07:41.253Z,8.9925,39,SYNTH
2026-03-09 14:07:42.572Z,8.9957,66,SYNTH
2026-03-09 14:07:43.768Z,8.9924,61,SYNTH
2026-03-09 14:07:44.107Z,8.9982,68,SYNTH
2026-03-09 14:07:45.447Z,8.9916,67,SYNTH
2026-03-09 14:07:46.120Z,8.9964,64,SYNTH
2026-03-09 14:07:47.457Z,8.9940,54,SYNTH
2026-03-09 14:07:48.264Z,8.9989,56,SYNTH
2026-03-09 14:07:49.727Z,8.9928,36,SYNTH
2026-03-09 14:07:50.056Z,8.9967,47,SYNTH
2026-03-09 14:07:51.872Z,9.0000,84,SYNTH
2026-03-09 14:07:52.861Z,9.0019,61,SYNTH
2026-03-09 14:07:53.528Z,8.9959,48,SYNTH
2026-03-09 14:07:54.373Z,8.9994,70,SYNTH
2026-03-09 14:07:55.321Z,8.9951,71,SYNTH
2026-03-09 14:07:56.377Z,9.0004,82,SYNTH
2026-03-09 14:07:57.854Z,8.9948,79,SYNTH
2026-03-09 14:07:58.772Z,9.0026,75,SYNTH
2026-03-09 14:07:59.877Z,9.0022,96,SYNTH
2026-03-09 14:08:00.078Z,9.0013,42,SYNTH
2026-03-09 14:08:01.111Z,9.0021,32,SYNTH
2026-03-09 14:08:02.575Z,8.9963,20,SYNTH
2026-03-09 14:08:03.413Z,8.9937,23,SYNTH
2026-03-09 14:08:04.708Z,8.9938,36,SYNTH
2026-03-09 14:08:05.643Z,8.9871,26,SYNTH
2026-03-09 14:08:06.211Z,8.9915,24,SYNTH
2026-03-09 14:08:07.133Z,8.9844,38,SYNTH
2026-03-09 14:08:08.856Z,8.9806,36,SYNTH
2026-03-09 14:08:09.192Z,8.9806,34,SYNTH
2026-03-09 14:08:10.539Z,8.9763,29,SYNTH
2026-03-09 14:08:11.334Z,8.9772,89,SYNTH
2026-03-09 14:08:12.303Z,8.9831,69,SYNTH
2026-03-09 14:08:13.187Z,8.9800,49,SYNTH
2026-03-09 14:08:14.352Z,8.9805,21,SYNTH
2026-03-09 14:08:15.293Z,8.9859,20,SYNTH
2026-03-09 14:08:16.143Z,8.9822,49,SYNTH
2026-03-09 14:08:17.555Z,8.9888,34,SYNTH
2026-03-09 14:08:18.851Z,8.9907,36,SYNTH
2026-03-09 14:08:19.075Z,8.9912,40,SYNTH
2026-03-09 14:08:20.727Z,8.9905,28,SYNTH
2026-03-09 14:08:21.872Z,8.9852,31,SYNTH
2026-03-09 14:08:22.774Z,8.9834,23,SYNTH
2026-03-09 14:08:23.011Z,8.9906,30,SYNTH
2026-03-09 14:08:24.290Z,8.9914,18,SYNTH
2026-03-09 14:08:25.520Z,8.9918,29,SYNTH
2026-03-09 14:08:26.790Z,8.9879,17,SYNTH
2026-03-09 14:08:27.391Z,8.9940,17,SYNTH
2026-03-09 14:08:28.362Z,8.9968,24,SYNTH
2026-03-09 14:08:29.264Z,8.9919,24,SYNTH
2026-03-09 14:08:30.379Z,8.9967,20,SYNTH
2026-03-09 14:08:31.238Z,9.0018,21,SYNTH
2026-03-09 14:08:32.048Z,9.0021,25,SYNTH
2026-03-09 14:08:33.334Z,8.9941,31,SYNTH
2026-03-09 14:08:34.894Z,9.0019,30,SYNTH
2026-03-09 14:08:35.393Z,8.9976,16,SYNTH
2026-03-09 14:08:36.113Z,9.0016,25,SYNTH
2026-03-09 14:08:37.712Z,8.9998,60,SYNTH
2026-03-09 14:08:38.260Z,8.9959,39,SYNTH
2026-03-09 14:08:39.281Z,9.0023,39,SYNTH
2026-03-09 14:08:40.732Z,8.9993,43,SYNTH
2026-03-09 14:08:41.855Z,9.0010,19,SYNTH
2026-03-09 14:08:42.852Z,9.0042,29,SYNTH
2026-03-09 14:08:43.111Z,9.0015,19,SYNTH
2026-03-09 14:08:44.222Z,8.9986,19,SYNTH
2026-03-09 14:08:45.709Z,9.0020,27,SYNTH
2026-03-09 14:08:46.686Z,8.9943,24,SYNTH
2026-03-09 14:08:47.886Z,9.0028,40,SYNTH
2026-03-09 14:08:48.844Z,9.0024,25,SYNTH
2026-03-09 14:08:49.170Z,8.9987,32,SYNTH
2026-03-09 14:08:50.464Z,8.9945,23,SYNTH
2026-03-09 14:08:51.363Z,9.0042,34,SYNTH
2026-03-09 14:08:52.726Z,9.0023,34,SYNTH
2026-03-09 14:08:53.262Z,9.0001,27,SYNTH
2026-03-09 14:08:54.677Z,9.0024,28,SYNTH
2026-03-09 14:08:55.344Z,8.9999,40,SYNTH
2026-03-09 14:08:56.630Z,9.0021,44,SYNTH
2026-03-09 14:08:57.226Z,9.0047,24,SYNTH
2026-03-09 14:08:58.558Z,9.0008,46,SYNTH
2026-03-09 14:08:59.124Z,8.9992,45,SYNTH
2026-03-09 14:09:00.277Z,9.0103,29,SYNTH
2026-03-09 14:09:01.252Z,9.0070,40,SYNTH
2026-03-09 14:09:02.730Z,9.0079,40,SYNTH
2026-03-09 14:09:03.158Z,9.0054,35,SYNTH
2026-03-09 14:09:04.454Z,9.0052,45,SYNTH
2026-03-09 14:09:05.172Z,8.9998,30,SYNTH
2026-03-09 14:09:06.849Z,8.9984,32,SYNTH
2026-03-09 14:09:07.578Z,8.9973,40,SYNTH
2026-03-09 14:09:08.565Z,8.9931,32,SYNTH
2026-03-09 14:09:09.255Z,8.9887,42,SYNTH
2026-03-09 14:09:10.731Z,8.9939,38,SYNTH
2026-03-09 14:09:11.575Z,8.9900,91,SYNTH
2026-03-09 14:09:12.519Z,8.9864,70,SYNTH
2026-03-09 14:09:13.340Z,8.9931,41,SYNTH
2026-03-09 14:09:14.632Z,8.9875,38,SYNTH
2026-03-09 14:09:15.766Z,8.9956,27,SYNTH
2026-03-09 14:09:16.387Z,8.9973,50,SYNTH
2026-03-09 14:09:17.132Z,8.9936,53,SYNTH
2026-03-09 14:09:18.136Z,8.9956,36,SYNTH
2026-03-09 14:09:19.780Z,8.9932,30,SYNTH
2026-03-09 14:09:20.664Z,9.0009,24,SYNTH
2026-03-09 14:09:21.166Z,8.9941,23,SYNTH
2026-03-09 14:09:22.474Z,8.9990,34,SYNTH
2026-03-09 14:09:23.374Z,9.0009,22,SYNTH
2026-03-09 14:09:24.674Z,9.0068,31,SYNTH
2026-03-09 14:09:25.033Z,9.0008,16,SYNTH
2026-03-09 14:09:26.288Z,9.0073,15,SYNTH
2026-03-09 14:09:27.532Z,9.0096,29,SYNTH
2026-03-09 14:09:28.146Z,9.0043,34,SYNTH
2026-03-09 14:09:29.678Z,9.0118,23,SYNTH
2026-03-09 14:09:30.075Z,9.0101,31,SYNTH
2026-03-09 14:09:31.159Z,9.0159,25,SYNTH
2026-03-09 14:09:32.760Z,9.0089,26,SYNTH
2026-03-09 14:09:33.423Z,9.0192,24,SYNTH
2026-03-09 14:09:34.119Z,9.0174,17,SYNTH
2026-03-09 14:09:35.161Z,9.0135,26,SYNTH
2026-03-09 14:09:36.327Z,9.0213,28,SYNTH
2026-03-09 14:09:37.496Z,9.0244,53,SYNTH
2026-03-09 14:09:38.826Z,9.0185,75,SYNTH
2026-03-09 14:09:39.758Z,9.0194,87,SYNTH
2026-03-09 14:09:40.609Z,9.0165,58,SYNTH
2026-03-09 14:09:41.824Z,9.0223,21,SYNTH
2026-03-09 14:09:42.258Z,9.0224,25,SYNTH
2026-03-09 14:09:43.357Z,9.0177,18,SYNTH
2026-03-09 14:09:44.456Z,9.0182,38,SYNTH
2026-03-09 14:09:45.046Z,9.0215,53,SYNTH
2026-03-09 14:09:46.028Z,9.0152,47,SYNTH
2026-03-09 14:09:47.604Z,9.0230,40,SYNTH
2026-03-09 14:09:48.871Z,9.0149,29,SYNTH
2026-03-09 14:09:49.031Z,9.0209,43,SYNTH
2026-03-09 14:09:50.439Z,9.0175,31,SYNTH
2026-03-09 14:09:51.346Z,9.0154,36,SYNTH
2026-03-09 14:09:52.837Z,9.0225,42,SYNTH
2026-03-09 14:09:53.229Z,9.0178,24,SYNTH
2026-03-09 14:09:54.351Z,9.0218,38,SYNTH
2026-03-09 14:09:55.024Z,9.0172,44,SYNTH
2026-03-09 14:09:56.864Z,9.0220,40,SYNTH
2026-03-09 14:09:57.319Z,9.0144,28,SYNTH
2026-03-09 14:09:58.003Z,9.0212,43,SYNTH
2026-03-09 14:09:59.658Z,9.0209,46,SYNTH
2026-03-09 14:10:00.116Z,8.9806,55,SYNTH
2026-03-09 14:10:01.383Z,8.9824,69,SYNTH
2026-03-09 14:10:02.010Z,8.9766,71,SYNTH
2026-03-09 14:10:03.372Z,8.9747,69,SYNTH
2026-03-09 14:10:04.840Z,8.9744,39,SYNTH
2026-03-09 14:10:05.402Z,8.9694,68,SYNTH
2026-03-09 14:10:06.811Z,8.9647,75,SYNTH
2026-03-09 14:10:07.176Z,8.9637,83,SYNTH
2026-03-09 14:10:08.699Z,8.9626,84,SYNTH
2026-03-09 14:10:09.704Z,8.9604,45,SYNTH
2026-03-09 14:10:10.602Z,8.9580,39,SYNTH
2026-03-09 14:10:11.520Z,8.9653,83,SYNTH
2026-03-09 14:10:12.792Z,8.9583,165,SYNTH
2026-03-09 14:10:13.512Z,8.9627,154,SYNTH
2026-03-09 14:10:14.470Z,8.9613,46,SYNTH
2026-03-09 14:10:15.257Z,8.9634,64,SYNTH
2026-03-09 14:10:16.879Z,8.9675,128,SYNTH
2026-03-09 14:10:17.126Z,8.9679,85,SYNTH
2026-03-09 14:10:18.687Z,8.9685,85,SYNTH
2026-03-09 14:10:19.666Z,8.9724,110,SYNTH
2026-03-09 14:10:20.873Z,8.9660,63,SYNTH
2026-03-09 14:10:21.834Z,8.9767,54,SYNTH
2026-03-09 14:10:22.059Z,8.9804,44,SYNTH
2026-03-09 14:10:23.160Z,8.9811,36,SYNTH
2026-03-09 14:10:24.725Z,8.9854,39,SYNTH
2026-03-09 14:10:25.307Z,8.9917,64,SYNTH
2026-03-09 14:10:26.187Z,8.9979,44,SYNTH
2026-03-09 14:10:27.422Z,9.0086,42,SYNTH
2026-03-09 14:10:28.573Z,9.0146,40,SYNTH
2026-03-09 14:10:29.098Z,9.0199,41,SYNTH
2026-03-09 14:10:30.230Z,9.0256,29,SYNTH
2026-03-09 14:10:31.580Z,9.0336,53,SYNTH
2026-03-09 14:10:32.552Z,9.0376,35,SYNTH
2026-03-09 14:10:33.879Z,9.0430,40,SYNTH
2026-03-09 14:10:34.022Z,9.0509,58,SYNTH
2026-03-09 14:10:35.229Z,9.0491,64,SYNTH
2026-03-09 14:10:36.495Z,9.0559,57,SYNTH
2026-03-09 14:10:37.028Z,9.0569,86,SYNTH
2026-03-09 14:10:38.770Z,9.0575,95,SYNTH
2026-03-09 14:10:39.065Z,9.0514,83,SYNTH
2026-03-09 14:10:40.579Z,9.0546,124,SYNTH
2026-03-09 14:10:41.178Z,9.0512,47,SYNTH
2026-03-09 14:10:42.265Z,9.0500,61,SYNTH
2026-03-09 14:10:43.042Z,9.0451,36,SYNTH
2026-03-09 14:10:44.233Z,9.0439,56,SYNTH
2026-03-09 14:10:45.492Z,9.0413,84,SYNTH
2026-03-09 14:10:46.666Z,9.0407,48,SYNTH
2026-03-09 14:10:47.693Z,9.0465,110,SYNTH
2026-03-09 14:10:48.633Z,9.0365,57,SYNTH
2026-03-09 14:10:49.823Z,9.0382,59,SYNTH
2026-03-09 14:10:50.760Z,9.0304,62,SYNTH
2026-03-09 14:10:51.141Z,9.0282,67,SYNTH
2026-03-09 14:10:52.678Z,9.0209,43,SYNTH
2026-03-09 14:10:53.567Z,9.0207,62,SYNTH
2026-03-09 14:10:54.567Z,9.0129,67,SYNTH
2026-03-09 14:10:55.448Z,9.0077,70,SYNTH
2026-03-09 14:10:56.214Z,9.0031,41,SYNTH
2026-03-09 14:10:57.169Z,9.0007,58,SYNTH
2026-03-09 14:10:58.682Z,8.9957,54,SYNTH
2026-03-09 14:10:59.397Z,9.0021,46,SYNTH
2026-03-09 14:11:00.134Z,8.9615,12,SYNTH
2026-03-09 14:11:01.131Z,8.9557,16,SYNTH
2026-03-09 14:11:02.549Z,8.9600,12,SYNTH
2026-03-09 14:11:03.476Z,8.9629,19,SYNTH
2026-03-09 14:11:04.895Z,8.9576,13,SYNTH
2026-03-09 14:11:05.100Z,8.9646,13,SYNTH
2026-03-09 14:11:06.026Z,8.9574,8,SYNTH
2026-03-09 14:11:07.502Z,8.9639,11,SYNTH
2026-03-09 14:11:08.006Z,8.9584,16,SYNTH
2026-03-09 14:11:09.683Z,8.9612,11,SYNTH
2026-03-09 14:11:10.426Z,8.9641,8,SYNTH
2026-03-09 14:11:11.162Z,8.9569,36,SYNTH
2026-03-09 14:11:12.545Z,8.9564,25,SYNTH
2026-03-09 14:11:13.563Z,8.9617,36,SYNTH
2026-03-09 14:11:14.253Z,8.9573,13,SYNTH
2026-03-09 14:11:15.773Z,8.9567,12,SYNTH
2026-03-09 14:11:16.491Z,8.9635,18,SYNTH
2026-03-09 14:11:17.100Z,8.9606,11,SYNTH
2026-03-09 14:11:18.190Z,8.9562,22,SYNTH
2026-03-09 14:11:19.143Z,8.9630,21,SYNTH
2026-03-09 14:11:20.566Z,8.9589,9,SYNTH
2026-03-09 14:11:21.696Z,8.9662,13,SYNTH
2026-03-09 14:11:22.855Z,8.9622,8,SYNTH
2026-03-09 14:11:23.622Z,8.9666,8,SYNTH
2026-03-09 14:11:24.385Z,8.9699,10,SYNTH
2026-03-09 14:11:25.396Z,8.9742,13,SYNTH
2026-03-09 14:11:26.589Z,8.9791,8,SYNTH
2026-03-09 14:11:27.044Z,8.9803,6,SYNTH
2026-03-09 14:11:28.153Z,8.9833,11,SYNTH
2026-03-09 14:11:29.242Z,8.9856,7,SYNTH
2026-03-09 14:11:30.772Z,8.9897,13,SYNTH
2026-03-09 14:11:31.667Z,8.9923,13,SYNTH
2026-03-09 14:11:32.025Z,8.9968,12,SYNTH
2026-03-09 14:11:33.581Z,9.0005,10,SYNTH
2026-03-09 14:11:34.426Z,8.9982,7,SYNTH
2026-03-09 14:11:35.503Z,9.0022,9,SYNTH
2026-03-09 14:11:36.704Z,8.9977,6,SYNTH
2026-03-09 14:11:37.621Z,9.0019,21,SYNTH
2026-03-09 14:11:38.802Z,9.0055,30,SYNTH
2026-03-09 14:11:39.899Z,8.9990,35,SYNTH
2026-03-09 14:11:40.796Z,8.9964,25,SYNTH
2026-03-09 14:11:41.153Z,9.0026,13,SYNTH
2026-03-09 14:11:42.866Z,8.9984,14,SYNTH
2026-03-09 14:11:43.453Z,8.9959,14,SYNTH
2026-03-09 14:11:44.696Z,9.0024,15,SYNTH
2026-03-09 14:11:45.610Z,8.9954,23,SYNTH
2026-03-09 14:11:46.704Z,8.9943,23,SYNTH
2026-03-09 14:11:47.372Z,9.0015,15,SYNTH
2026-03-09 14:11:48.140Z,8.9946,12,SYNTH
2026-03-09 14:11:49.882Z,8.9934,12,SYNTH
2026-03-09 14:11:50.093Z,9.0018,16,SYNTH
2026-03-09 14:11:51.394Z,8.9966,16,SYNTH
2026-03-09 14:11:52.513Z,9.0014,11,SYNTH
2026-03-09 14:11:53.536Z,9.0012,15,SYNTH
2026-03-09 14:11:54.361Z,9.0009,15,SYNTH
2026-03-09 14:11:55.348Z,9.0043,13,SYNTH
2026-03-09 14:11:56.660Z,9.0080,12,SYNTH
2026-03-09 14:11:57.350Z,9.0003,9,SYNTH
2026-03-09 14:11:58.304Z,9.0057,13,SYNTH
2026-03-09 14:11:59.620Z,9.0054,15,SYNTH
2026-03-09 14:12:00.062Z,9.0001,72,SYNTH
2026-03-09 14:12:01.488Z,8.9983,44,SYNTH
2026-03-09 14:12:02.265Z,9.0016,73,SYNTH
2026-03-09 14:12:03.613Z,9.0058,38,SYNTH
2026-03-09 14:12:04.107Z,9.0081,72,SYNTH
2026-03-09 14:12:05.729Z,9.0111,62,SYNTH
2026-03-09 14:12:06.100Z,9.0127,60,SYNTH
2026-03-09 14:12:07.460Z,9.0183,50,SYNTH
2026-03-09 14:12:08.418Z,9.0197,42,SYNTH
2026-03-09 14:12:09.730Z,9.0244,35,SYNTH
2026-03-09 14:12:10.196Z,9.0245,61,SYNTH
2026-03-09 14:12:11.415Z,9.0247,92,SYNTH
2026-03-09 14:12:12.409Z,9.0272,107,SYNTH
2026-03-09 14:12:13.236Z,9.0221,70,SYNTH
2026-03-09 14:12:14.375Z,9.0197,53,SYNTH
2026-03-09 14:12:15.514Z,9.0263,53,SYNTH
2026-03-09 14:12:16.249Z,9.0182,99,SYNTH
2026-03-09 14:12:17.224Z,9.0160,43,SYNTH
2026-03-09 14:12:18.339Z,9.0222,59,SYNTH
2026-03-09 14:12:19.007Z,9.0145,100,SYNTH
2026-03-09 14:12:20.332Z,9.0126,50,SYNTH
2026-03-09 14:12:21.878Z,9.0131,45,SYNTH
2026-03-09 14:12:22.466Z,9.0182,51,SYNTH
2026-03-09 14:12:23.396Z,9.0088,34,SYNTH
2026-03-09 14:12:24.130Z,9.0046,52,SYNTH
2026-03-09 14:12:25.066Z,9.0024,41,SYNTH
2026-03-09 14:12:26.782Z,9.0013,42,SYNTH
2026-03-09 14:12:27.042Z,8.9956,47,SYNTH
2026-03-09 14:12:28.304Z,8.9888,42,SYNTH
2026-03-09 14:12:29.255Z,8.9873,24,SYNTH
2026-03-09 14:12:30.522Z,8.9877,32,SYNTH
2026-03-09 14:12:31.684Z,8.9821,31,SYNTH
2026-03-09 14:12:32.746Z,8.9803,44,SYNTH
2026-03-09 14:12:33.470Z,8.9754,37,SYNTH
2026-03-09 14:12:34.378Z,8.9733,44,SYNTH
2026-03-09 14:12:35.619Z,8.9768,36,SYNTH
2026-03-09 14:12:36.100Z,8.9726,38,SYNTH
2026-03-09 14:12:37.581Z,8.9688,81,SYNTH
2026-03-09 14:12:38.529Z,8.9735,139,SYNTH
2026-03-09 14:12:39.793Z,8.9681,67,SYNTH
2026-03-09 14:12:40.621Z,8.9751,92,SYNTH
2026-03-09 14:12:41.135Z,8.9675,27,SYNTH
2026-03-09 14:12:42.142Z,8.9721,53,SYNTH
2026-03-09 14:12:43.170Z,8.9746,37,SYNTH
2026-03-09 14:12:44.171Z,8.9752,54,SYNTH
2026-03-09 14:12:45.825Z,8.9708,38,SYNTH
2026-03-09 14:12:46.429Z,8.9771,65,SYNTH
2026-03-09 14:12:47.118Z,8.9713,40,SYNTH
2026-03-09 14:12:48.762Z,8.9768,27,SYNTH
2026-03-09 14:12:49.874Z,8.9765,55,SYNTH
2026-03-09 14:12:50.131Z,8.9706,42,SYNTH
2026-03-09 14:12:51.892Z,8.9763,51,SYNTH
2026-03-09 14:12:52.313Z,8.9718,38,SYNTH
2026-03-09 14:12:53.162Z,8.9797,56,SYNTH
2026-03-09 14:12:54.012Z,8.9715,48,SYNTH
2026-03-09 14:12:55.616Z,8.9702,34,SYNTH
2026-03-09 14:12:56.484Z,8.9774,48,SYNTH
2026-03-09 14:12:57.440Z,8.9737,54,SYNTH
2026-03-09 14:12:58.661Z,8.9768,43,SYNTH
2026-03-09 14:12:59.586Z,8.9728,49,SYNTH
2026-03-09 14:13:00.320Z,8.9912,32,SYNTH
2026-03-09 14:13:01.459Z,8.9924,19,SYNTH
2026-03-09 14:13:02.152Z,8.9884,30,SYNTH
2026-03-09 14:13:03.289Z,8.9870,31,SYNTH
2026-03-09 14:13:04.045Z,8.9934,25,SYNTH
2026-03-09 14:13:05.677Z,8.9854,19,SYNTH
2026-03-09 14:13:06.293Z,8.9942,22,SYNTH
2026-03-09 14:13:07.429Z,8.9870,13,SYNTH
2026-03-09 14:13:08.857Z,8.9847,17,SYNTH
2026-03-09 14:13:09.055Z,8.9941,12,SYNTH
2026-03-09 14:13:10.186Z,8.9877,19,SYNTH
2026-03-09 14:13:11.630Z,8.9933,37,SYNTH
2026-03-09 14:13:12.225Z,8.9863,52,SYNTH
2026-03-09 14:13:13.370Z,8.9855,54,SYNTH
2026-03-09 14:13:14.710Z,8.9920,22,SYNTH
2026-03-09 14:13:15.348Z,8.9932,11,SYNTH
2026-03-09 14:13:16.021Z,8.9904,20,SYNTH
2026-03-09 14:13:17.175Z,8.9890,28,SYNTH
2026-03-09 14:13:18.250Z,8.9883,33,SYNTH
2026-03-09 14:13:19.149Z,8.9919,21,SYNTH
2026-03-09 14:13:20.352Z,8.9936,19,SYNTH
2026-03-09 14:13:21.352Z,8.9881,12,SYNTH
2026-03-09 14:13:22.334Z,8.9837,12,SYNTH
2026-03-09 14:13:23.039Z,8.9825,19,SYNTH
2026-03-09 14:13:24.523Z,8.9819,13,SYNTH
2026-03-09 14:13:25.112Z,8.9783,13,SYNTH
2026-03-09 14:13:26.131Z,8.9753,9,SYNTH
2026-03-09 14:13:27.718Z,8.9755,16,SYNTH
2026-03-09 14:13:28.010Z,8.9746,11,SYNTH
2026-03-09 14:13:29.417Z,8.9706,10,SYNTH
2026-03-09 14:13:30.234Z,8.9656,18,SYNTH
2026-03-09 14:13:31.596Z,8.9659,21,SYNTH
2026-03-09 14:13:32.391Z,8.9643,16,SYNTH
2026-03-09 14:13:33.333Z,8.9637,10,SYNTH
2026-03-09 14:13:34.772Z,8.9683,18,SYNTH
2026-03-09 14:13:35.468Z,8.9587,14,SYNTH
2026-03-09 14:13:36.316Z,8.9577,21,SYNTH
2026-03-09 14:13:37.655Z,8.9577,40,SYNTH
2026-03-09 14:13:38.554Z,8.9609,28,SYNTH
2026-03-09 14:13:39.318Z,8.9572,57,SYNTH
2026-03-09 14:13:40.611Z,8.9649,40,SYNTH
2026-03-09 14:13:41.413Z,8.9645,15,SYNTH
2026-03-09 14:13:42.609Z,8.9593,21,SYNTH
2026-03-09 14:13:43.023Z,8.9646,14,SYNTH
2026-03-09 14:13:44.500Z,8.9597,18,SYNTH
2026-03-09 14:13:45.534Z,8.9603,29,SYNTH
2026-03-09 14:13:46.773Z,8.9675,21,SYNTH
2026-03-09 14:13:47.098Z,8.9628,25,SYNTH
2026-03-09 14:13:48.281Z,8.9680,23,SYNTH
2026-03-09 14:13:49.852Z,8.9652,14,SYNTH
2026-03-09 14:13:50.297Z,8.9733,21,SYNTH
2026-03-09 14:13:51.389Z,8.9743,12,SYNTH
2026-03-09 14:13:52.833Z,8.9705,24,SYNTH
2026-03-09 14:13:53.735Z,8.9770,24,SYNTH
2026-03-09 14:13:54.805Z,8.9801,28,SYNTH
2026-03-09 14:13:55.226Z,8.9820,24,SYNTH
2026-03-09 14:13:56.642Z,8.9827,14,SYNTH
2026-03-09 14:13:57.882Z,8.9846,16,SYNTH
2026-03-09 14:13:58.062Z,8.9900,26,SYNTH
2026-03-09 14:13:59.662Z,8.9845,21,SYNTH
2026-03-09 14:14:00.587Z,8.9920,45,SYNTH
2026-03-09 14:14:01.107Z,8.9923,45,SYNTH
2026-03-09 14:14:02.226Z,8.9857,34,SYNTH
2026-03-09 14:14:03.563Z,8.9911,31,SYNTH
2026-03-09 14:14:04.682Z,8.9863,28,SYNTH
2026-03-09 14:14:05.850Z,8.9820,39,SYNTH
2026-03-09 14:14:06.123Z,8.9836,35,SYNTH
2026-03-09 14:14:07.896Z,8.9766,33,SYNTH
2026-03-09 14:14:08.246Z,8.9727,17,SYNTH
2026-03-09 14:14:09.159Z,8.9798,22,SYNTH
2026-03-09 14:14:10.673Z,8.9729,31,SYNTH
2026-03-09 14:14:11.331Z,8.9775,70,SYNTH
2026-03-09 14:14:12.836Z,8.9712,64,SYNTH
2026-03-09 14:14:13.436Z,8.9717,44,SYNTH
2026-03-09 14:14:14.747Z,8.9764,28,SYNTH
2026-03-09 14:14:15.327Z,8.9727,14,SYNTH
2026-03-09 14:14:16.758Z,8.9822,57,SYNTH
2026-03-09 14:14:17.074Z,8.9763,49,SYNTH
2026-03-09 14:14:18.436Z,8.9802,44,SYNTH
2026-03-09 14:14:19.788Z,8.9818,41,SYNTH
2026-03-09 14:14:20.175Z,8.9771,27,SYNTH
2026-03-09 14:14:21.064Z,8.9797,29,SYNTH
2026-03-09 14:14:22.535Z,8.9813,29,SYNTH
2026-03-09 14:14:23.200Z,8.9809,23,SYNTH
2026-03-09 14:14:24.583Z,8.9821,27,SYNTH
2026-03-09 14:14:25.470Z,8.9873,25,SYNTH
2026-03-09 14:14:26.038Z,8.9885,16,SYNTH
2026-03-09 14:14:27.170Z,8.9861,28,SYNTH
2026-03-09 14:14:28.618Z,8.9925,18,SYNTH
2026-03-09 14:14:29.208Z,8.9943,13,SYNTH
2026-03-09 14:14:30.430Z,8.9940,26,SYNTH
2026-03-09 14:14:31.266Z,8.9977,22,SYNTH
2026-03-09 14:14:32.747Z,8.9988,24,SYNTH
2026-03-09 14:14:33.539Z,9.0039,29,SYNTH
2026-03-09 14:14:34.124Z,8.9987,25,SYNTH
2026-03-09 14:14:35.094Z,9.0057,16,SYNTH
2026-03-09 14:14:36.089Z,9.0039,26,SYNTH
2026-03-09 14:14:37.101Z,9.0003,68,SYNTH
2026-03-09 14:14:38.583Z,8.9993,77,SYNTH
2026-03-09 14:14:39.144Z,9.0072,64,SYNTH
2026-03-09 14:14:40.442Z,8.9993,73,SYNTH
2026-03-09 14:14:41.223Z,9.0035,16,SYNTH
2026-03-09 14:14:42.723Z,9.0003,25,SYNTH
2026-03-09 14:14:43.425Z,9.0047,31,SYNTH
2026-03-09 14:14:44.535Z,9.0068,25,SYNTH
2026-03-09 14:14:45.434Z,9.0007,27,SYNTH
2026-03-09 14:14:46.629Z,9.0062,52,SYNTH
2026-03-09 14:14:47.653Z,9.0023,52,SYNTH
2026-03-09 14:14:48.785Z,8.9985,27,SYNTH
2026-03-09 14:14:49.419Z,9.0040,26,SYNTH
2026-03-09 14:14:50.387Z,9.0079,22,SYNTH
2026-03-09 14:14:51.698Z,9.0019,35,SYNTH
2026-03-09 14:14:52.481Z,8.9990,25,SYNTH
2026-03-09 14:14:53.471Z,9.0052,21,SYNTH
2026-03-09 14:14:54.784Z,9.0063,28,SYNTH
2026-03-09 14:14:55.603Z,9.0005,18,SYNTH
2026-03-09 14:14:56.122Z,9.0085,19,SYNTH
2026-03-09 14:14:57.486Z,9.0095,45,SYNTH
2026-03-09 14:14:58.622Z,9.0024,37,SYNTH
2026-03-09 14:14:59.080Z,9.0039,39,SYNTH
2026-03-09 14:15:00.787Z,9.0031,30,SYNTH
2026-03-09 14:15:01.341Z,8.9961,39,SYNTH
2026-03-09 14:15:02.004Z,9.0040,24,SYNTH
2026-03-09 14:15:03.154Z,9.0065,21,SYNTH
2026-03-09 14:15:04.868Z,9.0059,20,SYNTH
2026-03-09 14:15:05.383Z,9.0087,22,SYNTH
2026-03-09 14:15:06.111Z,9.0099,22,SYNTH
2026-03-09 14:15:07.070Z,9.0095,17,SYNTH
2026-03-09 14:15:08.878Z,9.0127,24,SYNTH
2026-03-09 14:15:09.377Z,9.0152,34,SYNTH
2026-03-09 14:15:10.316Z,9.0115,21,SYNTH
2026-03-09 14:15:11.389Z,9.0164,64,SYNTH
2026-03-09 14:15:12.756Z,9.0168,83,SYNTH
2026-03-09 14:15:13.702Z,9.0181,67,SYNTH
2026-03-09 14:15:14.013Z,9.0114,25,SYNTH
2026-03-09 14:15:15.581Z,9.0185,20,SYNTH
2026-03-09 14:15:16.248Z,9.0093,24,SYNTH
2026-03-09 14:15:17.406Z,9.0140,46,SYNTH
2026-03-09 14:15:18.172Z,9.0077,32,SYNTH
2026-03-09 14:15:19.798Z,9.0151,41,SYNTH
2026-03-09 14:15:20.031Z,9.0144,26,SYNTH
2026-03-09 14:15:21.006Z,9.0102,24,SYNTH
2026-03-09 14:15:22.464Z,9.0121,22,SYNTH
2026-03-09 14:15:23.861Z,9.0055,15,SYNTH
2026-03-09 14:15:24.884Z,9.0105,29,SYNTH
2026-03-09 14:15:25.085Z,9.0046,23,SYNTH
2026-03-09 14:15:26.672Z,9.0033,18,SYNTH
2026-03-09 14:15:27.839Z,9.0049,16,SYNTH
2026-03-09 14:15:28.054Z,9.0083,23,SYNTH
2026-03-09 14:15:29.477Z,8.9973,16,SYNTH
2026-03-09 14:15:30.210Z,8.9987,13,SYNTH
2026-03-09 14:15:31.178Z,9.0027,28,SYNTH
2026-03-09 14:15:32.704Z,8.9975,29,SYNTH
2026-03-09 14:15:33.201Z,8.9941,21,SYNTH
2026-03-09 14:15:34.589Z,8.9944,16,SYNTH
2026-03-09 14:15:35.049Z,8.9942,18,SYNTH
2026-03-09 14:15:36.642Z,8.9975,18,SYNTH
2026-03-09 14:15:37.653Z,8.9912,48,SYNTH
2026-03-09 14:15:38.204Z,8.9979,38,SYNTH
2026-03-09 14:15:39.050Z,8.9937,56,SYNTH
