TimestampUtc,Bid,Ask,BidSize,AskSize,SpreadBps
2026-04-21 13:30:00.390Z,0.7566,0.7614,459,357,63.2
2026-04-21 13:30:01.638Z,0.7567,0.7611,369,922,58.0
2026-04-21 13:30:02.238Z,0.7570,0.7610,1171,844,52.7
2026-04-21 13:30:03.496Z,0.7567,0.7613,631,319,60.6
2026-04-21 13:30:04.125Z,0.7565,0.7619,589,399,71.1
2026-04-21 13:30:05.143Z,0.7564,0.7618,378,832,71.1
2026-04-21 13:30:06.607Z,0.7565,0.7617,387,262,68.5
2026-04-21 13:30:07.105Z,0.7563,0.7619,305,324,73.8
2026-04-21 13:30:08.887Z,0.7564,0.7612,238,740,63.3
2026-04-21 13:30:09.740Z,0.7564,0.7614,587,221,65.9
2026-04-21 13:30:10.264Z,0.7569,0.7609,418,302,52.7
2026-04-21 13:30:11.179Z,0.7562,0.7614,665,1548,68.5
2026-04-21 13:30:12.435Z,0.7567,0.7611,1158,978,58.0
2026-04-21 13:30:13.848Z,0.7563,0.7617,2382,801,71.1
2026-04-21 13:30:14.165Z,0.7567,0.7609,176,393,55.4
2026-04-21 13:30:15.555Z,0.7567,0.7611,263,281,58.0
2026-04-21 13:30:16.117Z,0.7561,0.7617,1279,1100,73.8
2026-04-21 13:30:17.263Z,0.7567,0.7609,660,959,55.4
2026-04-21 13:30:18.156Z,0.7562,0.7616,370,254,71.2
2026-04-21 13:30:19.164Z,0.7561,0.7617,442,422,73.8
2026-04-21 13:30:20.680Z,0.7568,0.7614,492,337,60.6
2026-04-21 13:30:21.660Z,0.7561,0.7617,188,461,73.8
2026-04-21 13:30:22.372Z,0.7563,0.7619,378,186,73.8
2026-04-21 13:30:23.159Z,0.7564,0.7612,254,524,63.3
2026-04-21 13:30:24.534Z,0.7563,0.7615,506,406,68.5
2026-04-21 13:30:25.684Z,0.7569,0.7611,461,359,55.3
2026-04-21 13:30:26.767Z,0.7559,0.7619,247,355,79.1
2026-04-21 13:30:27.566Z,0.7566,0.7612,605,464,60.6
2026-04-21 13:30:28.670Z,0.7565,0.7613,171,143,63.2
2026-04-21 13:30:29.747Z,0.7564,0.7612,178,355,63.3
2026-04-21 13:30:30.589Z,0.7570,0.7614,777,271,58.0
2026-04-21 13:30:31.034Z,0.7569,0.7611,264,396,55.3
2026-04-21 13:30:32.517Z,0.7568,0.7612,371,314,58.0
2026-04-21 13:30:33.354Z,0.7566,0.7614,381,541,63.2
2026-04-21 13:30:34.662Z,0.7564,0.7616,460,366,68.5
2026-04-21 13:30:35.711Z,0.7564,0.7612,359,424,63.3
2026-04-21 13:30:36.713Z,0.7562,0.7618,420,159,73.8
2026-04-21 13:30:37.422Z,0.7570,0.7610,613,865,52.7
2026-04-21 13:30:38.846Z,0.7562,0.7616,422,691,71.2
2026-04-21 13:30:39.858Z,0.7566,0.7618,603,318,68.5
2026-04-21 13:30:40.567Z,0.7568,0.7612,450,1512,58.0
2026-04-21 13:30:41.604Z,0.7560,0.7618,319,522,76.4
2026-04-21 13:30:42.454Z,0.7568,0.7612,289,302,58.0
2026-04-21 13:30:43.865Z,0.7567,0.7615,763,555,63.2
2026-04-21 13:30:44.480Z,0.7560,0.7620,516,774,79.1
2026-04-21 13:30:45.311Z,0.7570,0.7610,608,878,52.7
2026-04-21 13:30:46.078Z,0.7570,0.7610,709,1004,52.7
2026-04-21 13:30:47.037Z,0.7567,0.7613,882,827,60.6
2026-04-21 13:30:48.096Z,0.7566,0.7610,576,902,58.0
2026-04-21 13:30:49.150Z,0.7565,0.7615,604,442,65.9
2026-04-21 13:30:50.840Z,0.7566,0.7612,324,616,60.6
2026-04-21 13:30:51.875Z,0.7567,0.7617,470,366,65.9
2026-04-21 13:30:52.556Z,0.7561,0.7619,404,953,76.4
2026-04-21 13:30:53.305Z,0.7558,0.7618,413,579,79.1
2026-04-21 13:30:54.403Z,0.7568,0.7610,689,286,55.3
2026-04-21 13:30:55.570Z,0.7567,0.7613,708,463,60.6
2026-04-21 13:30:56.214Z,0.7570,0.7610,516,400,52.7
2026-04-21 13:30:57.011Z,0.7562,0.7618,863,549,73.8
2026-04-21 13:30:58.421Z,0.7565,0.7619,792,741,71.1
2026-04-21 13:30:59.462Z,0.7564,0.7616,622,804,68.5
2026-04-21 13:32:00.048Z,0.7539,0.7593,130,192,71.4
2026-04-21 13:32:01.102Z,0.7538,0.7590,127,291,68.7
2026-04-21 13:32:02.631Z,0.7536,0.7596,283,172,79.3
2026-04-21 13:32:03.883Z,0.7542,0.7588,119,394,60.8
2026-04-21 13:32:04.050Z,0.7544,0.7586,325,223,55.5
2026-04-21 13:32:05.377Z,0.7539,0.7589,100,155,66.1
2026-04-21 13:32:06.465Z,0.7541,0.7593,271,128,68.7
2026-04-21 13:32:07.377Z,0.7538,0.7590,108,278,68.7
2026-04-21 13:32:08.412Z,0.7544,0.7590,285,182,60.8
2026-04-21 13:32:09.573Z,0.7546,0.7588,177,111,55.5
2026-04-21 13:32:10.258Z,0.7539,0.7595,106,184,74.0
2026-04-21 13:32:11.664Z,0.7544,0.7588,291,555,58.2
2026-04-21 13:32:12.846Z,0.7545,0.7587,398,508,55.5
2026-04-21 13:32:13.561Z,0.7545,0.7589,641,357,58.1
2026-04-21 13:32:14.865Z,0.7542,0.7594,129,131,68.7
2026-04-21 13:32:15.567Z,0.7544,0.7586,100,134,55.5
2026-04-21 13:32:16.580Z,0.7546,0.7588,431,279,55.5
2026-04-21 13:32:17.765Z,0.7542,0.7588,252,319,60.8
2026-04-21 13:32:18.569Z,0.7539,0.7597,497,310,76.6
2026-04-21 13:32:19.694Z,0.7547,0.7587,100,298,52.9
2026-04-21 13:32:20.676Z,0.7537,0.7597,140,171,79.3
2026-04-21 13:32:21.516Z,0.7536,0.7596,100,138,79.3
2026-04-21 13:32:22.450Z,0.7536,0.7596,180,171,79.3
2026-04-21 13:32:23.756Z,0.7540,0.7590,100,169,66.1
2026-04-21 13:32:24.079Z,0.7539,0.7593,204,129,71.4
2026-04-21 13:32:25.712Z,0.7541,0.7595,148,100,71.4
2026-04-21 13:32:26.275Z,0.7539,0.7595,141,287,74.0
2026-04-21 13:32:27.750Z,0.7541,0.7591,100,297,66.1
2026-04-21 13:32:28.580Z,0.7539,0.7599,145,111,79.3
2026-04-21 13:32:29.515Z,0.7541,0.7593,139,300,68.7
2026-04-21 13:32:30.663Z,0.7541,0.7593,167,176,68.7
2026-04-21 13:32:31.679Z,0.7546,0.7594,178,167,63.4
2026-04-21 13:32:32.005Z,0.7544,0.7592,100,106,63.4
2026-04-21 13:32:33.717Z,0.7544,0.7598,129,100,71.3
2026-04-21 13:32:34.675Z,0.7547,0.7591,131,225,58.1
2026-04-21 13:32:35.013Z,0.7540,0.7600,185,114,79.3
2026-04-21 13:32:36.563Z,0.7548,0.7594,117,100,60.8
2026-04-21 13:32:37.608Z,0.7542,0.7600,422,261,76.6
2026-04-21 13:32:38.694Z,0.7540,0.7598,188,310,76.6
2026-04-21 13:32:39.458Z,0.7543,0.7595,336,363,68.7
2026-04-21 13:32:40.834Z,0.7548,0.7594,448,192,60.8
2026-04-21 13:32:41.828Z,0.7537,0.7599,100,109,81.9
2026-04-21 13:32:42.179Z,0.7549,0.7593,115,100,58.1
2026-04-21 13:32:43.166Z,0.7550,0.7592,206,244,55.5
2026-04-21 13:32:44.237Z,0.7547,0.7595,224,250,63.4
2026-04-21 13:32:45.056Z,0.7546,0.7592,214,248,60.8
2026-04-21 13:32:46.021Z,0.7547,0.7591,227,206,58.1
2026-04-21 13:32:47.863Z,0.7548,0.7594,236,100,60.8
2026-04-21 13:32:48.049Z,0.7548,0.7594,186,139,60.8
2026-04-21 13:32:49.788Z,0.7548,0.7590,100,203,55.5
2026-04-21 13:32:50.323Z,0.7545,0.7595,169,115,66.1
2026-04-21 13:32:51.406Z,0.7547,0.7589,100,135,55.5
2026-04-21 13:32:52.668Z,0.7545,0.7591,217,242,60.8
2026-04-21 13:32:53.030Z,0.7544,0.7596,222,162,68.7
2026-04-21 13:32:54.340Z,0.7547,0.7593,233,200,60.8
2026-04-21 13:32:55.501Z,0.7542,0.7600,197,117,76.6
2026-04-21 13:32:56.371Z,0.7547,0.7591,205,343,58.1
2026-04-21 13:32:57.550Z,0.7549,0.7591,336,209,55.5
2026-04-21 13:32:58.334Z,0.7539,0.7599,173,292,79.3
2026-04-21 13:32:59.148Z,0.7541,0.7599,140,125,76.6
2026-04-21 13:33:00.095Z,0.7540,0.7598,100,100,76.6
2026-04-21 13:33:01.765Z,0.7540,0.7600,100,100,79.3
2026-04-21 13:33:02.828Z,0.7543,0.7595,100,100,68.7
2026-04-21 13:33:03.252Z,0.7542,0.7594,100,100,68.7
2026-04-21 13:33:04.213Z,0.7541,0.7595,100,100,71.4
2026-04-21 13:33:05.293Z,0.7544,0.7592,100,100,63.4
2026-04-21 13:33:06.241Z,0.7548,0.7592,100,100,58.1
2026-04-21 13:33:07.565Z,0.7546,0.7594,100,100,63.4
2026-04-21 13:33:08.612Z,0.7546,0.7596,100,100,66.0
2026-04-21 13:33:09.362Z,0.7550,0.7590,100,100,52.8
2026-04-21 13:33:10.868Z,0.7543,0.7597,100,100,71.3
2026-04-21 13:33:11.403Z,0.7541,0.7595,100,100,71.4
2026-04-21 13:33:12.683Z,0.7548,0.7590,100,100,55.5
2026-04-21 13:33:13.629Z,0.7543,0.7593,100,100,66.1
2026-04-21 13:33:14.700Z,0.7546,0.7590,100,100,58.1
2026-04-21 13:33:15.377Z,0.7540,0.7598,100,100,76.6
2026-04-21 13:33:16.371Z,0.7548,0.7590,100,100,55.5
2026-04-21 13:33:17.650Z,0.7542,0.7594,100,100,68.7
2026-04-21 13:33:18.575Z,0.7547,0.7593,100,100,60.8
2026-04-21 13:33:19.465Z,0.7544,0.7590,100,100,60.8
2026-04-21 13:33:20.794Z,0.7548,0.7594,100,100,60.8
2026-04-21 13:33:21.799Z,0.7545,0.7595,100,100,66.1
2026-04-21 13:33:22.216Z,0.7544,0.7594,100,100,66.1
2026-04-21 13:33:23.781Z,0.7543,0.7593,100,100,66.1
2026-04-21 13:33:24.269Z,0.7542,0.7592,100,100,66.1
2026-04-21 13:33:25.376Z,0.7541,0.7599,100,100,76.6
2026-04-21 13:33:26.211Z,0.7539,0.7599,100,100,79.3
2026-04-21 13:33:27.319Z,0.7549,0.7591,100,100,55.5
2026-04-21 13:33:28.180Z,0.7541,0.7593,100,100,68.7
2026-04-21 13:33:29.400Z,0.7543,0.7593,100,100,66.1
2026-04-21 13:33:30.121Z,0.7545,0.7593,100,100,63.4
2026-04-21 13:33:31.305Z,0.7545,0.7591,100,100,60.8
2026-04-21 13:33:32.206Z,0.7541,0.7591,100,100,66.1
2026-04-21 13:33:33.277Z,0.7545,0.7589,100,100,58.1
2026-04-21 13:33:34.399Z,0.7538,0.7594,100,100,74.0
2026-04-21 13:33:35.231Z,0.7541,0.7593,100,100,68.7
2026-04-21 13:33:36.469Z,0.7545,0.7589,100,100,58.1
2026-04-21 13:33:37.502Z,0.7539,0.7595,100,100,74.0
2026-04-21 13:33:38.208Z,0.7547,0.7587,100,100,52.9
2026-04-21 13:33:39.673Z,0.7538,0.7594,100,100,74.0
2026-04-21 13:33:40.872Z,0.7538,0.7594,100,100,74.0
2026-04-21 13:33:41.871Z,0.7543,0.7595,100,100,68.7
2026-04-21 13:33:42.647Z,0.7537,0.7595,100,100,76.7
2026-04-21 13:33:43.833Z,0.7539,0.7599,100,100,79.3
2026-04-21 13:33:44.126Z,0.7543,0.7593,100,100,66.1
2026-04-21 13:33:45.138Z,0.7542,0.7590,100,100,63.4
2026-04-21 13:33:46.669Z,0.7543,0.7595,100,100,68.7
2026-04-21 13:33:47.072Z,0.7548,0.7590,100,100,55.5
2026-04-21 13:33:48.896Z,0.7536,0.7596,100,100,79.3
2026-04-21 13:33:49.355Z,0.7540,0.7596,100,100,74.0
2026-04-21 13:33:50.670Z,0.7543,0.7591,100,100,63.4
2026-04-21 13:33:51.667Z,0.7546,0.7590,100,100,58.1
2026-04-21 13:33:52.037Z,0.7540,0.7594,100,100,71.4
2026-04-21 13:33:53.143Z,0.7539,0.7593,100,100,71.4
2026-04-21 13:33:54.220Z,0.7541,0.7595,100,100,71.4
2026-04-21 13:33:55.184Z,0.7545,0.7587,100,100,55.5
2026-04-21 13:33:56.552Z,0.7544,0.7594,100,100,66.1
2026-04-21 13:33:57.216Z,0.7546,0.7588,100,100,55.5
2026-04-21 13:33:58.018Z,0.7539,0.7593,100,100,71.4
2026-04-21 13:33:59.224Z,0.7538,0.7596,100,100,76.6
2026-04-21 13:34:00.808Z,0.7548,0.7590,100,100,55.5
2026-04-21 13:34:01.398Z,0.7548,0.7594,100,100,60.8
2026-04-21 13:34:02.564Z,0.7539,0.7595,100,100,74.0
2026-04-21 13:34:03.314Z,0.7547,0.7591,100,100,58.1
2026-04-21 13:34:04.605Z,0.7545,0.7595,100,100,66.1
2026-04-21 13:34:05.448Z,0.7544,0.7596,100,100,68.7
2026-04-21 13:34:06.889Z,0.7547,0.7593,100,100,60.8
2026-04-21 13:34:07.354Z,0.7544,0.7596,100,100,68.7
2026-04-21 13:34:08.349Z,0.7542,0.7594,100,117,68.7
2026-04-21 13:34:09.497Z,0.7548,0.7590,100,100,55.5
2026-04-21 13:34:10.404Z,0.7542,0.7598,100,100,74.0
2026-04-21 13:34:11.743Z,0.7548,0.7590,100,103,55.5
2026-04-21 13:34:12.564Z,0.7542,0.7594,100,144,68.7
2026-04-21 13:34:13.193Z,0.7546,0.7592,101,100,60.8
2026-04-21 13:34:14.230Z,0.7547,0.7589,100,100,55.5
2026-04-21 13:34:15.898Z,0.7546,0.7588,100,100,55.5
2026-04-21 13:34:16.784Z,0.7547,0.7591,104,100,58.1
2026-04-21 13:34:17.052Z,0.7546,0.7594,137,100,63.4
2026-04-21 13:34:18.462Z,0.7548,0.7590,100,108,55.5
2026-04-21 13:34:19.250Z,0.7544,0.7590,100,100,60.8
2026-04-21 13:34:20.683Z,0.7542,0.7594,100,100,68.7
2026-04-21 13:34:21.324Z,0.7547,0.7593,100,100,60.8
2026-04-21 13:34:22.299Z,0.7548,0.7590,100,100,55.5
2026-04-21 13:34:23.676Z,0.7548,0.7590,100,100,55.5
2026-04-21 13:34:24.892Z,0.7545,0.7593,100,100,63.4
2026-04-21 13:34:25.275Z,0.7545,0.7593,100,100,63.4
2026-04-21 13:34:26.792Z,0.7543,0.7595,100,100,68.7
2026-04-21 13:34:27.455Z,0.7548,0.7592,100,100,58.1
2026-04-21 13:34:28.012Z,0.7547,0.7593,100,100,60.8
2026-04-21 13:34:29.496Z,0.7541,0.7601,100,100,79.2
2026-04-21 13:34:30.806Z,0.7547,0.7595,100,100,63.4
2026-04-21 13:34:31.885Z,0.7546,0.7594,100,100,63.4
2026-04-21 13:34:32.750Z,0.7546,0.7598,100,100,68.7
2026-04-21 13:34:33.715Z,0.7545,0.7593,100,100,63.4
2026-04-21 13:34:34.548Z,0.7541,0.7599,100,100,76.6
2026-04-21 13:34:35.840Z,0.7541,0.7597,100,100,74.0
2026-04-21 13:34:36.126Z,0.7543,0.7595,100,100,68.7
2026-04-21 13:34:37.108Z,0.7547,0.7591,163,120,58.1
2026-04-21 13:34:38.277Z,0.7542,0.7594,100,146,68.7
2026-04-21 13:34:39.748Z,0.7549,0.7593,106,100,58.1
2026-04-21 13:34:40.661Z,0.7541,0.7597,100,155,74.0
2026-04-21 13:34:41.285Z,0.7550,0.7594,100,100,58.1
2026-04-21 13:34:42.666Z,0.7547,0.7597,100,100,66.0
2026-04-21 13:34:43.496Z,0.7545,0.7591,100,100,60.8
2026-04-21 13:34:44.625Z,0.7542,0.7594,100,100,68.7
2026-04-21 13:34:45.858Z,0.7544,0.7598,100,100,71.3
2026-04-21 13:34:46.610Z,0.7543,0.7595,100,100,68.7
2026-04-21 13:34:47.810Z,0.7546,0.7590,100,100,58.1
2026-04-21 13:34:48.545Z,0.7547,0.7589,100,100,55.5
2026-04-21 13:34:49.386Z,0.7541,0.7603,100,100,81.9
2026-04-21 13:34:50.035Z,0.7540,0.7600,100,100,79.3
2026-04-21 13:34:51.328Z,0.7544,0.7592,100,104,63.4
2026-04-21 13:34:52.304Z,0.7545,0.7595,100,100,66.1
2026-04-21 13:34:53.689Z,0.7550,0.7594,100,100,58.1
2026-04-21 13:34:54.537Z,0.7543,0.7599,100,100,74.0
2026-04-21 13:34:55.425Z,0.7544,0.7596,100,100,68.7
2026-04-21 13:34:56.585Z,0.7544,0.7596,100,100,68.7
2026-04-21 13:34:57.022Z,0.7550,0.7590,100,100,52.8
2026-04-21 13:34:58.068Z,0.7549,0.7593,100,100,58.1
2026-04-21 13:34:59.377Z,0.7548,0.7592,100,100,58.1
2026-04-21 13:35:00.007Z,0.7544,0.7596,100,100,68.7
2026-04-21 13:35:01.565Z,0.7545,0.7595,100,100,66.1
2026-04-21 13:35:02.659Z,0.7544,0.7598,100,100,71.3
2026-04-21 13:35:03.665Z,0.7546,0.7596,100,100,66.0
2026-04-21 13:35:04.466Z,0.7545,0.7593,100,100,63.4
2026-04-21 13:35:05.593Z,0.7545,0.7597,100,100,68.7
2026-04-21 13:35:06.123Z,0.7542,0.7598,100,100,74.0
2026-04-21 13:35:07.136Z,0.7545,0.7599,100,100,71.3
2026-04-21 13:35:08.170Z,0.7540,0.7596,100,100,74.0
2026-04-21 13:35:09.330Z,0.7546,0.7598,100,100,68.7
2026-04-21 13:35:10.322Z,0.7545,0.7591,100,100,60.8
2026-04-21 13:35:11.711Z,0.7544,0.7598,115,117,71.3
2026-04-21 13:35:12.251Z,0.7542,0.7596,100,134,71.3
2026-04-21 13:35:13.719Z,0.7541,0.7601,100,100,79.2
2026-04-21 13:35:14.116Z,0.7543,0.7593,100,100,66.1
2026-04-21 13:35:15.770Z,0.7540,0.7596,100,100,74.0
2026-04-21 13:35:16.006Z,0.7543,0.7599,108,100,74.0
2026-04-21 13:35:17.448Z,0.7541,0.7599,100,104,76.6
2026-04-21 13:35:18.222Z,0.7544,0.7596,100,100,68.7
2026-04-21 13:35:19.238Z,0.7543,0.7595,100,100,68.7
2026-04-21 13:35:20.561Z,0.7545,0.7599,100,100,71.3
2026-04-21 13:35:21.804Z,0.7540,0.7600,100,100,79.3
2026-04-21 13:35:22.005Z,0.7546,0.7594,100,100,63.4
2026-04-21 13:35:23.808Z,0.7548,0.7592,100,100,58.1
2026-04-21 13:35:24.614Z,0.7543,0.7591,100,100,63.4
2026-04-21 13:35:25.678Z,0.7547,0.7591,100,100,58.1
2026-04-21 13:35:26.052Z,0.7546,0.7590,100,100,58.1
2026-04-21 13:35:27.369Z,0.7540,0.7594,100,100,71.4
2026-04-21 13:35:28.052Z,0.7544,0.7592,100,100,63.4
2026-04-21 13:35:29.522Z,0.7545,0.7593,100,100,63.4
2026-04-21 13:35:30.543Z,0.7546,0.7592,100,100,60.8
2026-04-21 13:35:31.263Z,0.7547,0.7589,100,100,55.5
2026-04-21 13:35:32.560Z,0.7543,0.7593,100,100,66.1
2026-04-21 13:35:33.151Z,0.7540,0.7596,100,100,74.0
2026-04-21 13:35:34.681Z,0.7544,0.7590,100,100,60.8
2026-04-21 13:35:35.846Z,0.7542,0.7594,100,100,68.7
2026-04-21 13:35:36.258Z,0.7540,0.7596,100,100,74.0
2026-04-21 13:35:37.896Z,0.7543,0.7595,108,100,68.7
2026-04-21 13:35:38.116Z,0.7542,0.7594,100,100,68.7
2026-04-21 13:35:39.190Z,0.7546,0.7590,100,100,58.1
2026-04-21 13:35:40.373Z,0.7548,0.7588,100,100,52.9
2026-04-21 13:35:41.663Z,0.7539,0.7599,100,100,79.3
2026-04-21 13:35:42.655Z,0.7541,0.7591,100,100,66.1
2026-04-21 13:35:43.524Z,0.7540,0.7592,100,100,68.7
2026-04-21 13:35:44.364Z,0.7537,0.7595,100,100,76.7
2026-04-21 13:35:45.484Z,0.7544,0.7588,100,100,58.2
2026-04-21 13:35:46.630Z,0.7545,0.7585,100,100,52.9
2026-04-21 13:35:47.648Z,0.7542,0.7590,100,100,63.4
2026-04-21 13:35:48.403Z,0.7539,0.7595,100,100,74.0
2026-04-21 13:35:49.859Z,0.7543,0.7591,100,100,63.4
2026-04-21 13:35:50.770Z,0.7538,0.7598,100,100,79.3
2026-04-21 13:35:51.826Z,0.7539,0.7593,100,114,71.4
2026-04-21 13:35:52.151Z,0.7540,0.7596,100,100,74.0
2026-04-21 13:35:53.710Z,0.7538,0.7598,100,100,79.3
2026-04-21 13:35:54.683Z,0.7544,0.7592,100,100,63.4
2026-04-21 13:35:55.356Z,0.7541,0.7593,100,100,68.7
2026-04-21 13:35:56.378Z,0.7548,0.7588,100,100,52.9
2026-04-21 13:35:57.513Z,0.7542,0.7590,100,102,63.4
2026-04-21 13:35:58.377Z,0.7538,0.7594,100,100,74.0
2026-04-21 13:35:59.668Z,0.7537,0.7597,109,100,79.3
2026-04-21 13:36:00.473Z,0.7540,0.7592,100,100,68.7
2026-04-21 13:36:01.080Z,0.7538,0.7590,100,100,68.7
2026-04-21 13:36:02.873Z,0.7541,0.7589,100,100,63.5
2026-04-21 13:36:03.694Z,0.7536,0.7592,100,100,74.0
2026-04-21 13:36:04.462Z,0.7544,0.7588,100,100,58.2
2026-04-21 13:36:05.583Z,0.7542,0.7594,100,100,68.7
2026-04-21 13:36:06.208Z,0.7545,0.7587,100,100,55.5
2026-04-21 13:36:07.145Z,0.7540,0.7594,100,100,71.4
2026-04-21 13:36:08.808Z,0.7543,0.7585,100,100,55.5
2026-04-21 13:36:09.684Z,0.7539,0.7593,100,100,71.4
2026-04-21 13:36:10.819Z,0.7543,0.7589,100,100,60.8
2026-04-21 13:36:11.126Z,0.7538,0.7592,100,100,71.4
2026-04-21 13:36:12.244Z,0.7536,0.7596,100,100,79.3
2026-04-21 13:36:13.716Z,0.7546,0.7588,100,100,55.5
2026-04-21 13:36:14.019Z,0.7538,0.7594,100,100,74.0
2026-04-21 13:36:15.863Z,0.7540,0.7590,100,100,66.1
2026-04-21 13:36:16.582Z,0.7536,0.7596,100,100,79.3
2026-04-21 13:36:17.176Z,0.7539,0.7593,100,100,71.4
2026-04-21 13:36:18.110Z,0.7540,0.7592,100,100,68.7
2026-04-21 13:36:19.141Z,0.7538,0.7594,100,100,74.0
2026-04-21 13:36:20.150Z,0.7547,0.7587,100,100,52.9
2026-04-21 13:36:21.385Z,0.7548,0.7588,100,100,52.9
2026-04-21 13:36:22.031Z,0.7548,0.7588,100,100,52.9
2026-04-21 13:36:23.179Z,0.7545,0.7587,100,100,55.5
2026-04-21 13:36:24.510Z,0.7539,0.7591,100,100,68.7
2026-04-21 13:36:25.498Z,0.7543,0.7589,100,100,60.8
2026-04-21 13:36:26.593Z,0.7537,0.7597,100,100,79.3
2026-04-21 13:36:27.680Z,0.7536,0.7596,100,100,79.3
2026-04-21 13:36:28.012Z,0.7538,0.7598,100,100,79.3
2026-04-21 13:36:29.649Z,0.7544,0.7588,100,100,58.2
2026-04-21 13:36:30.587Z,0.7542,0.7594,100,100,68.7
2026-04-21 13:36:31.347Z,0.7544,0.7590,100,100,60.8
2026-04-21 13:36:32.131Z,0.7540,0.7590,100,100,66.1
2026-04-21 13:36:33.407Z,0.7541,0.7595,100,100,71.4
2026-04-21 13:36:34.113Z,0.7542,0.7586,100,100,58.2
2026-04-21 13:36:35.282Z,0.7546,0.7588,100,100,55.5
2026-04-21 13:36:36.319Z,0.7537,0.7595,100,100,76.7
2026-04-21 13:36:37.390Z,0.7540,0.7592,100,100,68.7
2026-04-21 13:36:38.348Z,0.7545,0.7589,100,100,58.1
2026-04-21 13:36:39.497Z,0.7541,0.7593,100,100,68.7
2026-04-21 13:36:40.299Z,0.7544,0.7586,100,100,55.5
2026-04-21 13:36:41.006Z,0.7541,0.7593,100,100,68.7
2026-04-21 13:36:42.035Z,0.7543,0.7591,100,100,63.4
2026-04-21 13:36:43.065Z,0.7539,0.7595,100,100,74.0
2026-04-21 13:36:44.465Z,0.7546,0.7588,100,100,55.5
2026-04-21 13:36:45.819Z,0.7536,0.7594,100,100,76.7
2026-04-21 13:36:46.849Z,0.7541,0.7591,100,100,66.1
2026-04-21 13:36:47.093Z,0.7536,0.7592,100,100,74.0
2026-04-21 13:36:48.611Z,0.7539,0.7595,100,100,74.0
2026-04-21 13:36:49.209Z,0.7543,0.7589,100,100,60.8
2026-04-21 13:36:50.315Z,0.7537,0.7593,100,100,74.0
2026-04-21 13:36:51.304Z,0.7545,0.7589,100,100,58.1
2026-04-21 13:36:52.752Z,0.7543,0.7591,100,100,63.4
2026-04-21 13:36:53.281Z,0.7539,0.7591,100,100,68.7
2026-04-21 13:36:54.186Z,0.7543,0.7593,100,100,66.1
2026-04-21 13:36:55.830Z,0.7544,0.7590,100,100,60.8
2026-04-21 13:36:56.445Z,0.7536,0.7596,100,100,79.3
2026-04-21 13:36:57.707Z,0.7538,0.7594,100,100,74.0
2026-04-21 13:36:58.750Z,0.7538,0.7594,100,100,74.0
2026-04-21 13:36:59.411Z,0.7544,0.7588,100,100,58.2
2026-04-21 13:37:00.481Z,0.7548,0.7604,100,100,73.9
2026-04-21 13:37:01.266Z,0.7553,0.7597,100,100,58.1
2026-04-21 13:37:02.509Z,0.7556,0.7600,100,100,58.1
2026-04-21 13:37:03.047Z,0.7554,0.7596,100,100,55.4
2026-04-21 13:37:04.149Z,0.7552,0.7596,100,100,58.1
2026-04-21 13:37:05.071Z,0.7549,0.7605,100,100,73.9
2026-04-21 13:37:06.152Z,0.7554,0.7596,100,100,55.4
2026-04-21 13:37:07.049Z,0.7554,0.7600,100,100,60.7
2026-04-21 13:37:08.032Z,0.7551,0.7599,100,100,63.4
2026-04-21 13:37:09.660Z,0.7546,0.7604,100,100,76.6
2026-04-21 13:37:10.725Z,0.7555,0.7601,100,100,60.7
2026-04-21 13:37:11.811Z,0.7550,0.7606,100,100,73.9
2026-04-21 13:37:12.674Z,0.7551,0.7599,100,100,63.4
2026-04-21 13:37:13.555Z,0.7548,0.7606,100,100,76.5
2026-04-21 13:37:14.346Z,0.7551,0.7599,100,100,63.4
2026-04-21 13:37:15.806Z,0.7555,0.7597,100,100,55.4
2026-04-21 13:37:16.637Z,0.7552,0.7598,100,100,60.7
2026-04-21 13:37:17.777Z,0.7546,0.7604,100,100,76.6
2026-04-21 13:37:18.573Z,0.7554,0.7594,100,100,52.8
2026-04-21 13:37:19.773Z,0.7554,0.7600,100,100,60.7
2026-04-21 13:37:20.883Z,0.7548,0.7602,100,100,71.3
2026-04-21 13:37:21.057Z,0.7552,0.7600,100,100,63.4
2026-04-21 13:37:22.402Z,0.7551,0.7603,100,100,68.6
2026-04-21 13:37:23.829Z,0.7557,0.7599,100,100,55.4
2026-04-21 13:37:24.363Z,0.7556,0.7600,100,100,58.1
2026-04-21 13:37:25.379Z,0.7557,0.7599,100,100,55.4
2026-04-21 13:37:26.668Z,0.7549,0.7605,100,100,73.9
2026-04-21 13:37:27.366Z,0.7554,0.7604,100,100,66.0
2026-04-21 13:37:28.138Z,0.7558,0.7600,100,100,55.4
2026-04-21 13:37:29.691Z,0.7551,0.7611,100,100,79.1
2026-04-21 13:37:30.120Z,0.7556,0.7604,100,100,63.3
2026-04-21 13:37:31.118Z,0.7553,0.7607,100,100,71.2
2026-04-21 13:37:32.772Z,0.7552,0.7610,100,100,76.5
2026-04-21 13:37:33.160Z,0.7559,0.7609,100,100,65.9
2026-04-21 13:37:34.212Z,0.7550,0.7610,100,100,79.2
2026-04-21 13:37:35.584Z,0.7554,0.7612,100,100,76.5
2026-04-21 13:37:36.072Z,0.7557,0.7611,100,100,71.2
2026-04-21 13:37:37.700Z,0.7553,0.7613,100,100,79.1
2026-04-21 13:37:38.581Z,0.7562,0.7604,100,100,55.4
2026-04-21 13:37:39.710Z,0.7554,0.7610,100,100,73.9
2026-04-21 13:37:40.849Z,0.7553,0.7609,100,100,73.9
2026-04-21 13:37:41.579Z,0.7552,0.7610,100,100,76.5
2026-04-21 13:37:42.617Z,0.7553,0.7611,100,100,76.5
2026-04-21 13:37:43.715Z,0.7554,0.7610,100,100,73.9
2026-04-21 13:37:44.458Z,0.7561,0.7601,100,100,52.8
2026-04-21 13:37:45.799Z,0.7558,0.7608,100,100,65.9
2026-04-21 13:37:46.409Z,0.7559,0.7603,100,100,58.0
2026-04-21 13:37:47.474Z,0.7556,0.7610,100,100,71.2
2026-04-21 13:37:48.293Z,0.7558,0.7604,100,100,60.7
2026-04-21 13:37:49.063Z,0.7559,0.7609,100,100,65.9
2026-04-21 13:37:50.576Z,0.7564,0.7604,100,100,52.7
2026-04-21 13:37:51.837Z,0.7564,0.7604,100,100,52.7
2026-04-21 13:37:52.678Z,0.7554,0.7614,100,100,79.1
2026-04-21 13:37:53.872Z,0.7554,0.7610,100,100,73.9
2026-04-21 13:37:54.249Z,0.7556,0.7606,100,100,66.0
2026-04-21 13:37:55.776Z,0.7553,0.7611,100,100,76.5
2026-04-21 13:37:56.858Z,0.7553,0.7611,100,100,76.5
2026-04-21 13:37:57.499Z,0.7558,0.7606,100,100,63.3
2026-04-21 13:37:58.189Z,0.7555,0.7615,100,100,79.1
2026-04-21 13:37:59.794Z,0.7559,0.7607,100,100,63.3
2026-04-21 13:38:00.247Z,0.7537,0.7595,304,237,76.7
2026-04-21 13:38:01.590Z,0.7545,0.7585,336,369,52.9
2026-04-21 13:38:02.437Z,0.7540,0.7594,284,232,71.4
2026-04-21 13:38:03.550Z,0.7545,0.7587,204,714,55.5
2026-04-21 13:38:04.119Z,0.7543,0.7587,198,269,58.2
2026-04-21 13:38:05.870Z,0.7540,0.7596,400,275,74.0
2026-04-21 13:38:06.616Z,0.7543,0.7593,438,341,66.1
2026-04-21 13:38:07.271Z,0.7540,0.7594,161,267,71.4
2026-04-21 13:38:08.060Z,0.7544,0.7588,218,360,58.2
2026-04-21 13:38:09.827Z,0.7544,0.7588,185,216,58.2
2026-04-21 13:38:10.231Z,0.7545,0.7585,104,310,52.9
2026-04-21 13:38:11.831Z,0.7544,0.7590,657,320,60.8
2026-04-21 13:38:12.276Z,0.7544,0.7590,619,1038,60.8
2026-04-21 13:38:13.165Z,0.7541,0.7597,986,548,74.0
2026-04-21 13:38:14.804Z,0.7541,0.7595,117,487,71.4
2026-04-21 13:38:15.400Z,0.7538,0.7596,169,309,76.6
2026-04-21 13:38:16.702Z,0.7541,0.7595,855,301,71.4
2026-04-21 13:38:17.720Z,0.7542,0.7592,267,674,66.1
2026-04-21 13:38:18.221Z,0.7536,0.7596,327,684,79.3
2026-04-21 13:38:19.745Z,0.7538,0.7592,331,854,71.4
2026-04-21 13:38:20.024Z,0.7537,0.7593,250,245,74.0
2026-04-21 13:38:21.429Z,0.7540,0.7588,119,310,63.5
2026-04-21 13:38:22.480Z,0.7538,0.7592,301,100,71.4
2026-04-21 13:38:23.386Z,0.7538,0.7590,141,276,68.7
2026-04-21 13:38:24.207Z,0.7538,0.7584,170,400,60.8
2026-04-21 13:38:25.856Z,0.7531,0.7589,264,394,76.7
2026-04-21 13:38:26.500Z,0.7537,0.7583,230,229,60.8
2026-04-21 13:38:27.303Z,0.7533,0.7579,187,419,60.9
2026-04-21 13:38:28.826Z,0.7532,0.7580,229,312,63.5
2026-04-21 13:38:29.682Z,0.7523,0.7581,165,464,76.8
2026-04-21 13:38:30.069Z,0.7527,0.7575,100,304,63.6
2026-04-21 13:38:31.565Z,0.7525,0.7577,168,169,68.9
2026-04-21 13:38:32.032Z,0.7520,0.7578,100,239,76.8
2026-04-21 13:38:33.341Z,0.7522,0.7568,108,386,61.0
2026-04-21 13:38:34.317Z,0.7524,0.7568,337,182,58.3
2026-04-21 13:38:35.076Z,0.7519,0.7567,187,396,63.6
2026-04-21 13:38:36.293Z,0.7524,0.7566,247,304,55.7
2026-04-21 13:38:37.444Z,0.7520,0.7564,178,623,58.3
2026-04-21 13:38:38.247Z,0.7517,0.7565,762,993,63.7
2026-04-21 13:38:39.252Z,0.7520,0.7566,1067,562,61.0
2026-04-21 13:38:40.715Z,0.7517,0.7567,279,987,66.3
2026-04-21 13:38:41.348Z,0.7513,0.7571,293,352,76.9
2026-04-21 13:38:42.455Z,0.7524,0.7568,526,269,58.3
2026-04-21 13:38:43.559Z,0.7518,0.7568,169,305,66.3
2026-04-21 13:38:44.660Z,0.7516,0.7576,477,202,79.5
2026-04-21 13:38:45.405Z,0.7515,0.7571,256,277,74.2
2026-04-21 13:38:46.759Z,0.7521,0.7565,370,225,58.3
2026-04-21 13:38:47.741Z,0.7522,0.7568,672,347,61.0
2026-04-21 13:38:48.224Z,0.7522,0.7570,263,206,63.6
2026-04-21 13:38:49.856Z,0.7523,0.7567,111,469,58.3
2026-04-21 13:38:50.183Z,0.7519,0.7571,273,328,68.9
2026-04-21 13:38:51.405Z,0.7518,0.7570,203,525,68.9
2026-04-21 13:38:52.428Z,0.7520,0.7570,679,410,66.3
2026-04-21 13:38:53.880Z,0.7516,0.7570,280,479,71.6
2026-04-21 13:38:54.322Z,0.7524,0.7566,646,372,55.7
2026-04-21 13:38:55.226Z,0.7524,0.7564,222,548,53.0
2026-04-21 13:38:56.672Z,0.7518,0.7566,215,458,63.6
2026-04-21 13:38:57.468Z,0.7521,0.7561,199,645,53.0
2026-04-21 13:38:58.858Z,0.7521,0.7563,745,433,55.7
2026-04-21 13:38:59.371Z,0.7521,0.7565,807,434,58.3
2026-04-21 13:39:00.652Z,0.7516,0.7568,100,100,68.9
2026-04-21 13:39:01.875Z,0.7519,0.7565,100,100,61.0
2026-04-21 13:39:02.428Z,0.7519,0.7563,100,100,58.3
2026-04-21 13:39:03.303Z,0.7515,0.7571,100,100,74.2
2026-04-21 13:39:04.209Z,0.7523,0.7565,100,100,55.7
2026-04-21 13:39:05.169Z,0.7514,0.7568,100,100,71.6
2026-04-21 13:39:06.860Z,0.7515,0.7567,100,100,69.0
2026-04-21 13:39:07.748Z,0.7520,0.7568,100,100,63.6
2026-04-21 13:39:08.393Z,0.7517,0.7565,100,100,63.7
2026-04-21 13:39:09.496Z,0.7514,0.7570,100,100,74.3
2026-04-21 13:39:10.246Z,0.7514,0.7570,100,100,74.3
2026-04-21 13:39:11.409Z,0.7514,0.7568,100,100,71.6
2026-04-21 13:39:12.328Z,0.7510,0.7570,100,100,79.6
2026-04-21 13:39:13.652Z,0.7520,0.7566,100,100,61.0
2026-04-21 13:39:14.655Z,0.7515,0.7571,100,100,74.2
2026-04-21 13:39:15.747Z,0.7518,0.7564,100,100,61.0
2026-04-21 13:39:16.041Z,0.7519,0.7567,100,100,63.6
2026-04-21 13:39:17.021Z,0.7521,0.7567,100,100,61.0
2026-04-21 13:39:18.241Z,0.7514,0.7570,100,100,74.3
2026-04-21 13:39:19.326Z,0.7517,0.7565,100,100,63.7
2026-04-21 13:39:20.136Z,0.7515,0.7575,100,100,79.5
2026-04-21 13:39:21.205Z,0.7523,0.7567,100,100,58.3
2026-04-21 13:39:22.357Z,0.7517,0.7577,100,100,79.5
2026-04-21 13:39:23.747Z,0.7526,0.7570,100,100,58.3
2026-04-21 13:39:24.610Z,0.7522,0.7584,100,100,82.1
2026-04-21 13:39:25.728Z,0.7534,0.7576,100,100,55.6
2026-04-21 13:39:26.117Z,0.7537,0.7577,100,100,52.9
2026-04-21 13:39:27.444Z,0.7533,0.7587,100,100,71.4
2026-04-21 13:39:28.523Z,0.7540,0.7584,100,100,58.2
2026-04-21 13:39:29.677Z,0.7542,0.7588,100,100,60.8
2026-04-21 13:39:30.073Z,0.7538,0.7600,100,100,81.9
2026-04-21 13:39:31.429Z,0.7546,0.7592,100,100,60.8
2026-04-21 13:39:32.258Z,0.7549,0.7599,100,100,66.0
2026-04-21 13:39:33.881Z,0.7547,0.7603,100,100,73.9
2026-04-21 13:39:34.194Z,0.7554,0.7602,100,100,63.3
2026-04-21 13:39:35.892Z,0.7555,0.7603,100,100,63.3
2026-04-21 13:39:36.435Z,0.7556,0.7604,100,100,63.3
2026-04-21 13:39:37.363Z,0.7561,0.7603,100,100,55.4
2026-04-21 13:39:38.841Z,0.7553,0.7611,100,100,76.5
2026-04-21 13:39:39.302Z,0.7559,0.7605,100,100,60.7
2026-04-21 13:39:40.714Z,0.7561,0.7605,100,100,58.0
2026-04-21 13:39:41.623Z,0.7549,0.7611,100,100,81.8
2026-04-21 13:39:42.377Z,0.7557,0.7603,100,100,60.7
2026-04-21 13:39:43.299Z,0.7551,0.7607,100,100,73.9
2026-04-21 13:39:44.297Z,0.7552,0.7602,100,100,66.0
2026-04-21 13:39:45.844Z,0.7555,0.7605,100,100,66.0
2026-04-21 13:39:46.051Z,0.7555,0.7603,100,100,63.3
2026-04-21 13:39:47.808Z,0.7551,0.7605,100,100,71.3
2026-04-21 13:39:48.094Z,0.7549,0.7605,100,100,73.9
2026-04-21 13:39:49.473Z,0.7557,0.7597,100,100,52.8
2026-04-21 13:39:50.553Z,0.7550,0.7610,100,100,79.2
2026-04-21 13:39:51.225Z,0.7556,0.7602,100,100,60.7
2026-04-21 13:39:52.506Z,0.7552,0.7606,100,100,71.2
2026-04-21 13:39:53.766Z,0.7557,0.7607,100,100,65.9
2026-04-21 13:39:54.226Z,0.7558,0.7604,100,100,60.7
2026-04-21 13:39:55.428Z,0.7560,0.7604,100,100,58.0
2026-04-21 13:39:56.027Z,0.7554,0.7612,100,100,76.5
2026-04-21 13:39:57.546Z,0.7558,0.7604,100,100,60.7
2026-04-21 13:39:58.057Z,0.7552,0.7614,100,100,81.8
2026-04-21 13:39:59.488Z,0.7558,0.7606,100,100,63.3
2026-04-21 13:40:00.879Z,0.7551,0.7607,100,100,73.9
2026-04-21 13:40:01.448Z,0.7549,0.7609,100,100,79.2
2026-04-21 13:40:02.829Z,0.7553,0.7603,100,100,66.0
2026-04-21 13:40:03.014Z,0.7552,0.7608,100,100,73.9
2026-04-21 13:40:04.000Z,0.7557,0.7601,100,100,58.1
2026-04-21 13:40:05.213Z,0.7551,0.7605,100,100,71.3
2026-04-21 13:40:06.789Z,0.7559,0.7601,100,100,55.4
2026-04-21 13:40:07.139Z,0.7555,0.7599,100,100,58.1
2026-04-21 13:40:08.359Z,0.7553,0.7601,100,100,63.3
2026-04-21 13:40:09.138Z,0.7556,0.7602,100,100,60.7
2026-04-21 13:40:10.223Z,0.7553,0.7607,100,100,71.2
2026-04-21 13:40:11.388Z,0.7550,0.7604,100,151,71.3
2026-04-21 13:40:12.249Z,0.7554,0.7600,100,100,60.7
2026-04-21 13:40:13.036Z,0.7546,0.7606,100,100,79.2
2026-04-21 13:40:14.577Z,0.7549,0.7609,100,100,79.2
2026-04-21 13:40:15.460Z,0.7556,0.7600,100,100,58.1
2026-04-21 13:40:16.175Z,0.7552,0.7606,100,100,71.2
2026-04-21 13:40:17.438Z,0.7555,0.7603,100,100,63.3
2026-04-21 13:40:18.273Z,0.7553,0.7603,100,100,66.0
2026-04-21 13:40:19.122Z,0.7550,0.7610,100,100,79.2
2026-04-21 13:40:20.751Z,0.7547,0.7607,100,100,79.2
2026-04-21 13:40:21.212Z,0.7557,0.7601,100,100,58.1
2026-04-21 13:40:22.044Z,0.7556,0.7604,100,100,63.3
2026-04-21 13:40:23.011Z,0.7554,0.7602,100,100,63.3
2026-04-21 13:40:24.263Z,0.7560,0.7600,100,100,52.8
2026-04-21 13:40:25.684Z,0.7554,0.7602,100,100,63.3
2026-04-21 13:40:26.090Z,0.7553,0.7605,100,100,68.6
2026-04-21 13:40:27.878Z,0.7553,0.7603,100,100,66.0
2026-04-21 13:40:28.440Z,0.7553,0.7609,100,100,73.9
2026-04-21 13:40:29.566Z,0.7555,0.7605,100,100,66.0
2026-04-21 13:40:30.140Z,0.7558,0.7602,100,100,58.0
2026-04-21 13:40:31.426Z,0.7561,0.7601,100,100,52.8
2026-04-21 13:40:32.502Z,0.7556,0.7600,100,100,58.1
2026-04-21 13:40:33.871Z,0.7560,0.7602,100,100,55.4
2026-04-21 13:40:34.078Z,0.7555,0.7605,100,100,66.0
2026-04-21 13:40:35.808Z,0.7558,0.7604,100,100,60.7
2026-04-21 13:40:36.181Z,0.7557,0.7603,100,100,60.7
2026-04-21 13:40:37.714Z,0.7556,0.7608,100,100,68.6
2026-04-21 13:40:38.464Z,0.7552,0.7612,100,100,79.1
2026-04-21 13:40:39.470Z,0.7552,0.7608,100,120,73.9
2026-04-21 13:40:40.280Z,0.7559,0.7603,100,100,58.0
2026-04-21 13:40:41.420Z,0.7554,0.7602,100,100,63.3
2026-04-21 13:40:42.074Z,0.7556,0.7606,100,100,66.0
2026-04-21 13:40:43.397Z,0.7551,0.7607,100,100,73.9
2026-04-21 13:40:44.562Z,0.7560,0.7602,100,100,55.4
2026-04-21 13:40:45.425Z,0.7553,0.7605,100,100,68.6
2026-04-21 13:40:46.269Z,0.7555,0.7607,100,100,68.6
2026-04-21 13:40:47.773Z,0.7553,0.7609,100,100,73.9
2026-04-21 13:40:48.702Z,0.7551,0.7607,100,100,73.9
2026-04-21 13:40:49.157Z,0.7557,0.7599,100,100,55.4
2026-04-21 13:40:50.621Z,0.7555,0.7605,100,100,66.0
2026-04-21 13:40:51.740Z,0.7554,0.7602,100,100,63.3
2026-04-21 13:40:52.632Z,0.7552,0.7604,100,100,68.6
2026-04-21 13:40:53.832Z,0.7551,0.7605,100,100,71.3
2026-04-21 13:40:54.489Z,0.7548,0.7606,100,100,76.5
2026-04-21 13:40:55.821Z,0.7552,0.7608,100,100,73.9
2026-04-21 13:40:56.125Z,0.7560,0.7600,100,100,52.8
2026-04-21 13:40:57.635Z,0.7559,0.7601,100,100,55.4
2026-04-21 13:40:58.461Z,0.7554,0.7602,100,100,63.3
2026-04-21 13:40:59.438Z,0.7556,0.7602,100,100,60.7
2026-04-21 13:41:00.376Z,0.7551,0.7609,100,100,76.5
2026-04-21 13:41:01.492Z,0.7554,0.7608,100,100,71.2
2026-04-21 13:41:02.875Z,0.7556,0.7600,100,100,58.1
2026-04-21 13:41:03.785Z,0.7550,0.7600,100,100,66.0
2026-04-21 13:41:04.655Z,0.7542,0.7602,100,100,79.2
2026-04-21 13:41:05.344Z,0.7546,0.7598,100,100,68.7
2026-04-21 13:41:06.354Z,0.7542,0.7592,100,100,66.1
2026-04-21 13:41:07.776Z,0.7532,0.7594,100,100,82.0
2026-04-21 13:41:08.224Z,0.7533,0.7589,100,100,74.1
2026-04-21 13:41:09.384Z,0.7536,0.7586,100,100,66.1
2026-04-21 13:41:10.761Z,0.7529,0.7587,100,100,76.7
2026-04-21 13:41:11.446Z,0.7532,0.7582,100,100,66.2
2026-04-21 13:41:12.232Z,0.7528,0.7584,100,100,74.1
2026-04-21 13:41:13.731Z,0.7525,0.7585,100,100,79.4
2026-04-21 13:41:14.367Z,0.7531,0.7587,100,100,74.1
2026-04-21 13:41:15.369Z,0.7534,0.7582,100,100,63.5
2026-04-21 13:41:16.302Z,0.7533,0.7589,100,100,74.1
2026-04-21 13:41:17.621Z,0.7538,0.7588,100,100,66.1
2026-04-21 13:41:18.693Z,0.7536,0.7588,100,100,68.8
2026-04-21 13:41:19.621Z,0.7541,0.7587,100,100,60.8
2026-04-21 13:41:20.288Z,0.7538,0.7586,100,100,63.5
2026-04-21 13:41:21.122Z,0.7534,0.7592,100,100,76.7
2026-04-21 13:41:22.841Z,0.7541,0.7587,100,100,60.8
2026-04-21 13:41:23.750Z,0.7537,0.7589,100,100,68.8
2026-04-21 13:41:24.510Z,0.7546,0.7590,100,100,58.1
2026-04-21 13:41:25.799Z,0.7539,0.7597,100,100,76.6
2026-04-21 13:41:26.896Z,0.7541,0.7593,100,100,68.7
2026-04-21 13:41:27.179Z,0.7544,0.7594,100,100,66.1
2026-04-21 13:41:28.827Z,0.7544,0.7600,100,100,74.0
2026-04-21 13:41:29.356Z,0.7546,0.7596,100,100,66.0
2026-04-21 13:41:30.061Z,0.7550,0.7596,100,100,60.7
2026-04-21 13:41:31.839Z,0.7551,0.7601,100,100,66.0
2026-04-21 13:41:32.173Z,0.7546,0.7602,100,100,73.9
2026-04-21 13:41:33.732Z,0.7550,0.7600,100,100,66.0
2026-04-21 13:41:34.341Z,0.7551,0.7603,100,100,68.6
2026-04-21 13:41:35.359Z,0.7556,0.7606,100,100,66.0
2026-04-21 13:41:36.608Z,0.7553,0.7603,100,100,66.0
2026-04-21 13:41:37.839Z,0.7552,0.7608,100,100,73.9
2026-04-21 13:41:38.116Z,0.7551,0.7611,100,100,79.1
2026-04-21 13:41:39.552Z,0.7561,0.7603,100,100,55.4
2026-04-21 13:41:40.489Z,0.7562,0.7602,100,100,52.8
2026-04-21 13:41:41.578Z,0.7556,0.7602,100,100,60.7
2026-04-21 13:41:42.562Z,0.7559,0.7601,100,100,55.4
2026-04-21 13:41:43.622Z,0.7557,0.7607,100,100,65.9
2026-04-21 13:41:44.062Z,0.7553,0.7603,100,100,66.0
2026-04-21 13:41:45.146Z,0.7557,0.7601,100,100,58.1
2026-04-21 13:41:46.467Z,0.7558,0.7604,100,100,60.7
2026-04-21 13:41:47.829Z,0.7552,0.7604,100,100,68.6
2026-04-21 13:41:48.172Z,0.7559,0.7603,100,100,58.0
2026-04-21 13:41:49.789Z,0.7553,0.7605,100,100,68.6
2026-04-21 13:41:50.550Z,0.7557,0.7601,100,100,58.1
2026-04-21 13:41:51.457Z,0.7558,0.7604,100,100,60.7
2026-04-21 13:41:52.585Z,0.7552,0.7610,100,100,76.5
2026-04-21 13:41:53.586Z,0.7558,0.7600,100,100,55.4
2026-04-21 13:41:54.757Z,0.7555,0.7601,100,100,60.7
2026-04-21 13:41:55.068Z,0.7551,0.7607,100,100,73.9
2026-04-21 13:41:56.523Z,0.7557,0.7601,100,100,58.1
2026-04-21 13:41:57.468Z,0.7560,0.7602,100,100,55.4
2026-04-21 13:41:58.690Z,0.7550,0.7608,100,100,76.5
2026-04-21 13:41:59.649Z,0.7550,0.7610,100,100,79.2
2026-04-21 13:42:00.560Z,0.7551,0.7607,100,100,73.9
2026-04-21 13:42:01.399Z,0.7550,0.7608,100,100,76.5
2026-04-21 13:42:02.027Z,0.7551,0.7605,100,100,71.3
2026-04-21 13:42:03.733Z,0.7549,0.7609,100,100,79.2
2026-04-21 13:42:04.279Z,0.7555,0.7599,100,100,58.1
2026-04-21 13:42:05.553Z,0.7555,0.7605,100,100,66.0
2026-04-21 13:42:06.001Z,0.7558,0.7600,100,123,55.4
2026-04-21 13:42:07.484Z,0.7556,0.7604,100,100,63.3
2026-04-21 13:42:08.189Z,0.7553,0.7605,100,100,68.6
2026-04-21 13:42:09.889Z,0.7558,0.7602,100,100,58.0
2026-04-21 13:42:10.551Z,0.7557,0.7601,100,100,58.1
2026-04-21 13:42:11.169Z,0.7554,0.7604,137,100,66.0
2026-04-21 13:42:12.400Z,0.7550,0.7604,100,106,71.3
2026-04-21 13:42:13.101Z,0.7548,0.7606,102,100,76.5
2026-04-21 13:42:14.299Z,0.7559,0.7601,100,100,55.4
2026-04-21 13:42:15.494Z,0.7549,0.7609,100,100,79.2
2026-04-21 13:42:16.560Z,0.7552,0.7606,100,116,71.2
2026-04-21 13:42:17.757Z,0.7556,0.7602,133,100,60.7
2026-04-21 13:42:18.228Z,0.7552,0.7606,100,100,71.2
2026-04-21 13:42:19.153Z,0.7556,0.7600,100,100,58.1
2026-04-21 13:42:20.291Z,0.7555,0.7607,100,100,68.6
2026-04-21 13:42:21.073Z,0.7557,0.7601,100,100,58.1
2026-04-21 13:42:22.569Z,0.7557,0.7605,100,100,63.3
2026-04-21 13:42:23.670Z,0.7557,0.7601,100,100,58.1
2026-04-21 13:42:24.520Z,0.7557,0.7605,100,100,63.3
2026-04-21 13:42:25.789Z,0.7560,0.7604,100,100,58.0
2026-04-21 13:42:26.702Z,0.7559,0.7607,100,100,63.3
2026-04-21 13:42:27.639Z,0.7557,0.7609,100,100,68.6
2026-04-21 13:42:28.469Z,0.7563,0.7603,100,100,52.7
2026-04-21 13:42:29.569Z,0.7562,0.7608,100,100,60.6
2026-04-21 13:42:30.432Z,0.7563,0.7607,100,100,58.0
2026-04-21 13:42:31.789Z,0.7563,0.7607,100,100,58.0
2026-04-21 13:42:32.700Z,0.7559,0.7615,100,100,73.8
2026-04-21 13:42:33.001Z,0.7558,0.7612,100,100,71.2
2026-04-21 13:42:34.671Z,0.7560,0.7612,100,100,68.5
2026-04-21 13:42:35.085Z,0.7564,0.7608,100,100,58.0
2026-04-21 13:42:36.175Z,0.7564,0.7610,100,100,60.6
2026-04-21 13:42:37.581Z,0.7560,0.7616,100,100,73.8
2026-04-21 13:42:38.530Z,0.7568,0.7610,100,100,55.3
2026-04-21 13:42:39.874Z,0.7568,0.7612,200,100,58.0
2026-04-21 13:42:40.019Z,0.7562,0.7612,101,183,65.9
2026-04-21 13:42:41.585Z,0.7561,0.7613,100,100,68.5
2026-04-21 13:42:42.813Z,0.7563,0.7611,100,100,63.3
2026-04-21 13:42:43.026Z,0.7560,0.7618,100,100,76.4
2026-04-21 13:42:44.245Z,0.7560,0.7610,100,100,65.9
2026-04-21 13:42:45.381Z,0.7559,0.7611,100,100,68.6
2026-04-21 13:42:46.415Z,0.7566,0.7610,108,100,58.0
2026-04-21 13:42:47.529Z,0.7563,0.7607,100,100,58.0
2026-04-21 13:42:48.019Z,0.7564,0.7610,100,100,60.6
2026-04-21 13:42:49.184Z,0.7564,0.7612,100,100,63.3
2026-04-21 13:42:50.420Z,0.7562,0.7612,100,100,65.9
2026-04-21 13:42:51.336Z,0.7561,0.7609,100,100,63.3
2026-04-21 13:42:52.829Z,0.7566,0.7608,100,100,55.4
2026-04-21 13:42:53.136Z,0.7562,0.7608,100,100,60.6
2026-04-21 13:42:54.594Z,0.7566,0.7610,101,100,58.0
2026-04-21 13:42:55.632Z,0.7561,0.7611,100,100,65.9
2026-04-21 13:42:56.856Z,0.7558,0.7612,100,110,71.2
2026-04-21 13:42:57.168Z,0.7562,0.7606,100,100,58.0
2026-04-21 13:42:58.536Z,0.7560,0.7616,100,100,73.8
2026-04-21 13:42:59.110Z,0.7563,0.7609,100,100,60.6
2026-04-21 13:43:00.462Z,0.7560,0.7612,100,100,68.5
2026-04-21 13:43:01.776Z,0.7557,0.7613,100,100,73.8
2026-04-21 13:43:02.871Z,0.7559,0.7613,100,100,71.2
2026-04-21 13:43:03.592Z,0.7555,0.7615,100,100,79.1
2026-04-21 13:43:04.413Z,0.7564,0.7608,100,100,58.0
2026-04-21 13:43:05.869Z,0.7566,0.7606,100,100,52.7
2026-04-21 13:43:06.844Z,0.7560,0.7614,100,100,71.2
2026-04-21 13:43:07.028Z,0.7563,0.7605,100,100,55.4
2026-04-21 13:43:08.734Z,0.7559,0.7609,100,100,65.9
2026-04-21 13:43:09.668Z,0.7560,0.7610,100,100,65.9
2026-04-21 13:43:10.331Z,0.7559,0.7611,100,100,68.6
2026-04-21 13:43:11.237Z,0.7564,0.7606,100,100,55.4
2026-04-21 13:43:12.459Z,0.7557,0.7611,100,100,71.2
2026-04-21 13:43:13.596Z,0.7562,0.7610,100,100,63.3
2026-04-21 13:43:14.199Z,0.7559,0.7615,100,100,73.8
2026-04-21 13:43:15.154Z,0.7560,0.7608,100,100,63.3
2026-04-21 13:43:16.874Z,0.7562,0.7612,100,100,65.9
2026-04-21 13:43:17.152Z,0.7565,0.7607,100,100,55.4
2026-04-21 13:43:18.058Z,0.7562,0.7608,100,100,60.6
2026-04-21 13:43:19.092Z,0.7558,0.7612,100,100,71.2
2026-04-21 13:43:20.633Z,0.7558,0.7612,100,100,71.2
2026-04-21 13:43:21.619Z,0.7556,0.7614,100,100,76.5
2026-04-21 13:43:22.285Z,0.7557,0.7611,100,100,71.2
2026-04-21 13:43:23.151Z,0.7563,0.7613,100,100,65.9
2026-04-21 13:43:24.411Z,0.7557,0.7615,100,100,76.5
2026-04-21 13:43:25.104Z,0.7559,0.7611,100,100,68.6
2026-04-21 13:43:26.010Z,0.7563,0.7607,100,100,58.0
2026-04-21 13:43:27.787Z,0.7564,0.7606,100,100,55.4
2026-04-21 13:43:28.018Z,0.7559,0.7611,100,100,68.6
2026-04-21 13:43:29.696Z,0.7559,0.7611,100,100,68.6
2026-04-21 13:43:30.396Z,0.7565,0.7609,100,100,58.0
2026-04-21 13:43:31.642Z,0.7558,0.7616,100,100,76.4
2026-04-21 13:43:32.213Z,0.7564,0.7608,100,100,58.0
2026-04-21 13:43:33.776Z,0.7556,0.7614,100,100,76.5
2026-04-21 13:43:34.241Z,0.7561,0.7611,100,100,65.9
2026-04-21 13:43:35.472Z,0.7564,0.7606,100,100,55.4
2026-04-21 13:43:36.695Z,0.7561,0.7615,100,100,71.2
2026-04-21 13:43:37.458Z,0.7555,0.7615,100,100,79.1
2026-04-21 13:43:38.183Z,0.7557,0.7615,100,100,76.5
2026-04-21 13:43:39.406Z,0.7560,0.7614,100,100,71.2
2026-04-21 13:43:40.408Z,0.7563,0.7611,100,100,63.3
2026-04-21 13:43:41.677Z,0.7561,0.7615,100,100,71.2
2026-04-21 13:43:42.248Z,0.7554,0.7616,100,100,81.7
2026-04-21 13:43:43.387Z,0.7559,0.7613,100,100,71.2
2026-04-21 13:43:44.295Z,0.7556,0.7616,100,100,79.1
2026-04-21 13:43:45.279Z,0.7560,0.7614,100,100,71.2
2026-04-21 13:43:46.412Z,0.7564,0.7610,100,100,60.6
2026-04-21 13:43:47.730Z,0.7563,0.7607,100,100,58.0
2026-04-21 13:43:48.239Z,0.7557,0.7611,100,100,71.2
2026-04-21 13:43:49.692Z,0.7563,0.7605,100,100,55.4
2026-04-21 13:43:50.483Z,0.7563,0.7613,100,100,65.9
2026-04-21 13:43:51.804Z,0.7564,0.7610,100,100,60.6
2026-04-21 13:43:52.034Z,0.7561,0.7609,100,100,63.3
2026-04-21 13:43:53.206Z,0.7567,0.7607,100,100,52.7
2026-04-21 13:43:54.532Z,0.7561,0.7613,100,100,68.5
2026-04-21 13:43:55.880Z,0.7558,0.7618,100,100,79.1
2026-04-21 13:43:56.705Z,0.7565,0.7607,100,100,55.4
2026-04-21 13:43:57.832Z,0.7555,0.7613,100,100,76.5
2026-04-21 13:43:58.084Z,0.7558,0.7616,100,100,76.4
2026-04-21 13:43:59.136Z,0.7560,0.7612,100,100,68.5
2026-04-21 13:45:00.628Z,0.7565,0.7611,100,100,60.6
2026-04-21 13:45:01.590Z,0.7564,0.7614,100,100,65.9
2026-04-21 13:45:02.530Z,0.7559,0.7619,100,100,79.1
2026-04-21 13:45:03.567Z,0.7569,0.7611,100,100,55.3
2026-04-21 13:45:04.161Z,0.7569,0.7609,100,100,52.7
2026-04-21 13:45:05.403Z,0.7567,0.7611,100,100,58.0
2026-04-21 13:45:06.045Z,0.7566,0.7612,100,100,60.6
2026-04-21 13:45:07.581Z,0.7569,0.7609,100,100,52.7
2026-04-21 13:45:08.223Z,0.7562,0.7618,100,100,73.8
2026-04-21 13:45:09.447Z,0.7557,0.7617,100,100,79.1
2026-04-21 13:45:10.437Z,0.7564,0.7610,100,100,60.6
2026-04-21 13:45:11.735Z,0.7567,0.7607,100,100,52.7
2026-04-21 13:45:12.031Z,0.7565,0.7613,100,100,63.2
2026-04-21 13:45:13.593Z,0.7566,0.7612,100,100,60.6
2026-04-21 13:45:14.269Z,0.7566,0.7612,100,100,60.6
2026-04-21 13:45:15.257Z,0.7566,0.7610,100,100,58.0
2026-04-21 13:45:16.501Z,0.7567,0.7611,100,100,58.0
2026-04-21 13:45:17.804Z,0.7561,0.7615,100,100,71.2
2026-04-21 13:45:18.438Z,0.7558,0.7616,100,100,76.4
2026-04-21 13:45:19.269Z,0.7558,0.7618,100,100,79.1
2026-04-21 13:45:20.119Z,0.7565,0.7611,100,100,60.6
2026-04-21 13:45:21.574Z,0.7558,0.7616,100,100,76.4
2026-04-21 13:45:22.491Z,0.7565,0.7609,100,100,58.0
2026-04-21 13:45:23.168Z,0.7565,0.7611,100,100,60.6
2026-04-21 13:45:24.059Z,0.7563,0.7609,100,100,60.6
2026-04-21 13:45:25.647Z,0.7564,0.7610,100,100,60.6
2026-04-21 13:45:26.854Z,0.7559,0.7615,100,100,73.8
2026-04-21 13:45:27.522Z,0.7564,0.7614,100,100,65.9
2026-04-21 13:45:28.827Z,0.7564,0.7616,100,100,68.5
2026-04-21 13:45:29.729Z,0.7559,0.7615,100,100,73.8
2026-04-21 13:45:30.469Z,0.7564,0.7612,100,100,63.3
2026-04-21 13:45:31.681Z,0.7566,0.7608,100,100,55.4
2026-04-21 13:45:32.766Z,0.7560,0.7620,100,100,79.1
2026-04-21 13:45:33.451Z,0.7562,0.7616,100,100,71.2
2026-04-21 13:45:34.101Z,0.7558,0.7616,100,100,76.4
2026-04-21 13:45:35.779Z,0.7567,0.7609,100,100,55.4
2026-04-21 13:45:36.648Z,0.7566,0.7610,100,100,58.0
2026-04-21 13:45:37.088Z,0.7565,0.7609,100,100,58.0
2026-04-21 13:45:38.204Z,0.7561,0.7613,100,100,68.5
2026-04-21 13:45:39.206Z,0.7559,0.7613,100,100,71.2
2026-04-21 13:45:40.824Z,0.7566,0.7610,100,100,58.0
2026-04-21 13:45:41.102Z,0.7566,0.7608,100,100,55.4
2026-04-21 13:45:42.824Z,0.7562,0.7618,100,100,73.8
2026-04-21 13:45:43.898Z,0.7567,0.7609,100,100,55.4
2026-04-21 13:45:44.420Z,0.7559,0.7617,100,100,76.4
2026-04-21 13:45:45.764Z,0.7565,0.7607,100,100,55.4
2026-04-21 13:45:46.053Z,0.7561,0.7617,100,100,73.8
2026-04-21 13:45:47.383Z,0.7567,0.7609,100,100,55.4
2026-04-21 13:45:48.287Z,0.7564,0.7612,100,100,63.3
2026-04-21 13:45:49.504Z,0.7563,0.7613,100,100,65.9
2026-04-21 13:45:50.486Z,0.7561,0.7611,100,100,65.9
2026-04-21 13:45:51.084Z,0.7560,0.7616,100,100,73.8
2026-04-21 13:45:52.119Z,0.7561,0.7613,100,100,68.5
2026-04-21 13:45:53.522Z,0.7564,0.7610,100,100,60.6
2026-04-21 13:45:54.825Z,0.7569,0.7611,100,100,55.3
2026-04-21 13:45:55.166Z,0.7566,0.7610,100,100,58.0
2026-04-21 13:45:56.518Z,0.7558,0.7618,100,100,79.1
2026-04-21 13:45:57.188Z,0.7563,0.7611,100,100,63.3
2026-04-21 13:45:58.204Z,0.7562,0.7616,100,100,71.2
2026-04-21 13:45:59.190Z,0.7559,0.7617,100,100,76.4
2026-04-21 13:46:00.594Z,0.7567,0.7611,100,100,58.0
2026-04-21 13:46:01.383Z,0.7566,0.7616,100,100,65.9
2026-04-21 13:46:02.608Z,0.7563,0.7615,100,100,68.5
2026-04-21 13:46:03.347Z,0.7561,0.7617,100,100,73.8
2026-04-21 13:46:04.388Z,0.7564,0.7614,100,100,65.9
2026-04-21 13:46:05.555Z,0.7561,0.7619,100,100,76.4
2026-04-21 13:46:06.585Z,0.7563,0.7617,100,100,71.1
2026-04-21 13:46:07.384Z,0.7565,0.7615,100,100,65.9
2026-04-21 13:46:08.257Z,0.7563,0.7615,100,100,68.5
2026-04-21 13:46:09.414Z,0.7558,0.7618,100,100,79.1
2026-04-21 13:46:10.615Z,0.7559,0.7619,100,100,79.1
2026-04-21 13:46:11.585Z,0.7559,0.7619,100,100,79.1
2026-04-21 13:46:12.164Z,0.7560,0.7618,100,100,76.4
2026-04-21 13:46:13.160Z,0.7561,0.7613,100,124,68.5
2026-04-21 13:46:14.126Z,0.7567,0.7607,100,100,52.7
2026-04-21 13:46:15.601Z,0.7563,0.7613,100,100,65.9
2026-04-21 13:46:16.655Z,0.7563,0.7609,100,100,60.6
2026-04-21 13:46:17.058Z,0.7565,0.7609,100,100,58.0
2026-04-21 13:46:18.363Z,0.7559,0.7619,100,100,79.1
2026-04-21 13:46:19.590Z,0.7563,0.7611,100,100,63.3
2026-04-21 13:46:20.046Z,0.7561,0.7619,100,100,76.4
2026-04-21 13:46:21.555Z,0.7561,0.7617,100,100,73.8
2026-04-21 13:46:22.818Z,0.7559,0.7617,100,100,76.4
2026-04-21 13:46:23.182Z,0.7567,0.7611,100,100,58.0
2026-04-21 13:46:24.390Z,0.7559,0.7619,100,100,79.1
2026-04-21 13:46:25.140Z,0.7565,0.7615,100,100,65.9
2026-04-21 13:46:26.017Z,0.7565,0.7613,100,100,63.2
2026-04-21 13:46:27.661Z,0.7563,0.7615,100,100,68.5
2026-04-21 13:46:28.673Z,0.7561,0.7619,100,100,76.4
2026-04-21 13:46:29.759Z,0.7562,0.7614,100,100,68.5
2026-04-21 13:46:30.202Z,0.7566,0.7612,100,100,60.6
2026-04-21 13:46:31.669Z,0.7564,0.7612,100,100,63.3
2026-04-21 13:46:32.519Z,0.7563,0.7613,100,100,65.9
2026-04-21 13:46:33.537Z,0.7564,0.7614,100,100,65.9
2026-04-21 13:46:34.771Z,0.7564,0.7614,100,100,65.9
2026-04-21 13:46:35.324Z,0.7561,0.7619,100,100,76.4
2026-04-21 13:46:36.763Z,0.7568,0.7610,100,100,55.3
2026-04-21 13:46:37.710Z,0.7564,0.7616,100,100,68.5
2026-04-21 13:46:38.269Z,0.7561,0.7617,100,100,73.8
2026-04-21 13:46:39.004Z,0.7563,0.7615,100,100,68.5
2026-04-21 13:46:40.013Z,0.7562,0.7618,100,100,73.8
2026-04-21 13:46:41.363Z,0.7566,0.7614,100,100,63.2
2026-04-21 13:46:42.693Z,0.7563,0.7615,100,100,68.5
2026-04-21 13:46:43.810Z,0.7564,0.7614,100,100,65.9
2026-04-21 13:46:44.388Z,0.7566,0.7612,100,100,60.6
2026-04-21 13:46:45.528Z,0.7565,0.7615,100,100,65.9
2026-04-21 13:46:46.748Z,0.7565,0.7611,100,100,60.6
2026-04-21 13:46:47.587Z,0.7564,0.7612,100,100,63.3
2026-04-21 13:46:48.329Z,0.7559,0.7615,100,100,73.8
2026-04-21 13:46:49.340Z,0.7561,0.7615,100,100,71.2
2026-04-21 13:46:50.106Z,0.7563,0.7617,100,100,71.1
2026-04-21 13:46:51.588Z,0.7563,0.7613,100,100,65.9
2026-04-21 13:46:52.637Z,0.7560,0.7620,100,100,79.1
2026-04-21 13:46:53.435Z,0.7567,0.7609,100,100,55.4
2026-04-21 13:46:54.875Z,0.7558,0.7616,100,100,76.4
2026-04-21 13:46:55.130Z,0.7566,0.7608,100,100,55.4
2026-04-21 13:46:56.535Z,0.7564,0.7616,100,100,68.5
2026-04-21 13:46:57.274Z,0.7563,0.7617,100,100,71.1
2026-04-21 13:46:58.825Z,0.7564,0.7616,100,100,68.5
2026-04-21 13:46:59.668Z,0.7561,0.7617,100,100,73.8
2026-04-21 13:47:00.747Z,0.7562,0.7616,100,100,71.2
2026-04-21 13:47:01.727Z,0.7563,0.7613,100,100,65.9
2026-04-21 13:47:02.574Z,0.7567,0.7613,100,100,60.6
2026-04-21 13:47:03.583Z,0.7568,0.7612,100,100,58.0
2026-04-21 13:47:04.194Z,0.7562,0.7618,100,100,73.8
2026-04-21 13:47:05.319Z,0.7566,0.7612,100,100,60.6
2026-04-21 13:47:06.278Z,0.7561,0.7619,100,100,76.4
2026-04-21 13:47:07.368Z,0.7562,0.7618,100,100,73.8
2026-04-21 13:47:08.029Z,0.7564,0.7616,100,100,68.5
2026-04-21 13:47:09.407Z,0.7566,0.7608,100,100,55.4
2026-04-21 13:47:10.662Z,0.7560,0.7620,100,100,79.1
2026-04-21 13:47:11.248Z,0.7568,0.7610,100,100,55.3
2026-04-21 13:47:12.038Z,0.7563,0.7615,100,100,68.5
2026-04-21 13:47:13.012Z,0.7563,0.7619,100,100,73.8
2026-04-21 13:47:14.342Z,0.7567,0.7611,100,100,58.0
2026-04-21 13:47:15.745Z,0.7568,0.7610,100,100,55.3
2026-04-21 13:47:16.414Z,0.7565,0.7611,100,100,60.6
2026-04-21 13:47:17.824Z,0.7564,0.7612,100,100,63.3
2026-04-21 13:47:18.494Z,0.7563,0.7619,100,100,73.8
2026-04-21 13:47:19.868Z,0.7566,0.7612,100,100,60.6
2026-04-21 13:47:20.322Z,0.7559,0.7617,100,100,76.4
2026-04-21 13:47:21.185Z,0.7558,0.7616,100,100,76.4
2026-04-21 13:47:22.075Z,0.7558,0.7620,100,100,81.7
2026-04-21 13:47:23.522Z,0.7563,0.7613,100,100,65.9
2026-04-21 13:47:24.692Z,0.7563,0.7619,100,100,73.8
2026-04-21 13:47:25.221Z,0.7563,0.7619,100,100,73.8
2026-04-21 13:47:26.015Z,0.7565,0.7615,100,100,65.9
2026-04-21 13:47:27.158Z,0.7562,0.7616,100,100,71.2
2026-04-21 13:47:28.655Z,0.7560,0.7620,100,100,79.1
2026-04-21 13:47:29.782Z,0.7565,0.7611,100,100,60.6
2026-04-21 13:47:30.320Z,0.7566,0.7608,100,100,55.4
2026-04-21 13:47:31.553Z,0.7563,0.7615,100,100,68.5
2026-04-21 13:47:32.525Z,0.7557,0.7617,100,100,79.1
2026-04-21 13:47:33.830Z,0.7562,0.7620,100,100,76.4
2026-04-21 13:47:34.446Z,0.7566,0.7614,100,100,63.2
2026-04-21 13:47:35.830Z,0.7565,0.7613,100,100,63.2
2026-04-21 13:47:36.350Z,0.7569,0.7611,100,100,55.3
2026-04-21 13:47:37.401Z,0.7562,0.7618,100,100,73.8
2026-04-21 13:47:38.599Z,0.7561,0.7615,100,100,71.2
2026-04-21 13:47:39.172Z,0.7566,0.7616,100,100,65.9
2026-04-21 13:47:40.670Z,0.7563,0.7615,100,100,68.5
2026-04-21 13:47:41.200Z,0.7569,0.7609,100,100,52.7
2026-04-21 13:47:42.071Z,0.7565,0.7615,100,100,65.9
2026-04-21 13:47:43.050Z,0.7558,0.7616,100,100,76.4
2026-04-21 13:47:44.675Z,0.7565,0.7613,100,100,63.2
2026-04-21 13:47:45.772Z,0.7567,0.7615,100,100,63.2
2026-04-21 13:47:46.220Z,0.7565,0.7613,100,100,63.2
2026-04-21 13:47:47.395Z,0.7565,0.7611,100,100,60.6
2026-04-21 13:47:48.196Z,0.7559,0.7615,100,100,73.8
2026-04-21 13:47:49.730Z,0.7561,0.7615,100,100,71.2
2026-04-21 13:47:50.472Z,0.7563,0.7613,100,100,65.9
2026-04-21 13:47:51.156Z,0.7560,0.7616,100,100,73.8
2026-04-21 13:47:52.203Z,0.7568,0.7612,100,100,58.0
2026-04-21 13:47:53.799Z,0.7561,0.7615,100,100,71.2
2026-04-21 13:47:54.344Z,0.7567,0.7613,100,100,60.6
2026-04-21 13:47:55.604Z,0.7564,0.7614,100,100,65.9
2026-04-21 13:47:56.004Z,0.7560,0.7618,100,100,76.4
2026-04-21 13:47:57.692Z,0.7565,0.7615,100,100,65.9
2026-04-21 13:47:58.401Z,0.7568,0.7610,100,100,55.3
2026-04-21 13:47:59.777Z,0.7567,0.7611,100,100,58.0
2026-04-21 13:49:00.335Z,0.7564,0.7608,100,100,58.0
2026-04-21 13:49:01.106Z,0.7557,0.7615,100,100,76.5
2026-04-21 13:49:02.106Z,0.7557,0.7617,100,100,79.1
2026-04-21 13:49:03.251Z,0.7559,0.7617,100,100,76.4
2026-04-21 13:49:04.648Z,0.7557,0.7617,100,100,79.1
2026-04-21 13:49:05.706Z,0.7557,0.7615,100,100,76.5
2026-04-21 13:49:06.053Z,0.7559,0.7609,100,100,65.9
2026-04-21 13:49:07.564Z,0.7558,0.7618,100,100,79.1
2026-04-21 13:49:08.364Z,0.7564,0.7612,100,100,63.3
2026-04-21 13:49:09.479Z,0.7564,0.7610,100,100,60.6
2026-04-21 13:49:10.113Z,0.7566,0.7610,100,100,58.0
2026-04-21 13:49:11.047Z,0.7564,0.7608,100,100,58.0
2026-04-21 13:49:12.889Z,0.7565,0.7607,100,100,55.4
2026-04-21 13:49:13.705Z,0.7555,0.7615,100,100,79.1
2026-04-21 13:49:14.386Z,0.7561,0.7609,100,100,63.3
2026-04-21 13:49:15.451Z,0.7558,0.7616,100,100,76.4
2026-04-21 13:49:16.424Z,0.7559,0.7609,100,100,65.9
2026-04-21 13:49:17.874Z,0.7561,0.7613,100,100,68.5
2026-04-21 13:49:18.453Z,0.7564,0.7612,100,100,63.3
2026-04-21 13:49:19.403Z,0.7559,0.7615,100,100,73.8
2026-04-21 13:49:20.213Z,0.7566,0.7610,100,100,58.0
2026-04-21 13:49:21.124Z,0.7562,0.7612,100,100,65.9
2026-04-21 13:49:22.877Z,0.7564,0.7606,100,100,55.4
2026-04-21 13:49:23.195Z,0.7561,0.7611,100,100,65.9
2026-04-21 13:49:24.376Z,0.7562,0.7610,100,100,63.3
2026-04-21 13:49:25.025Z,0.7563,0.7607,100,100,58.0
2026-04-21 13:49:26.554Z,0.7561,0.7611,100,100,65.9
2026-04-21 13:49:27.089Z,0.7561,0.7611,100,100,65.9
2026-04-21 13:49:28.324Z,0.7562,0.7606,100,100,58.0
2026-04-21 13:49:29.210Z,0.7557,0.7619,100,100,81.7
2026-04-21 13:49:30.679Z,0.7561,0.7613,100,100,68.5
2026-04-21 13:49:31.290Z,0.7557,0.7611,100,100,71.2
2026-04-21 13:49:32.553Z,0.7557,0.7615,100,100,76.5
2026-04-21 13:49:33.762Z,0.7566,0.7610,100,100,58.0
2026-04-21 13:49:34.464Z,0.7562,0.7608,100,100,60.6
2026-04-21 13:49:35.219Z,0.7562,0.7612,100,100,65.9
2026-04-21 13:49:36.037Z,0.7559,0.7613,100,100,71.2
2026-04-21 13:49:37.298Z,0.7565,0.7611,100,100,60.6
2026-04-21 13:49:38.731Z,0.7559,0.7617,100,100,76.4
2026-04-21 13:49:39.148Z,0.7556,0.7614,100,100,76.5
2026-04-21 13:49:40.025Z,0.7562,0.7610,100,100,63.3
2026-04-21 13:49:41.105Z,0.7567,0.7607,100,100,52.7
2026-04-21 13:49:42.191Z,0.7560,0.7610,100,100,65.9
2026-04-21 13:49:43.700Z,0.7562,0.7612,100,100,65.9
2026-04-21 13:49:44.184Z,0.7562,0.7608,100,100,60.6
2026-04-21 13:49:45.720Z,0.7566,0.7608,100,100,55.4
2026-04-21 13:49:46.116Z,0.7561,0.7613,100,100,68.5
2026-04-21 13:49:47.321Z,0.7560,0.7610,100,100,65.9
2026-04-21 13:49:48.549Z,0.7561,0.7611,100,100,65.9
2026-04-21 13:49:49.367Z,0.7564,0.7608,100,100,58.0
2026-04-21 13:49:50.517Z,0.7560,0.7610,100,100,65.9
2026-04-21 13:49:51.096Z,0.7566,0.7606,100,100,52.7
2026-04-21 13:49:52.825Z,0.7563,0.7611,100,100,63.3
2026-04-21 13:49:53.536Z,0.7563,0.7609,100,100,60.6
2026-04-21 13:49:54.112Z,0.7566,0.7608,100,100,55.4
2026-04-21 13:49:55.570Z,0.7557,0.7613,100,100,73.8
2026-04-21 13:49:56.550Z,0.7566,0.7608,100,100,55.4
2026-04-21 13:49:57.650Z,0.7559,0.7611,100,100,68.6
2026-04-21 13:49:58.103Z,0.7556,0.7614,100,100,76.5
2026-04-21 13:49:59.864Z,0.7562,0.7610,100,100,63.3
2026-04-21 13:50:00.428Z,0.7534,0.7584,100,100,66.1
2026-04-21 13:50:01.138Z,0.7531,0.7585,100,100,71.4
2026-04-21 13:50:02.646Z,0.7530,0.7590,100,100,79.4
2026-04-21 13:50:03.065Z,0.7537,0.7581,100,100,58.2
2026-04-21 13:50:04.592Z,0.7535,0.7583,100,100,63.5
2026-04-21 13:50:05.731Z,0.7536,0.7586,100,100,66.1
2026-04-21 13:50:06.126Z,0.7539,0.7581,100,100,55.6
2026-04-21 13:50:07.185Z,0.7532,0.7584,100,100,68.8
2026-04-21 13:50:08.358Z,0.7535,0.7581,100,100,60.9
2026-04-21 13:50:09.303Z,0.7538,0.7580,100,100,55.6
2026-04-21 13:50:10.018Z,0.7533,0.7581,100,100,63.5
2026-04-21 13:50:11.637Z,0.7535,0.7581,100,100,60.9
2026-04-21 13:50:12.889Z,0.7535,0.7587,100,100,68.8
2026-04-21 13:50:13.056Z,0.7534,0.7588,100,100,71.4
2026-04-21 13:50:14.085Z,0.7532,0.7584,100,100,68.8
2026-04-21 13:50:15.317Z,0.7533,0.7589,100,100,74.1
2026-04-21 13:50:16.295Z,0.7531,0.7589,100,100,76.7
2026-04-21 13:50:17.360Z,0.7535,0.7583,100,100,63.5
2026-04-21 13:50:18.480Z,0.7533,0.7585,100,100,68.8
2026-04-21 13:50:19.489Z,0.7530,0.7586,100,100,74.1
2026-04-21 13:50:20.415Z,0.7534,0.7586,100,100,68.8
2026-04-21 13:50:21.495Z,0.7531,0.7587,100,100,74.1
2026-04-21 13:50:22.631Z,0.7533,0.7585,100,100,68.8
2026-04-21 13:50:23.280Z,0.7530,0.7584,100,100,71.5
2026-04-21 13:50:24.220Z,0.7536,0.7580,100,100,58.2
2026-04-21 13:50:25.304Z,0.7529,0.7585,100,100,74.1
2026-04-21 13:50:26.136Z,0.7527,0.7587,100,100,79.4
2026-04-21 13:50:27.351Z,0.7534,0.7584,100,100,66.1
2026-04-21 13:50:28.882Z,0.7534,0.7580,100,100,60.9
2026-04-21 13:50:29.021Z,0.7534,0.7580,100,100,60.9
2026-04-21 13:50:30.634Z,0.7534,0.7584,100,100,66.1
2026-04-21 13:50:31.822Z,0.7537,0.7585,100,100,63.5
2026-04-21 13:50:32.078Z,0.7528,0.7586,100,100,76.8
2026-04-21 13:50:33.412Z,0.7534,0.7582,100,100,63.5
2026-04-21 13:50:34.182Z,0.7537,0.7579,100,100,55.6
2026-04-21 13:50:35.089Z,0.7535,0.7585,100,100,66.1
2026-04-21 13:50:36.707Z,0.7538,0.7580,100,100,55.6
2026-04-21 13:50:37.014Z,0.7529,0.7585,100,100,74.1
2026-04-21 13:50:38.129Z,0.7538,0.7582,100,100,58.2
2026-04-21 13:50:39.326Z,0.7527,0.7587,100,100,79.4
2026-04-21 13:50:40.197Z,0.7533,0.7589,100,100,74.1
2026-04-21 13:50:41.443Z,0.7539,0.7581,100,100,55.6
2026-04-21 13:50:42.395Z,0.7536,0.7584,100,100,63.5
2026-04-21 13:50:43.142Z,0.7528,0.7586,100,100,76.8
2026-04-21 13:50:44.605Z,0.7537,0.7579,100,100,55.6
2026-04-21 13:50:45.782Z,0.7536,0.7580,100,100,58.2
2026-04-21 13:50:46.238Z,0.7537,0.7577,100,100,52.9
2026-04-21 13:50:47.804Z,0.7532,0.7590,100,100,76.7
2026-04-21 13:50:48.098Z,0.7533,0.7587,100,100,71.4
2026-04-21 13:50:49.189Z,0.7527,0.7589,100,100,82.0
2026-04-21 13:50:50.455Z,0.7532,0.7590,100,100,76.7
2026-04-21 13:50:51.561Z,0.7536,0.7580,100,100,58.2
2026-04-21 13:50:52.386Z,0.7538,0.7582,100,100,58.2
2026-04-21 13:50:53.820Z,0.7540,0.7582,100,100,55.5
2026-04-21 13:50:54.723Z,0.7530,0.7586,100,100,74.1
2026-04-21 13:50:55.530Z,0.7535,0.7581,100,100,60.9
2026-04-21 13:50:56.711Z,0.7534,0.7582,100,100,63.5
2026-04-21 13:50:57.175Z,0.7532,0.7584,100,100,68.8
2026-04-21 13:50:58.288Z,0.7530,0.7588,100,100,76.7
2026-04-21 13:50:59.015Z,0.7530,0.7588,100,100,76.7
2026-04-21 13:51:00.832Z,0.7537,0.7581,100,100,58.2
2026-04-21 13:51:01.898Z,0.7538,0.7580,100,100,55.6
2026-04-21 13:51:02.400Z,0.7532,0.7586,100,100,71.4
2026-04-21 13:51:03.649Z,0.7535,0.7585,100,100,66.1
2026-04-21 13:51:04.603Z,0.7531,0.7589,100,100,76.7
2026-04-21 13:51:05.547Z,0.7537,0.7579,100,100,55.6
2026-04-21 13:51:06.140Z,0.7535,0.7581,100,100,60.9
2026-04-21 13:51:07.575Z,0.7533,0.7589,100,100,74.1
2026-04-21 13:51:08.655Z,0.7529,0.7585,100,100,74.1
2026-04-21 13:51:09.666Z,0.7529,0.7587,100,100,76.7
2026-04-21 13:51:10.733Z,0.7532,0.7590,100,100,76.7
2026-04-21 13:51:11.362Z,0.7529,0.7589,100,100,79.4
2026-04-21 13:51:12.385Z,0.7534,0.7584,100,100,66.1
2026-04-21 13:51:13.185Z,0.7528,0.7586,100,100,76.8
2026-04-21 13:51:14.191Z,0.7531,0.7587,100,100,74.1
2026-04-21 13:51:15.419Z,0.7534,0.7584,100,100,66.1
2026-04-21 13:51:16.546Z,0.7538,0.7582,100,100,58.2
2026-04-21 13:51:17.113Z,0.7529,0.7585,100,100,74.1
2026-04-21 13:51:18.108Z,0.7530,0.7588,100,100,76.7
2026-04-21 13:51:19.361Z,0.7535,0.7583,100,100,63.5
2026-04-21 13:51:20.879Z,0.7540,0.7580,100,100,52.9
2026-04-21 13:51:21.152Z,0.7530,0.7588,100,100,76.7
2026-04-21 13:51:22.525Z,0.7539,0.7581,100,100,55.6
2026-04-21 13:51:23.292Z,0.7532,0.7586,100,100,71.4
2026-04-21 13:51:24.809Z,0.7535,0.7585,100,100,66.1
2026-04-21 13:51:25.562Z,0.7539,0.7579,100,100,52.9
2026-04-21 13:51:26.339Z,0.7532,0.7590,100,100,76.7
2026-04-21 13:51:27.117Z,0.7532,0.7582,100,100,66.2
2026-04-21 13:51:28.777Z,0.7530,0.7590,100,100,79.4
2026-04-21 13:51:29.378Z,0.7540,0.7580,100,100,52.9
2026-04-21 13:51:30.358Z,0.7536,0.7578,100,100,55.6
2026-04-21 13:51:31.373Z,0.7534,0.7584,100,100,66.1
2026-04-21 13:51:32.439Z,0.7536,0.7582,100,100,60.9
2026-04-21 13:51:33.372Z,0.7534,0.7584,100,100,66.1
2026-04-21 13:51:34.824Z,0.7539,0.7581,100,100,55.6
2026-04-21 13:51:35.595Z,0.7540,0.7582,100,100,55.5
2026-04-21 13:51:36.300Z,0.7539,0.7581,100,100,55.6
2026-04-21 13:51:37.816Z,0.7527,0.7589,100,100,82.0
2026-04-21 13:51:38.466Z,0.7534,0.7580,100,100,60.9
2026-04-21 13:51:39.293Z,0.7538,0.7584,100,100,60.8
2026-04-21 13:51:40.495Z,0.7539,0.7581,100,100,55.6
2026-04-21 13:51:41.679Z,0.7534,0.7586,100,100,68.8
2026-04-21 13:51:42.857Z,0.7528,0.7586,100,100,76.8
2026-04-21 13:51:43.159Z,0.7533,0.7585,100,100,68.8
2026-04-21 13:51:44.101Z,0.7538,0.7582,100,100,58.2
2026-04-21 13:51:45.325Z,0.7535,0.7585,100,100,66.1
2026-04-21 13:51:46.650Z,0.7538,0.7580,100,100,55.6
2026-04-21 13:51:47.675Z,0.7533,0.7589,100,100,74.1
2026-04-21 13:51:48.026Z,0.7538,0.7582,100,100,58.2
2026-04-21 13:51:49.588Z,0.7529,0.7587,100,100,76.7
2026-04-21 13:51:50.881Z,0.7538,0.7584,100,100,60.8
2026-04-21 13:51:51.753Z,0.7534,0.7582,100,100,63.5
2026-04-21 13:51:52.509Z,0.7531,0.7591,100,100,79.4
2026-04-21 13:51:53.370Z,0.7529,0.7585,100,100,74.1
2026-04-21 13:51:54.600Z,0.7534,0.7580,100,100,60.9
2026-04-21 13:51:55.748Z,0.7531,0.7589,100,100,76.7
2026-04-21 13:51:56.325Z,0.7537,0.7579,100,100,55.6
2026-04-21 13:51:57.065Z,0.7531,0.7585,100,100,71.4
2026-04-21 13:51:58.246Z,0.7539,0.7581,100,100,55.6
2026-04-21 13:51:59.089Z,0.7529,0.7589,100,100,79.4
2026-04-21 13:53:00.785Z,0.7555,0.7601,100,100,60.7
2026-04-21 13:53:01.518Z,0.7548,0.7604,100,100,73.9
2026-04-21 13:53:02.721Z,0.7554,0.7596,100,100,55.4
2026-04-21 13:53:03.654Z,0.7545,0.7603,100,100,76.6
2026-04-21 13:53:04.138Z,0.7551,0.7595,100,100,58.1
2026-04-21 13:53:05.896Z,0.7544,0.7598,100,100,71.3
2026-04-21 13:53:06.846Z,0.7539,0.7597,100,100,76.6
2026-04-21 13:53:07.363Z,0.7536,0.7596,100,100,79.3
2026-04-21 13:53:08.843Z,0.7540,0.7584,100,100,58.2
2026-04-21 13:53:09.044Z,0.7539,0.7587,100,100,63.5
2026-04-21 13:53:10.112Z,0.7539,0.7583,100,100,58.2
2026-04-21 13:53:11.024Z,0.7535,0.7583,100,100,63.5
2026-04-21 13:53:12.319Z,0.7535,0.7585,116,100,66.1
2026-04-21 13:53:13.234Z,0.7530,0.7586,100,133,74.1
2026-04-21 13:53:14.720Z,0.7530,0.7590,100,100,79.4
2026-04-21 13:53:15.503Z,0.7533,0.7593,100,100,79.3
2026-04-21 13:53:16.528Z,0.7542,0.7584,100,100,55.5
2026-04-21 13:53:17.456Z,0.7544,0.7588,100,100,58.2
2026-04-21 13:53:18.895Z,0.7540,0.7592,100,100,68.7
2026-04-21 13:53:19.292Z,0.7543,0.7585,100,100,55.5
2026-04-21 13:53:20.748Z,0.7540,0.7592,100,100,68.7
2026-04-21 13:53:21.266Z,0.7538,0.7594,100,100,74.0
2026-04-21 13:53:22.455Z,0.7544,0.7586,100,100,55.5
2026-04-21 13:53:23.369Z,0.7544,0.7592,100,100,63.4
2026-04-21 13:53:24.404Z,0.7541,0.7593,100,100,68.7
2026-04-21 13:53:25.177Z,0.7542,0.7596,100,100,71.3
2026-04-21 13:53:26.876Z,0.7549,0.7589,100,100,52.8
2026-04-21 13:53:27.311Z,0.7543,0.7599,100,100,74.0
2026-04-21 13:53:28.878Z,0.7542,0.7602,100,100,79.2
2026-04-21 13:53:29.328Z,0.7552,0.7594,100,100,55.5
2026-04-21 13:53:30.599Z,0.7546,0.7600,100,100,71.3
2026-04-21 13:53:31.714Z,0.7549,0.7603,100,100,71.3
2026-04-21 13:53:32.679Z,0.7550,0.7598,100,100,63.4
2026-04-21 13:53:33.147Z,0.7550,0.7600,100,100,66.0
2026-04-21 13:53:34.354Z,0.7549,0.7603,100,100,71.3
2026-04-21 13:53:35.850Z,0.7552,0.7602,100,100,66.0
2026-04-21 13:53:36.455Z,0.7553,0.7601,100,100,63.3
2026-04-21 13:53:37.536Z,0.7552,0.7606,114,100,71.2
2026-04-21 13:53:38.650Z,0.7553,0.7605,112,105,68.6
2026-04-21 13:53:39.365Z,0.7552,0.7602,100,100,66.0
2026-04-21 13:53:40.457Z,0.7554,0.7602,100,100,63.3
2026-04-21 13:53:41.672Z,0.7553,0.7605,100,100,68.6
2026-04-21 13:53:42.708Z,0.7547,0.7605,100,100,76.6
2026-04-21 13:53:43.686Z,0.7551,0.7607,100,100,73.9
2026-04-21 13:53:44.586Z,0.7553,0.7599,100,100,60.7
2026-04-21 13:53:45.874Z,0.7550,0.7604,100,100,71.3
2026-04-21 13:53:46.129Z,0.7548,0.7610,100,100,81.8
2026-04-21 13:53:47.807Z,0.7555,0.7599,100,100,58.1
2026-04-21 13:53:48.058Z,0.7549,0.7607,100,100,76.5
2026-04-21 13:53:49.058Z,0.7550,0.7606,100,100,73.9
2026-04-21 13:53:50.213Z,0.7556,0.7600,100,100,58.1
2026-04-21 13:53:51.367Z,0.7556,0.7600,100,100,58.1
2026-04-21 13:53:52.077Z,0.7551,0.7605,100,100,71.3
2026-04-21 13:53:53.530Z,0.7555,0.7597,100,100,55.4
2026-04-21 13:53:54.264Z,0.7556,0.7604,100,100,63.3
2026-04-21 13:53:55.750Z,0.7556,0.7600,100,100,58.1
2026-04-21 13:53:56.010Z,0.7548,0.7606,100,100,76.5
2026-04-21 13:53:57.630Z,0.7554,0.7598,100,100,58.1
2026-04-21 13:53:58.696Z,0.7556,0.7600,100,100,58.1
2026-04-21 13:53:59.515Z,0.7548,0.7608,100,100,79.2
2026-04-21 13:54:00.022Z,0.7555,0.7599,100,100,58.1
2026-04-21 13:54:01.898Z,0.7556,0.7598,100,100,55.4
2026-04-21 13:54:02.485Z,0.7553,0.7603,100,100,66.0
2026-04-21 13:54:03.743Z,0.7555,0.7603,100,100,63.3
2026-04-21 13:54:04.459Z,0.7546,0.7608,100,100,81.8
2026-04-21 13:54:05.070Z,0.7550,0.7604,100,100,71.3
2026-04-21 13:54:06.016Z,0.7549,0.7601,100,100,68.6
2026-04-21 13:54:07.531Z,0.7548,0.7604,100,100,73.9
2026-04-21 13:54:08.706Z,0.7555,0.7599,100,100,58.1
2026-04-21 13:54:09.666Z,0.7554,0.7600,100,100,60.7
2026-04-21 13:54:10.122Z,0.7551,0.7601,100,100,66.0
2026-04-21 13:54:11.847Z,0.7547,0.7607,100,100,79.2
2026-04-21 13:54:12.755Z,0.7554,0.7604,100,100,66.0
2026-04-21 13:54:13.842Z,0.7554,0.7596,100,100,55.4
2026-04-21 13:54:14.762Z,0.7548,0.7606,100,100,76.5
2026-04-21 13:54:15.706Z,0.7554,0.7602,100,100,63.3
2026-04-21 13:54:16.571Z,0.7554,0.7604,100,100,66.0
2026-04-21 13:54:17.395Z,0.7555,0.7599,100,100,58.1
2026-04-21 13:54:18.039Z,0.7550,0.7602,100,100,68.6
2026-04-21 13:54:19.038Z,0.7556,0.7600,100,100,58.1
2026-04-21 13:54:20.503Z,0.7549,0.7605,100,100,73.9
2026-04-21 13:54:21.324Z,0.7552,0.7600,100,100,63.4
2026-04-21 13:54:22.700Z,0.7550,0.7606,100,100,73.9
2026-04-21 13:54:23.484Z,0.7549,0.7607,100,100,76.5
2026-04-21 13:54:24.396Z,0.7554,0.7600,100,100,60.7
2026-04-21 13:54:25.464Z,0.7554,0.7602,100,100,63.3
2026-04-21 13:54:26.888Z,0.7553,0.7603,100,100,66.0
2026-04-21 13:54:27.729Z,0.7552,0.7602,100,100,66.0
2026-04-21 13:54:28.197Z,0.7551,0.7605,100,100,71.3
2026-04-21 13:54:29.535Z,0.7554,0.7602,100,100,63.3
2026-04-21 13:54:30.448Z,0.7551,0.7603,100,100,68.6
2026-04-21 13:54:31.308Z,0.7550,0.7600,100,100,66.0
2026-04-21 13:54:32.671Z,0.7553,0.7603,100,100,66.0
2026-04-21 13:54:33.175Z,0.7552,0.7602,100,100,66.0
2026-04-21 13:54:34.139Z,0.7554,0.7600,100,100,60.7
2026-04-21 13:54:35.037Z,0.7552,0.7604,100,100,68.6
2026-04-21 13:54:36.338Z,0.7556,0.7600,100,100,58.1
2026-04-21 13:54:37.348Z,0.7554,0.7600,100,100,60.7
2026-04-21 13:54:38.121Z,0.7553,0.7601,100,100,63.3
2026-04-21 13:54:39.598Z,0.7555,0.7601,100,100,60.7
2026-04-21 13:54:40.470Z,0.7551,0.7605,100,100,71.3
2026-04-21 13:54:41.556Z,0.7555,0.7599,100,100,58.1
2026-04-21 13:54:42.327Z,0.7556,0.7598,100,100,55.4
2026-04-21 13:54:43.191Z,0.7552,0.7602,100,100,66.0
2026-04-21 13:54:44.067Z,0.7555,0.7603,100,100,63.3
2026-04-21 13:54:45.533Z,0.7551,0.7605,100,100,71.3
2026-04-21 13:54:46.258Z,0.7556,0.7600,100,100,58.1
2026-04-21 13:54:47.386Z,0.7549,0.7603,100,100,71.3
2026-04-21 13:54:48.092Z,0.7555,0.7599,100,100,58.1
2026-04-21 13:54:49.756Z,0.7549,0.7603,100,100,71.3
2026-04-21 13:54:50.715Z,0.7552,0.7600,100,100,63.4
2026-04-21 13:54:51.427Z,0.7548,0.7606,100,100,76.5
2026-04-21 13:54:52.037Z,0.7555,0.7597,100,100,55.4
2026-04-21 13:54:53.321Z,0.7555,0.7601,100,100,60.7
2026-04-21 13:54:54.343Z,0.7555,0.7601,100,100,60.7
2026-04-21 13:54:55.367Z,0.7551,0.7603,100,100,68.6
2026-04-21 13:54:56.056Z,0.7549,0.7603,100,100,71.3
2026-04-21 13:54:57.602Z,0.7554,0.7596,100,100,55.4
2026-04-21 13:54:58.737Z,0.7555,0.7597,100,100,55.4
2026-04-21 13:54:59.492Z,0.7552,0.7602,100,100,66.0
2026-04-21 13:55:00.175Z,0.7550,0.7604,100,100,71.3
2026-04-21 13:55:01.618Z,0.7546,0.7606,100,100,79.2
2026-04-21 13:55:02.528Z,0.7549,0.7603,100,100,71.3
2026-04-21 13:55:03.511Z,0.7548,0.7604,100,100,73.9
2026-04-21 13:55:04.233Z,0.7553,0.7603,100,100,66.0
2026-04-21 13:55:05.489Z,0.7552,0.7602,100,100,66.0
2026-04-21 13:55:06.630Z,0.7554,0.7600,100,100,60.7
2026-04-21 13:55:07.668Z,0.7555,0.7601,100,100,60.7
2026-04-21 13:55:08.298Z,0.7556,0.7600,100,100,58.1
2026-04-21 13:55:09.737Z,0.7545,0.7605,100,100,79.2
2026-04-21 13:55:10.710Z,0.7552,0.7604,100,100,68.6
2026-04-21 13:55:11.775Z,0.7548,0.7606,100,100,76.5
2026-04-21 13:55:12.337Z,0.7557,0.7601,100,100,58.1
2026-04-21 13:55:13.278Z,0.7550,0.7602,100,100,68.6
2026-04-21 13:55:14.509Z,0.7547,0.7605,100,100,76.6
2026-04-21 13:55:15.559Z,0.7551,0.7607,100,100,73.9
2026-04-21 13:55:16.401Z,0.7549,0.7603,100,100,71.3
2026-04-21 13:55:17.835Z,0.7553,0.7599,100,100,60.7
2026-04-21 13:55:18.674Z,0.7553,0.7601,100,100,63.3
2026-04-21 13:55:19.878Z,0.7550,0.7606,100,100,73.9
2026-04-21 13:55:20.377Z,0.7554,0.7602,100,100,63.3
2026-04-21 13:55:21.889Z,0.7548,0.7604,100,100,73.9
2026-04-21 13:55:22.142Z,0.7554,0.7602,100,100,63.3
2026-04-21 13:55:23.547Z,0.7550,0.7606,100,100,73.9
2026-04-21 13:55:24.711Z,0.7554,0.7600,100,100,60.7
2026-04-21 13:55:25.862Z,0.7557,0.7601,100,100,58.1
2026-04-21 13:55:26.577Z,0.7546,0.7606,100,100,79.2
2026-04-21 13:55:27.706Z,0.7553,0.7607,100,100,71.2
2026-04-21 13:55:28.135Z,0.7551,0.7607,100,100,73.9
2026-04-21 13:55:29.134Z,0.7557,0.7601,100,100,58.1
2026-04-21 13:55:30.088Z,0.7556,0.7598,100,100,55.4
2026-04-21 13:55:31.234Z,0.7552,0.7610,100,100,76.5
2026-04-21 13:55:32.462Z,0.7555,0.7601,100,100,60.7
2026-04-21 13:55:33.476Z,0.7558,0.7598,100,100,52.8
2026-04-21 13:55:34.579Z,0.7556,0.7606,100,100,66.0
2026-04-21 13:55:35.130Z,0.7557,0.7601,100,100,58.1
2026-04-21 13:55:36.321Z,0.7550,0.7606,100,100,73.9
2026-04-21 13:55:37.820Z,0.7558,0.7604,100,100,60.7
2026-04-21 13:55:38.482Z,0.7555,0.7607,100,100,68.6
2026-04-21 13:55:39.628Z,0.7557,0.7605,100,100,63.3
2026-04-21 13:55:40.015Z,0.7558,0.7600,100,100,55.4
2026-04-21 13:55:41.673Z,0.7550,0.7608,100,100,76.5
2026-04-21 13:55:42.404Z,0.7560,0.7600,100,100,52.8
2026-04-21 13:55:43.672Z,0.7554,0.7604,100,100,66.0
2026-04-21 13:55:44.405Z,0.7558,0.7600,100,100,55.4
2026-04-21 13:55:45.227Z,0.7554,0.7606,100,100,68.6
2026-04-21 13:55:46.788Z,0.7553,0.7605,100,100,68.6
2026-04-21 13:55:47.205Z,0.7550,0.7606,100,100,73.9
2026-04-21 13:55:48.742Z,0.7553,0.7607,100,100,71.2
2026-04-21 13:55:49.727Z,0.7553,0.7605,100,100,68.6
2026-04-21 13:55:50.404Z,0.7558,0.7604,100,100,60.7
2026-04-21 13:55:51.390Z,0.7553,0.7605,100,100,68.6
2026-04-21 13:55:52.088Z,0.7556,0.7602,100,100,60.7
2026-04-21 13:55:53.271Z,0.7552,0.7604,100,100,68.6
2026-04-21 13:55:54.129Z,0.7553,0.7605,100,100,68.6
2026-04-21 13:55:55.631Z,0.7550,0.7610,100,100,79.2
2026-04-21 13:55:56.826Z,0.7554,0.7604,100,100,66.0
2026-04-21 13:55:57.136Z,0.7558,0.7606,100,100,63.3
2026-04-21 13:55:58.384Z,0.7556,0.7604,100,100,63.3
2026-04-21 13:55:59.716Z,0.7550,0.7610,100,100,79.2
2026-04-21 13:56:00.046Z,0.7559,0.7619,100,100,79.1
2026-04-21 13:56:01.896Z,0.7570,0.7612,100,100,55.3
2026-04-21 13:56:02.839Z,0.7569,0.7613,100,100,58.0
2026-04-21 13:56:03.107Z,0.7560,0.7616,100,100,73.8
2026-04-21 13:56:04.174Z,0.7562,0.7616,100,100,71.2
2026-04-21 13:56:05.730Z,0.7560,0.7616,100,100,73.8
2026-04-21 13:56:06.013Z,0.7564,0.7612,100,100,63.3
2026-04-21 13:56:07.147Z,0.7567,0.7611,100,100,58.0
2026-04-21 13:56:08.422Z,0.7566,0.7608,100,100,55.4
2026-04-21 13:56:09.364Z,0.7565,0.7613,100,100,63.2
2026-04-21 13:56:10.256Z,0.7561,0.7619,100,100,76.4
2026-04-21 13:56:11.854Z,0.7566,0.7616,100,100,65.9
2026-04-21 13:56:12.139Z,0.7566,0.7610,100,100,58.0
2026-04-21 13:56:13.391Z,0.7565,0.7613,106,100,63.2
2026-04-21 13:56:14.603Z,0.7563,0.7611,100,100,63.3
2026-04-21 13:56:15.357Z,0.7568,0.7612,100,100,58.0
2026-04-21 13:56:16.762Z,0.7566,0.7616,100,100,65.9
2026-04-21 13:56:17.086Z,0.7563,0.7611,100,100,63.3
2026-04-21 13:56:18.814Z,0.7559,0.7619,100,100,79.1
2026-04-21 13:56:19.034Z,0.7561,0.7619,100,100,76.4
2026-04-21 13:56:20.276Z,0.7565,0.7613,100,100,63.2
2026-04-21 13:56:21.035Z,0.7566,0.7608,100,100,55.4
2026-04-21 13:56:22.268Z,0.7557,0.7613,100,100,73.8
2026-04-21 13:56:23.041Z,0.7560,0.7604,100,100,58.0
2026-04-21 13:56:24.590Z,0.7552,0.7606,100,100,71.2
2026-04-21 13:56:25.283Z,0.7553,0.7599,100,100,60.7
2026-04-21 13:56:26.652Z,0.7544,0.7598,100,100,71.3
2026-04-21 13:56:27.259Z,0.7540,0.7596,100,100,74.0
2026-04-21 13:56:28.893Z,0.7539,0.7593,100,100,71.4
2026-04-21 13:56:29.510Z,0.7530,0.7590,100,100,79.4
2026-04-21 13:56:30.419Z,0.7528,0.7588,100,100,79.4
2026-04-21 13:56:31.249Z,0.7528,0.7578,100,100,66.2
2026-04-21 13:56:32.875Z,0.7526,0.7574,100,100,63.6
2026-04-21 13:56:33.392Z,0.7524,0.7574,100,100,66.2
2026-04-21 13:56:34.408Z,0.7524,0.7570,100,100,61.0
2026-04-21 13:56:35.147Z,0.7521,0.7571,100,100,66.3
2026-04-21 13:56:36.670Z,0.7520,0.7564,100,100,58.3
2026-04-21 13:56:37.223Z,0.7523,0.7563,100,100,53.0
2026-04-21 13:56:38.591Z,0.7517,0.7561,100,100,58.4
2026-04-21 13:56:39.510Z,0.7517,0.7563,100,100,61.0
2026-04-21 13:56:40.449Z,0.7518,0.7568,100,100,66.3
2026-04-21 13:56:41.009Z,0.7511,0.7571,100,100,79.6
2026-04-21 13:56:42.720Z,0.7512,0.7572,100,100,79.6
2026-04-21 13:56:43.805Z,0.7515,0.7571,100,100,74.2
2026-04-21 13:56:44.042Z,0.7520,0.7566,100,100,61.0
2026-04-21 13:56:45.167Z,0.7521,0.7571,100,100,66.3
2026-04-21 13:56:46.333Z,0.7524,0.7568,100,100,58.3
2026-04-21 13:56:47.321Z,0.7516,0.7576,100,100,79.5
2026-04-21 13:56:48.667Z,0.7518,0.7568,100,100,66.3
2026-04-21 13:56:49.237Z,0.7515,0.7575,100,100,79.5
2026-04-21 13:56:50.293Z,0.7519,0.7569,100,100,66.3
2026-04-21 13:56:51.544Z,0.7520,0.7568,100,100,63.6
2026-04-21 13:56:52.528Z,0.7519,0.7569,100,100,66.3
2026-04-21 13:56:53.610Z,0.7521,0.7565,100,100,58.3
2026-04-21 13:56:54.090Z,0.7515,0.7573,100,100,76.9
2026-04-21 13:56:55.391Z,0.7516,0.7568,100,100,68.9
2026-04-21 13:56:56.866Z,0.7522,0.7564,100,100,55.7
2026-04-21 13:56:57.603Z,0.7513,0.7567,100,100,71.6
2026-04-21 13:56:58.361Z,0.7511,0.7569,100,100,76.9
2026-04-21 13:56:59.121Z,0.7517,0.7565,100,100,63.7
2026-04-21 13:57:00.682Z,0.7562,0.7616,100,100,71.2
2026-04-21 13:57:01.277Z,0.7562,0.7614,100,100,68.5
2026-04-21 13:57:02.467Z,0.7560,0.7616,100,100,73.8
2026-04-21 13:57:03.566Z,0.7562,0.7616,100,100,71.2
2026-04-21 13:57:04.327Z,0.7568,0.7608,100,100,52.7
2026-04-21 13:57:05.250Z,0.7562,0.7616,100,100,71.2
2026-04-21 13:57:06.761Z,0.7563,0.7615,100,100,68.5
2026-04-21 13:57:07.897Z,0.7563,0.7611,100,100,63.3
2026-04-21 13:57:08.867Z,0.7567,0.7609,100,100,55.4
2026-04-21 13:57:09.382Z,0.7563,0.7617,100,100,71.1
2026-04-21 13:57:10.550Z,0.7562,0.7612,100,100,65.9
2026-04-21 13:57:11.246Z,0.7567,0.7609,100,100,55.4
2026-04-21 13:57:12.162Z,0.7561,0.7615,100,100,71.2
2026-04-21 13:57:13.300Z,0.7561,0.7617,100,100,73.8
2026-04-21 13:57:14.422Z,0.7562,0.7616,100,100,71.2
2026-04-21 13:57:15.501Z,0.7568,0.7612,100,100,58.0
2026-04-21 13:57:16.183Z,0.7568,0.7612,100,100,58.0
2026-04-21 13:57:17.030Z,0.7565,0.7615,100,100,65.9
2026-04-21 13:57:18.649Z,0.7560,0.7616,100,100,73.8
2026-04-21 13:57:19.067Z,0.7563,0.7615,100,100,68.5
2026-04-21 13:57:20.579Z,0.7558,0.7616,100,100,76.4
2026-04-21 13:57:21.281Z,0.7563,0.7613,100,100,65.9
2026-04-21 13:57:22.353Z,0.7562,0.7612,100,100,65.9
2026-04-21 13:57:23.383Z,0.7565,0.7613,100,100,63.2
2026-04-21 13:57:24.854Z,0.7567,0.7611,100,100,58.0
2026-04-21 13:57:25.553Z,0.7561,0.7615,100,100,71.2
2026-04-21 13:57:26.874Z,0.7560,0.7616,100,100,73.8
2026-04-21 13:57:27.324Z,0.7566,0.7612,100,100,60.6
2026-04-21 13:57:28.157Z,0.7565,0.7615,100,100,65.9
2026-04-21 13:57:29.437Z,0.7558,0.7616,100,100,76.4
2026-04-21 13:57:30.459Z,0.7559,0.7615,100,100,73.8
2026-04-21 13:57:31.371Z,0.7561,0.7619,100,100,76.4
2026-04-21 13:57:32.088Z,0.7567,0.7613,100,100,60.6
2026-04-21 13:57:33.409Z,0.7562,0.7616,100,100,71.2
2026-04-21 13:57:34.024Z,0.7561,0.7621,100,100,79.0
2026-04-21 13:57:35.702Z,0.7563,0.7613,100,100,65.9
2026-04-21 13:57:36.823Z,0.7561,0.7615,100,100,71.2
2026-04-21 13:57:37.023Z,0.7566,0.7612,100,100,60.6
2026-04-21 13:57:38.734Z,0.7567,0.7615,100,100,63.2
2026-04-21 13:57:39.678Z,0.7567,0.7611,100,100,58.0
2026-04-21 13:57:40.559Z,0.7561,0.7615,100,100,71.2
2026-04-21 13:57:41.633Z,0.7565,0.7615,100,100,65.9
2026-04-21 13:57:42.552Z,0.7560,0.7618,100,100,76.4
2026-04-21 13:57:43.835Z,0.7561,0.7617,100,100,73.8
2026-04-21 13:57:44.445Z,0.7563,0.7617,100,100,71.1
2026-04-21 13:57:45.820Z,0.7563,0.7613,100,100,65.9
2026-04-21 13:57:46.303Z,0.7566,0.7610,100,100,58.0
2026-04-21 13:57:47.573Z,0.7562,0.7620,100,100,76.4
2026-04-21 13:57:48.311Z,0.7566,0.7616,100,100,65.9
2026-04-21 13:57:49.594Z,0.7564,0.7612,100,100,63.3
2026-04-21 13:57:50.649Z,0.7563,0.7613,100,100,65.9
2026-04-21 13:57:51.022Z,0.7570,0.7612,100,100,55.3
2026-04-21 13:57:52.866Z,0.7566,0.7612,100,100,60.6
2026-04-21 13:57:53.558Z,0.7560,0.7616,100,100,73.8
2026-04-21 13:57:54.171Z,0.7563,0.7615,100,100,68.5
2026-04-21 13:57:55.171Z,0.7562,0.7616,100,100,71.2
2026-04-21 13:57:56.584Z,0.7559,0.7615,100,100,73.8
2026-04-21 13:57:57.869Z,0.7565,0.7613,100,100,63.2
2026-04-21 13:57:58.404Z,0.7559,0.7617,100,100,76.4
2026-04-21 13:57:59.246Z,0.7559,0.7619,100,100,79.1
2026-04-21 13:58:00.377Z,0.7569,0.7609,100,100,52.7
2026-04-21 13:58:01.468Z,0.7566,0.7612,100,100,60.6
2026-04-21 13:58:02.096Z,0.7559,0.7617,100,100,76.4
2026-04-21 13:58:03.141Z,0.7564,0.7614,100,100,65.9
2026-04-21 13:58:04.426Z,0.7560,0.7618,100,100,76.4
2026-04-21 13:58:05.392Z,0.7564,0.7618,100,100,71.1
2026-04-21 13:58:06.743Z,0.7559,0.7619,100,100,79.1
2026-04-21 13:58:07.272Z,0.7564,0.7612,100,100,63.3
2026-04-21 13:58:08.832Z,0.7562,0.7614,100,100,68.5
2026-04-21 13:58:09.772Z,0.7568,0.7608,100,100,52.7
2026-04-21 13:58:10.062Z,0.7566,0.7612,100,100,60.6
2026-04-21 13:58:11.693Z,0.7561,0.7617,100,100,73.8
2026-04-21 13:58:12.436Z,0.7560,0.7620,100,100,79.1
2026-04-21 13:58:13.496Z,0.7565,0.7609,100,100,58.0
2026-04-21 13:58:14.792Z,0.7560,0.7618,100,100,76.4
2026-04-21 13:58:15.858Z,0.7565,0.7609,100,100,58.0
2026-04-21 13:58:16.279Z,0.7565,0.7615,100,100,65.9
2026-04-21 13:58:17.883Z,0.7565,0.7613,100,100,63.2
2026-04-21 13:58:18.827Z,0.7567,0.7613,100,100,60.6
2026-04-21 13:58:19.365Z,0.7562,0.7618,100,100,73.8
2026-04-21 13:58:20.320Z,0.7564,0.7616,100,100,68.5
2026-04-21 13:58:21.281Z,0.7568,0.7612,100,100,58.0
2026-04-21 13:58:22.839Z,0.7566,0.7612,100,100,60.6
2026-04-21 13:58:23.589Z,0.7559,0.7617,100,100,76.4
2026-04-21 13:58:24.230Z,0.7559,0.7617,100,100,76.4
2026-04-21 13:58:25.643Z,0.7566,0.7610,100,100,58.0
2026-04-21 13:58:26.319Z,0.7563,0.7613,100,100,65.9
2026-04-21 13:58:27.851Z,0.7560,0.7620,100,100,79.1
2026-04-21 13:58:28.595Z,0.7569,0.7611,100,100,55.3
2026-04-21 13:58:29.200Z,0.7565,0.7611,100,100,60.6
2026-04-21 13:58:30.265Z,0.7565,0.7615,100,100,65.9
2026-04-21 13:58:31.479Z,0.7570,0.7612,100,100,55.3
2026-04-21 13:58:32.536Z,0.7562,0.7612,100,100,65.9
2026-04-21 13:58:33.661Z,0.7566,0.7610,100,100,58.0
2026-04-21 13:58:34.668Z,0.7559,0.7617,100,100,76.4
2026-04-21 13:58:35.200Z,0.7563,0.7615,100,100,68.5
2026-04-21 13:58:36.009Z,0.7568,0.7610,100,100,55.3
2026-04-21 13:58:37.014Z,0.7559,0.7617,100,100,76.4
2026-04-21 13:58:38.691Z,0.7562,0.7612,100,100,65.9
2026-04-21 13:58:39.200Z,0.7565,0.7617,100,100,68.5
2026-04-21 13:58:40.820Z,0.7564,0.7614,100,100,65.9
2026-04-21 13:58:41.566Z,0.7561,0.7617,100,100,73.8
2026-04-21 13:58:42.331Z,0.7566,0.7614,100,100,63.2
2026-04-21 13:58:43.476Z,0.7561,0.7615,100,100,71.2
2026-04-21 13:58:44.519Z,0.7566,0.7614,100,100,63.2
2026-04-21 13:58:45.020Z,0.7562,0.7616,100,100,71.2
2026-04-21 13:58:46.381Z,0.7562,0.7616,100,100,71.2
2026-04-21 13:58:47.516Z,0.7561,0.7619,100,100,76.4
2026-04-21 13:58:48.278Z,0.7564,0.7612,100,100,63.3
2026-04-21 13:58:49.096Z,0.7561,0.7615,100,100,71.2
2026-04-21 13:58:50.781Z,0.7558,0.7618,100,100,79.1
2026-04-21 13:58:51.849Z,0.7562,0.7618,100,100,73.8
2026-04-21 13:58:52.664Z,0.7569,0.7613,100,100,58.0
2026-04-21 13:58:53.741Z,0.7562,0.7620,100,100,76.4
2026-04-21 13:58:54.633Z,0.7565,0.7611,100,100,60.6
2026-04-21 13:58:55.832Z,0.7566,0.7614,100,100,63.2
2026-04-21 13:58:56.495Z,0.7566,0.7616,100,100,65.9
2026-04-21 13:58:57.392Z,0.7562,0.7616,100,100,71.2
2026-04-21 13:58:58.092Z,0.7563,0.7615,100,100,68.5
2026-04-21 13:58:59.299Z,0.7565,0.7613,100,100,63.2
2026-04-21 13:59:00.078Z,0.7523,0.7565,100,100,55.7
2026-04-21 13:59:01.319Z,0.7518,0.7568,100,100,66.3
2026-04-21 13:59:02.676Z,0.7520,0.7566,100,100,61.0
2026-04-21 13:59:03.583Z,0.7517,0.7573,100,100,74.2
2026-04-21 13:59:04.191Z,0.7514,0.7572,100,100,76.9
2026-04-21 13:59:05.540Z,0.7521,0.7567,100,100,61.0
2026-04-21 13:59:06.243Z,0.7520,0.7570,100,100,66.3
2026-04-21 13:59:07.875Z,0.7520,0.7564,100,100,58.3
2026-04-21 13:59:08.571Z,0.7516,0.7568,100,100,68.9
2026-04-21 13:59:09.385Z,0.7513,0.7571,100,100,76.9
2026-04-21 13:59:10.514Z,0.7517,0.7575,100,100,76.9
2026-04-21 13:59:11.688Z,0.7523,0.7567,100,100,58.3
2026-04-21 13:59:12.220Z,0.7522,0.7568,100,100,61.0
2026-04-21 13:59:13.149Z,0.7518,0.7572,100,100,71.6
2026-04-21 13:59:14.576Z,0.7521,0.7569,100,100,63.6
2026-04-21 13:59:15.787Z,0.7515,0.7571,100,100,74.2
2026-04-21 13:59:16.479Z,0.7521,0.7569,100,100,63.6
2026-04-21 13:59:17.781Z,0.7526,0.7566,100,100,53.0
2026-04-21 13:59:18.068Z,0.7521,0.7565,100,100,58.3
2026-04-21 13:59:19.578Z,0.7516,0.7574,100,100,76.9
2026-04-21 13:59:20.636Z,0.7522,0.7568,100,100,61.0
2026-04-21 13:59:21.679Z,0.7525,0.7565,100,100,53.0
2026-04-21 13:59:22.159Z,0.7512,0.7572,100,100,79.6
2026-04-21 13:59:23.175Z,0.7522,0.7562,100,100,53.0
2026-04-21 13:59:24.843Z,0.7520,0.7566,100,100,61.0
2026-04-21 13:59:25.083Z,0.7518,0.7570,100,100,68.9
2026-04-21 13:59:26.502Z,0.7523,0.7565,100,100,55.7
2026-04-21 13:59:27.784Z,0.7522,0.7568,100,100,61.0
2026-04-21 13:59:28.734Z,0.7521,0.7565,100,100,58.3
2026-04-21 13:59:29.776Z,0.7516,0.7570,100,100,71.6
2026-04-21 13:59:30.523Z,0.7520,0.7564,100,100,58.3
2026-04-21 13:59:31.010Z,0.7516,0.7570,100,100,71.6
2026-04-21 13:59:32.766Z,0.7522,0.7570,100,100,63.6
2026-04-21 13:59:33.039Z,0.7515,0.7571,100,100,74.2
2026-04-21 13:59:34.177Z,0.7520,0.7572,100,100,68.9
2026-04-21 13:59:35.144Z,0.7518,0.7566,100,100,63.6
2026-04-21 13:59:36.808Z,0.7521,0.7569,100,100,63.6
2026-04-21 13:59:37.227Z,0.7523,0.7565,100,100,55.7
2026-04-21 13:59:38.861Z,0.7519,0.7573,100,100,71.6
2026-04-21 13:59:39.250Z,0.7519,0.7567,100,100,63.6
2026-04-21 13:59:40.146Z,0.7518,0.7568,100,100,66.3
2026-04-21 13:59:41.853Z,0.7521,0.7567,100,100,61.0
2026-04-21 13:59:42.468Z,0.7517,0.7567,100,100,66.3
2026-04-21 13:59:43.109Z,0.7517,0.7569,100,100,68.9
2026-04-21 13:59:44.508Z,0.7514,0.7570,100,100,74.3
2026-04-21 13:59:45.036Z,0.7520,0.7572,100,100,68.9
2026-04-21 13:59:46.379Z,0.7516,0.7572,100,100,74.2
2026-04-21 13:59:47.205Z,0.7515,0.7571,100,100,74.2
2026-04-21 13:59:48.852Z,0.7513,0.7573,100,100,79.5
2026-04-21 13:59:49.744Z,0.7515,0.7573,100,100,76.9
2026-04-21 13:59:50.721Z,0.7516,0.7570,100,100,71.6
2026-04-21 13:59:51.847Z,0.7521,0.7563,100,100,55.7
2026-04-21 13:59:52.321Z,0.7519,0.7571,100,100,68.9
2026-04-21 13:59:53.337Z,0.7512,0.7572,100,100,79.6
2026-04-21 13:59:54.317Z,0.7516,0.7572,100,100,74.2
2026-04-21 13:59:55.614Z,0.7516,0.7574,100,100,76.9
2026-04-21 13:59:56.304Z,0.7517,0.7571,100,100,71.6
2026-04-21 13:59:57.528Z,0.7522,0.7568,100,100,61.0
2026-04-21 13:59:58.489Z,0.7521,0.7567,100,100,61.0
2026-04-21 13:59:59.530Z,0.7515,0.7573,100,100,76.9
2026-04-21 14:01:00.537Z,0.7531,0.7571,184,325,53.0
2026-04-21 14:01:01.040Z,0.7526,0.7578,167,154,68.9
2026-04-21 14:01:02.104Z,0.7525,0.7575,126,443,66.2
2026-04-21 14:01:03.036Z,0.7524,0.7574,100,145,66.2
2026-04-21 14:01:04.075Z,0.7523,0.7583,196,100,79.4
2026-04-21 14:01:05.443Z,0.7528,0.7578,100,192,66.2
2026-04-21 14:01:06.662Z,0.7523,0.7577,114,291,71.5
2026-04-21 14:01:07.274Z,0.7531,0.7571,204,100,53.0
2026-04-21 14:01:08.432Z,0.7529,0.7575,279,147,60.9
2026-04-21 14:01:09.771Z,0.7522,0.7582,120,100,79.4
2026-04-21 14:01:10.382Z,0.7525,0.7579,235,135,71.5
2026-04-21 14:01:11.469Z,0.7532,0.7572,360,508,53.0
2026-04-21 14:01:12.873Z,0.7527,0.7575,152,567,63.6
2026-04-21 14:01:13.642Z,0.7524,0.7576,107,253,68.9
2026-04-21 14:01:14.550Z,0.7523,0.7575,100,225,68.9
2026-04-21 14:01:15.709Z,0.7523,0.7577,130,100,71.5
2026-04-21 14:01:16.878Z,0.7520,0.7578,215,362,76.8
2026-04-21 14:01:17.170Z,0.7528,0.7574,239,143,60.9
2026-04-21 14:01:18.361Z,0.7523,0.7579,199,245,74.2
2026-04-21 14:01:19.524Z,0.7527,0.7575,364,345,63.6
2026-04-21 14:01:20.214Z,0.7524,0.7584,162,100,79.4
2026-04-21 14:01:21.568Z,0.7525,0.7583,142,213,76.8
2026-04-21 14:01:22.185Z,0.7532,0.7584,100,100,68.8
2026-04-21 14:01:23.698Z,0.7532,0.7588,242,139,74.1
2026-04-21 14:01:24.618Z,0.7537,0.7589,222,152,68.8
2026-04-21 14:01:25.863Z,0.7545,0.7593,128,100,63.4
2026-04-21 14:01:26.860Z,0.7551,0.7593,164,100,55.5
2026-04-21 14:01:27.509Z,0.7550,0.7602,166,152,68.6
2026-04-21 14:01:28.034Z,0.7556,0.7608,125,117,68.6
2026-04-21 14:01:29.178Z,0.7561,0.7607,259,145,60.7
2026-04-21 14:01:30.371Z,0.7564,0.7610,101,100,60.6
2026-04-21 14:01:31.174Z,0.7563,0.7627,153,100,84.3
2026-04-21 14:01:32.016Z,0.7573,0.7621,146,162,63.2
2026-04-21 14:01:33.553Z,0.7575,0.7627,171,100,68.4
2026-04-21 14:01:34.047Z,0.7579,0.7627,152,100,63.1
2026-04-21 14:01:35.070Z,0.7583,0.7629,101,100,60.5
2026-04-21 14:01:36.656Z,0.7581,0.7639,179,136,76.2
2026-04-21 14:01:37.867Z,0.7579,0.7635,219,671,73.6
2026-04-21 14:01:38.239Z,0.7584,0.7634,587,270,65.7
2026-04-21 14:01:39.475Z,0.7580,0.7638,271,299,76.2
2026-04-21 14:01:40.206Z,0.7587,0.7629,125,454,55.2
2026-04-21 14:01:41.677Z,0.7580,0.7638,179,132,76.2
2026-04-21 14:01:42.643Z,0.7583,0.7627,100,230,57.9
2026-04-21 14:01:43.768Z,0.7584,0.7624,100,129,52.6
2026-04-21 14:01:44.701Z,0.7574,0.7630,100,121,73.7
2026-04-21 14:01:45.755Z,0.7577,0.7627,315,238,65.8
2026-04-21 14:01:46.116Z,0.7576,0.7628,162,220,68.4
2026-04-21 14:01:47.332Z,0.7573,0.7631,355,336,76.3
2026-04-21 14:01:48.031Z,0.7578,0.7628,193,100,65.8
2026-04-21 14:01:49.883Z,0.7583,0.7623,100,100,52.6
2026-04-21 14:01:50.329Z,0.7571,0.7631,152,234,78.9
2026-04-21 14:01:51.294Z,0.7573,0.7625,118,280,68.4
2026-04-21 14:01:52.176Z,0.7574,0.7624,134,164,65.8
2026-04-21 14:01:53.279Z,0.7577,0.7623,122,100,60.5
2026-04-21 14:01:54.346Z,0.7571,0.7625,100,295,71.1
2026-04-21 14:01:55.378Z,0.7569,0.7627,264,177,76.3
2026-04-21 14:01:56.650Z,0.7568,0.7626,108,317,76.3
2026-04-21 14:01:57.589Z,0.7570,0.7618,154,500,63.2
2026-04-21 14:01:58.695Z,0.7567,0.7621,132,112,71.1
2026-04-21 14:01:59.627Z,0.7573,0.7617,177,128,57.9
2026-04-21 14:02:00.331Z,0.7593,0.7643,100,100,65.6
2026-04-21 14:02:01.139Z,0.7597,0.7641,100,100,57.8
2026-04-21 14:02:02.461Z,0.7587,0.7647,100,100,78.8
2026-04-21 14:02:03.466Z,0.7595,0.7641,100,100,60.4
2026-04-21 14:02:04.802Z,0.7597,0.7641,100,100,57.8
2026-04-21 14:02:05.397Z,0.7589,0.7647,100,100,76.1
2026-04-21 14:02:06.411Z,0.7588,0.7646,100,100,76.1
2026-04-21 14:02:07.533Z,0.7591,0.7643,100,100,68.3
2026-04-21 14:02:08.603Z,0.7597,0.7637,100,100,52.5
2026-04-21 14:02:09.680Z,0.7593,0.7641,100,100,63.0
2026-04-21 14:02:10.113Z,0.7594,0.7638,100,100,57.8
2026-04-21 14:02:11.019Z,0.7595,0.7643,100,100,63.0
2026-04-21 14:02:12.526Z,0.7599,0.7639,100,100,52.5
2026-04-21 14:02:13.629Z,0.7597,0.7639,100,100,55.1
2026-04-21 14:02:14.087Z,0.7589,0.7649,100,100,78.8
2026-04-21 14:02:15.145Z,0.7595,0.7641,100,100,60.4
2026-04-21 14:02:16.731Z,0.7592,0.7648,100,100,73.5
2026-04-21 14:02:17.826Z,0.7589,0.7647,100,100,76.1
2026-04-21 14:02:18.436Z,0.7591,0.7645,100,100,70.9
2026-04-21 14:02:19.394Z,0.7593,0.7645,100,100,68.3
2026-04-21 14:02:20.588Z,0.7591,0.7647,100,100,73.5
2026-04-21 14:02:21.573Z,0.7594,0.7648,100,100,70.9
2026-04-21 14:02:22.025Z,0.7594,0.7646,100,100,68.2
2026-04-21 14:02:23.608Z,0.7595,0.7655,100,100,78.7
2026-04-21 14:02:24.146Z,0.7596,0.7656,100,100,78.7
2026-04-21 14:02:25.168Z,0.7604,0.7650,100,100,60.3
2026-04-21 14:02:26.818Z,0.7600,0.7660,100,100,78.6
2026-04-21 14:02:27.211Z,0.7609,0.7653,100,100,57.7
2026-04-21 14:02:28.849Z,0.7610,0.7654,100,100,57.7
2026-04-21 14:02:29.256Z,0.7609,0.7663,100,100,70.7
2026-04-21 14:02:30.260Z,0.7616,0.7660,100,100,57.6
2026-04-21 14:02:31.069Z,0.7613,0.7667,100,100,70.7
2026-04-21 14:02:32.022Z,0.7617,0.7669,100,100,68.0
2026-04-21 14:02:33.753Z,0.7616,0.7672,100,100,73.3
2026-04-21 14:02:34.245Z,0.7617,0.7675,100,100,75.9
2026-04-21 14:02:35.289Z,0.7623,0.7669,100,100,60.2
2026-04-21 14:02:36.565Z,0.7620,0.7678,100,100,75.8
2026-04-21 14:02:37.376Z,0.7624,0.7674,100,100,65.4
2026-04-21 14:02:38.339Z,0.7622,0.7674,100,100,68.0
2026-04-21 14:02:39.711Z,0.7626,0.7670,100,100,57.5
2026-04-21 14:02:40.316Z,0.7620,0.7678,100,100,75.8
2026-04-21 14:02:41.396Z,0.7620,0.7676,100,100,73.2
2026-04-21 14:02:42.416Z,0.7621,0.7671,100,100,65.4
2026-04-21 14:02:43.611Z,0.7621,0.7663,100,100,55.0
2026-04-21 14:02:44.052Z,0.7615,0.7667,100,100,68.1
2026-04-21 14:02:45.555Z,0.7613,0.7667,100,100,70.7
2026-04-21 14:02:46.251Z,0.7611,0.7671,100,100,78.5
2026-04-21 14:02:47.477Z,0.7613,0.7667,100,100,70.7
2026-04-21 14:02:48.211Z,0.7613,0.7667,100,100,70.7
2026-04-21 14:02:49.579Z,0.7614,0.7660,100,100,60.2
2026-04-21 14:02:50.265Z,0.7608,0.7662,100,100,70.7
2026-04-21 14:02:51.724Z,0.7608,0.7658,100,100,65.5
2026-04-21 14:02:52.854Z,0.7606,0.7656,100,100,65.5
2026-04-21 14:02:53.899Z,0.7605,0.7653,100,100,62.9
2026-04-21 14:02:54.207Z,0.7597,0.7657,100,100,78.7
2026-04-21 14:02:55.668Z,0.7598,0.7652,100,100,70.8
2026-04-21 14:02:56.522Z,0.7593,0.7651,100,100,76.1
2026-04-21 14:02:57.861Z,0.7602,0.7642,100,100,52.5
2026-04-21 14:02:58.190Z,0.7594,0.7646,100,100,68.2
2026-04-21 14:02:59.581Z,0.7599,0.7641,100,100,55.1
2026-04-21 14:04:00.672Z,0.7581,0.7625,100,100,57.9
2026-04-21 14:04:01.175Z,0.7577,0.7627,100,100,65.8
2026-04-21 14:04:02.817Z,0.7576,0.7626,100,100,65.8
2026-04-21 14:04:03.269Z,0.7583,0.7625,100,100,55.2
2026-04-21 14:04:04.120Z,0.7575,0.7629,100,100,71.0
2026-04-21 14:04:05.638Z,0.7573,0.7631,100,100,76.3
2026-04-21 14:04:06.444Z,0.7578,0.7626,100,100,63.1
2026-04-21 14:04:07.893Z,0.7577,0.7633,100,100,73.6
2026-04-21 14:04:08.711Z,0.7583,0.7625,100,100,55.2
2026-04-21 14:04:09.535Z,0.7576,0.7630,100,100,71.0
2026-04-21 14:04:10.537Z,0.7579,0.7627,100,100,63.1
2026-04-21 14:04:11.203Z,0.7578,0.7626,100,100,63.1
2026-04-21 14:04:12.370Z,0.7582,0.7626,100,100,57.9
2026-04-21 14:04:13.840Z,0.7579,0.7627,100,100,63.1
2026-04-21 14:04:14.419Z,0.7576,0.7634,100,100,76.3
2026-04-21 14:04:15.493Z,0.7574,0.7630,100,100,73.7
2026-04-21 14:04:16.471Z,0.7581,0.7629,100,100,63.1
2026-04-21 14:04:17.624Z,0.7581,0.7625,100,100,57.9
2026-04-21 14:04:18.192Z,0.7573,0.7629,100,100,73.7
2026-04-21 14:04:19.681Z,0.7581,0.7623,100,100,55.2
2026-04-21 14:04:20.759Z,0.7578,0.7630,100,100,68.4
2026-04-21 14:04:21.326Z,0.7573,0.7633,100,100,78.9
2026-04-21 14:04:22.483Z,0.7575,0.7631,100,100,73.7
2026-04-21 14:04:23.406Z,0.7579,0.7625,100,100,60.5
2026-04-21 14:04:24.562Z,0.7575,0.7629,100,100,71.0
2026-04-21 14:04:25.883Z,0.7577,0.7627,100,100,65.8
2026-04-21 14:04:26.274Z,0.7575,0.7633,100,100,76.3
2026-04-21 14:04:27.442Z,0.7578,0.7630,100,100,68.4
2026-04-21 14:04:28.891Z,0.7574,0.7628,100,100,71.0
2026-04-21 14:04:29.621Z,0.7578,0.7626,100,100,63.1
2026-04-21 14:04:30.592Z,0.7578,0.7630,100,100,68.4
2026-04-21 14:04:31.673Z,0.7575,0.7633,100,100,76.3
2026-04-21 14:04:32.589Z,0.7577,0.7629,100,100,68.4
2026-04-21 14:04:33.809Z,0.7581,0.7629,100,100,63.1
2026-04-21 14:04:34.485Z,0.7578,0.7628,100,100,65.8
2026-04-21 14:04:35.856Z,0.7576,0.7632,100,100,73.6
2026-04-21 14:04:36.878Z,0.7582,0.7624,100,100,55.2
2026-04-21 14:04:37.064Z,0.7581,0.7623,100,100,55.2
2026-04-21 14:04:38.172Z,0.7579,0.7625,100,100,60.5
2026-04-21 14:04:39.210Z,0.7580,0.7628,100,100,63.1
2026-04-21 14:04:40.032Z,0.7573,0.7631,100,100,76.3
2026-04-21 14:04:41.126Z,0.7574,0.7636,100,100,81.5
2026-04-21 14:04:42.064Z,0.7578,0.7632,100,100,71.0
2026-04-21 14:04:43.456Z,0.7574,0.7634,100,100,78.9
2026-04-21 14:04:44.837Z,0.7576,0.7628,100,100,68.4
2026-04-21 14:04:45.589Z,0.7577,0.7631,100,100,71.0
2026-04-21 14:04:46.032Z,0.7583,0.7627,100,100,57.9
2026-04-21 14:04:47.192Z,0.7583,0.7625,100,100,55.2
2026-04-21 14:04:48.883Z,0.7578,0.7630,100,100,68.4
2026-04-21 14:04:49.733Z,0.7571,0.7633,100,100,81.6
2026-04-21 14:04:50.241Z,0.7575,0.7633,100,100,76.3
2026-04-21 14:04:51.410Z,0.7582,0.7624,100,100,55.2
2026-04-21 14:04:52.485Z,0.7583,0.7625,100,100,55.2
2026-04-21 14:04:53.701Z,0.7578,0.7626,100,100,63.1
2026-04-21 14:04:54.034Z,0.7580,0.7626,100,100,60.5
2026-04-21 14:04:55.109Z,0.7579,0.7627,100,100,63.1
2026-04-21 14:04:56.661Z,0.7576,0.7630,100,100,71.0
2026-04-21 14:04:57.355Z,0.7580,0.7628,100,100,63.1
2026-04-21 14:04:58.298Z,0.7576,0.7630,100,100,71.0
2026-04-21 14:04:59.758Z,0.7579,0.7627,100,100,63.1
2026-04-21 14:05:00.606Z,0.7585,0.7643,100,100,76.2
2026-04-21 14:05:01.669Z,0.7589,0.7637,100,100,63.1
2026-04-21 14:05:02.110Z,0.7586,0.7640,100,100,70.9
2026-04-21 14:05:03.592Z,0.7587,0.7641,100,100,70.9
2026-04-21 14:05:04.851Z,0.7590,0.7640,100,100,65.7
2026-04-21 14:05:05.663Z,0.7585,0.7645,100,100,78.8
2026-04-21 14:05:06.764Z,0.7587,0.7643,100,100,73.5
2026-04-21 14:05:07.885Z,0.7588,0.7644,100,100,73.5
2026-04-21 14:05:08.277Z,0.7587,0.7639,100,100,68.3
2026-04-21 14:05:09.636Z,0.7588,0.7638,100,100,65.7
2026-04-21 14:05:10.213Z,0.7592,0.7634,100,100,55.2
2026-04-21 14:05:11.083Z,0.7590,0.7642,100,100,68.3
2026-04-21 14:05:12.124Z,0.7584,0.7640,100,100,73.6
2026-04-21 14:05:13.478Z,0.7591,0.7635,100,100,57.8
2026-04-21 14:05:14.562Z,0.7589,0.7641,100,100,68.3
2026-04-21 14:05:15.880Z,0.7594,0.7638,100,100,57.8
2026-04-21 14:05:16.728Z,0.7586,0.7640,100,100,70.9
2026-04-21 14:05:17.400Z,0.7585,0.7645,100,100,78.8
2026-04-21 14:05:18.633Z,0.7595,0.7637,100,100,55.1
2026-04-21 14:05:19.860Z,0.7589,0.7637,100,100,63.1
2026-04-21 14:05:20.423Z,0.7592,0.7636,100,100,57.8
2026-04-21 14:05:21.677Z,0.7588,0.7636,100,100,63.1
2026-04-21 14:05:22.630Z,0.7589,0.7639,100,100,65.7
2026-04-21 14:05:23.486Z,0.7582,0.7642,100,100,78.8
2026-04-21 14:05:24.009Z,0.7584,0.7642,100,100,76.2
2026-04-21 14:05:25.895Z,0.7587,0.7631,100,100,57.8
2026-04-21 14:05:26.786Z,0.7582,0.7636,100,100,71.0
2026-04-21 14:05:27.887Z,0.7586,0.7628,100,100,55.2
2026-04-21 14:05:28.255Z,0.7582,0.7630,100,100,63.1
2026-04-21 14:05:29.168Z,0.7577,0.7633,100,100,73.6
2026-04-21 14:05:30.551Z,0.7573,0.7633,100,100,78.9
2026-04-21 14:05:31.747Z,0.7577,0.7633,100,100,73.6
2026-04-21 14:05:32.484Z,0.7579,0.7625,100,100,60.5
2026-04-21 14:05:33.856Z,0.7578,0.7628,100,100,65.8
2026-04-21 14:05:34.116Z,0.7578,0.7622,100,100,57.9
2026-04-21 14:05:35.526Z,0.7573,0.7627,100,100,71.1
2026-04-21 14:05:36.645Z,0.7572,0.7628,100,100,73.7
2026-04-21 14:05:37.402Z,0.7577,0.7625,100,100,63.1
2026-04-21 14:05:38.632Z,0.7576,0.7624,100,100,63.2
2026-04-21 14:05:39.363Z,0.7578,0.7622,100,100,57.9
2026-04-21 14:05:40.071Z,0.7576,0.7624,100,100,63.2
2026-04-21 14:05:41.283Z,0.7576,0.7624,100,100,63.2
2026-04-21 14:05:42.482Z,0.7576,0.7624,100,100,63.2
2026-04-21 14:05:43.236Z,0.7577,0.7625,100,100,63.1
2026-04-21 14:05:44.414Z,0.7575,0.7627,100,100,68.4
2026-04-21 14:05:45.808Z,0.7579,0.7625,100,100,60.5
2026-04-21 14:05:46.726Z,0.7571,0.7629,100,100,76.3
2026-04-21 14:05:47.478Z,0.7574,0.7628,100,100,71.0
2026-04-21 14:05:48.067Z,0.7582,0.7624,100,100,55.2
2026-04-21 14:05:49.007Z,0.7576,0.7628,100,100,68.4
2026-04-21 14:05:50.285Z,0.7579,0.7621,100,100,55.3
2026-04-21 14:05:51.137Z,0.7582,0.7624,100,100,55.2
2026-04-21 14:05:52.499Z,0.7572,0.7632,100,100,78.9
2026-04-21 14:05:53.234Z,0.7581,0.7623,100,100,55.2
2026-04-21 14:05:54.371Z,0.7571,0.7629,100,100,76.3
2026-04-21 14:05:55.216Z,0.7573,0.7625,100,100,68.4
2026-04-21 14:05:56.508Z,0.7576,0.7626,100,100,65.8
2026-04-21 14:05:57.397Z,0.7573,0.7629,100,100,73.7
2026-04-21 14:05:58.299Z,0.7569,0.7629,100,100,79.0
2026-04-21 14:05:59.829Z,0.7572,0.7628,100,100,73.7
2026-04-21 14:06:00.063Z,0.7628,0.7670,783,993,54.9
2026-04-21 14:06:01.178Z,0.7628,0.7670,861,666,54.9
2026-04-21 14:06:02.061Z,0.7620,0.7676,522,603,73.2
2026-04-21 14:06:03.601Z,0.7628,0.7672,1110,670,57.5
2026-04-21 14:06:04.861Z,0.7627,0.7669,375,386,54.9
2026-04-21 14:06:05.019Z,0.7627,0.7671,494,217,57.5
2026-04-21 14:06:06.058Z,0.7620,0.7676,231,650,73.2
2026-04-21 14:06:07.023Z,0.7624,0.7670,315,758,60.2
2026-04-21 14:06:08.289Z,0.7620,0.7676,1043,812,73.2
2026-04-21 14:06:09.318Z,0.7623,0.7673,461,667,65.4
2026-04-21 14:06:10.220Z,0.7621,0.7675,396,509,70.6
2026-04-21 14:06:11.072Z,0.7628,0.7668,2054,1440,52.3
2026-04-21 14:06:12.234Z,0.7625,0.7673,2643,1144,62.8
2026-04-21 14:06:13.034Z,0.7623,0.7673,710,1236,65.4
2026-04-21 14:06:14.794Z,0.7626,0.7672,679,207,60.1
2026-04-21 14:06:15.326Z,0.7623,0.7675,262,509,68.0
2026-04-21 14:06:16.890Z,0.7622,0.7674,913,1237,68.0
2026-04-21 14:06:17.106Z,0.7624,0.7670,500,2014,60.2
2026-04-21 14:06:18.229Z,0.7629,0.7671,1121,403,54.9
2026-04-21 14:06:19.435Z,0.7625,0.7673,391,1271,62.8
2026-04-21 14:06:20.471Z,0.7622,0.7680,387,269,75.8
2026-04-21 14:06:21.514Z,0.7627,0.7673,163,480,60.1
2026-04-21 14:06:22.258Z,0.7621,0.7681,587,368,78.4
2026-04-21 14:06:23.491Z,0.7624,0.7678,321,274,70.6
2026-04-21 14:06:24.150Z,0.7627,0.7669,346,528,54.9
2026-04-21 14:06:25.148Z,0.7626,0.7674,602,245,62.7
2026-04-21 14:06:26.722Z,0.7625,0.7671,290,427,60.1
2026-04-21 14:06:27.179Z,0.7625,0.7671,817,424,60.1
2026-04-21 14:06:28.750Z,0.7622,0.7680,359,228,75.8
2026-04-21 14:06:29.781Z,0.7622,0.7676,125,415,70.6
2026-04-21 14:06:30.537Z,0.7625,0.7675,580,233,65.4
2026-04-21 14:06:31.534Z,0.7625,0.7671,147,371,60.1
2026-04-21 14:06:32.889Z,0.7623,0.7677,597,355,70.6
2026-04-21 14:06:33.558Z,0.7630,0.7670,711,404,52.3
2026-04-21 14:06:34.650Z,0.7627,0.7677,856,523,65.3
2026-04-21 14:06:35.502Z,0.7623,0.7675,396,799,68.0
2026-04-21 14:06:36.876Z,0.7621,0.7681,1095,438,78.4
2026-04-21 14:06:37.610Z,0.7622,0.7678,1443,2029,73.2
2026-04-21 14:06:38.722Z,0.7624,0.7676,1255,1159,68.0
2026-04-21 14:06:39.676Z,0.7623,0.7679,1761,1279,73.2
2026-04-21 14:06:40.330Z,0.7621,0.7679,1023,1891,75.8
2026-04-21 14:06:41.140Z,0.7626,0.7672,591,544,60.1
2026-04-21 14:06:42.223Z,0.7621,0.7679,702,463,75.8
2026-04-21 14:06:43.896Z,0.7621,0.7681,927,472,78.4
2026-04-21 14:06:44.608Z,0.7625,0.7671,618,693,60.1
2026-04-21 14:06:45.262Z,0.7621,0.7675,763,930,70.6
2026-04-21 14:06:46.762Z,0.7622,0.7676,1145,603,70.6
2026-04-21 14:06:47.456Z,0.7624,0.7676,1267,992,68.0
2026-04-21 14:06:48.833Z,0.7625,0.7675,340,468,65.4
2026-04-21 14:06:49.685Z,0.7620,0.7678,385,933,75.8
2026-04-21 14:06:50.870Z,0.7625,0.7679,787,348,70.6
2026-04-21 14:06:51.616Z,0.7623,0.7681,765,491,75.8
2026-04-21 14:06:52.182Z,0.7622,0.7676,485,883,70.6
2026-04-21 14:06:53.172Z,0.7630,0.7672,661,236,54.9
2026-04-21 14:06:54.809Z,0.7628,0.7674,781,664,60.1
2026-04-21 14:06:55.459Z,0.7620,0.7676,432,845,73.2
2026-04-21 14:06:56.547Z,0.7626,0.7674,1003,664,62.7
2026-04-21 14:06:57.153Z,0.7624,0.7676,403,537,68.0
2026-04-21 14:06:58.853Z,0.7629,0.7671,738,366,54.9
2026-04-21 14:06:59.278Z,0.7627,0.7673,577,1072,60.1
2026-04-21 14:07:00.780Z,0.7621,0.7679,194,368,75.8
2026-04-21 14:07:01.588Z,0.7628,0.7672,128,171,57.5
2026-04-21 14:07:02.726Z,0.7629,0.7671,191,186,54.9
2026-04-21 14:07:03.084Z,0.7624,0.7676,113,147,68.0
2026-04-21 14:07:04.268Z,0.7620,0.7676,185,291,73.2
2026-04-21 14:07:05.745Z,0.7621,0.7681,100,100,78.4
2026-04-21 14:07:06.676Z,0.7623,0.7679,148,181,73.2
2026-04-21 14:07:07.012Z,0.7628,0.7670,105,195,54.9
2026-04-21 14:07:08.223Z,0.7620,0.7682,187,155,81.0
2026-04-21 14:07:09.079Z,0.7627,0.7671,121,171,57.5
2026-04-21 14:07:10.703Z,0.7620,0.7678,100,118,75.8
2026-04-21 14:07:11.304Z,0.7620,0.7678,382,322,75.8
2026-04-21 14:07:12.669Z,0.7624,0.7670,298,756,60.2
2026-04-21 14:07:13.161Z,0.7620,0.7676,414,161,73.2
2026-04-21 14:07:14.728Z,0.7629,0.7671,124,100,54.9
2026-04-21 14:07:15.845Z,0.7618,0.7678,153,398,78.5
2026-04-21 14:07:16.660Z,0.7621,0.7675,291,246,70.6
2026-04-21 14:07:17.223Z,0.7622,0.7676,352,157,70.6
2026-04-21 14:07:18.333Z,0.7620,0.7676,175,380,73.2
2026-04-21 14:07:19.143Z,0.7627,0.7673,303,160,60.1
2026-04-21 14:07:20.798Z,0.7622,0.7678,196,234,73.2
2026-04-21 14:07:21.144Z,0.7627,0.7681,282,100,70.6
2026-04-21 14:07:22.251Z,0.7633,0.7681,233,160,62.7
2026-04-21 14:07:23.339Z,0.7631,0.7689,200,100,75.7
2026-04-21 14:07:24.287Z,0.7641,0.7687,191,154,60.0
2026-04-21 14:07:25.356Z,0.7645,0.7691,129,100,60.0
2026-04-21 14:07:26.031Z,0.7645,0.7697,138,100,67.8
2026-04-21 14:07:27.114Z,0.7654,0.7696,210,100,54.7
2026-04-21 14:07:28.439Z,0.7652,0.7708,207,121,72.9
2026-04-21 14:07:29.565Z,0.7653,0.7713,116,100,78.1
2026-04-21 14:07:30.116Z,0.7664,0.7714,222,170,65.0
2026-04-21 14:07:31.101Z,0.7663,0.7725,152,111,80.6
2026-04-21 14:07:32.709Z,0.7666,0.7724,188,133,75.4
2026-04-21 14:07:33.145Z,0.7676,0.7720,165,100,57.2
2026-04-21 14:07:34.878Z,0.7682,0.7728,239,100,59.7
2026-04-21 14:07:35.846Z,0.7678,0.7736,267,131,75.3
2026-04-21 14:07:36.160Z,0.7684,0.7732,253,168,62.3
2026-04-21 14:07:37.536Z,0.7683,0.7735,710,444,67.5
2026-04-21 14:07:38.082Z,0.7686,0.7736,415,359,64.8
2026-04-21 14:07:39.594Z,0.7685,0.7735,235,427,64.9
2026-04-21 14:07:40.619Z,0.7688,0.7730,231,546,54.5
2026-04-21 14:07:41.857Z,0.7684,0.7732,100,169,62.3
2026-04-21 14:07:42.327Z,0.7679,0.7737,100,135,75.2
2026-04-21 14:07:43.449Z,0.7677,0.7735,109,240,75.3
2026-04-21 14:07:44.484Z,0.7672,0.7732,114,328,77.9
2026-04-21 14:07:45.787Z,0.7677,0.7731,184,109,70.1
2026-04-21 14:07:46.179Z,0.7677,0.7725,231,299,62.3
2026-04-21 14:07:47.080Z,0.7674,0.7730,230,148,72.7
2026-04-21 14:07:48.604Z,0.7679,0.7725,120,222,59.7
2026-04-21 14:07:49.747Z,0.7673,0.7733,150,177,77.9
2026-04-21 14:07:50.254Z,0.7683,0.7723,145,100,51.9
2026-04-21 14:07:51.063Z,0.7681,0.7729,269,121,62.3
2026-04-21 14:07:52.799Z,0.7681,0.7733,145,100,67.5
2026-04-21 14:07:53.795Z,0.7681,0.7729,100,329,62.3
2026-04-21 14:07:54.700Z,0.7686,0.7730,169,127,57.1
2026-04-21 14:07:55.475Z,0.7689,0.7729,321,134,51.9
2026-04-21 14:07:56.530Z,0.7685,0.7731,239,402,59.7
2026-04-21 14:07:57.081Z,0.7679,0.7741,165,139,80.4
2026-04-21 14:07:58.303Z,0.7686,0.7732,100,148,59.7
2026-04-21 14:07:59.730Z,0.7685,0.7735,184,110,64.9
2026-04-21 14:08:00.737Z,0.7694,0.7740,259,185,59.6
