TimestampUtc,Price,Size,Exchange
2026-04-21 13:30:00.390Z,0.7599,786,SYNTH
2026-04-21 13:30:01.638Z,0.7582,960,SYNTH
2026-04-21 13:30:02.238Z,0.7592,1574,SYNTH
2026-04-21 13:30:03.496Z,0.7596,949,SYNTH
2026-04-21 13:30:04.125Z,0.7594,817,SYNTH
2026-04-21 13:30:05.143Z,0.7582,891,SYNTH
2026-04-21 13:30:06.607Z,0.7593,803,SYNTH
2026-04-21 13:30:07.105Z,0.7593,684,SYNTH
2026-04-21 13:30:08.887Z,0.7581,935,SYNTH
2026-04-21 13:30:09.740Z,0.7596,841,SYNTH
2026-04-21 13:30:10.264Z,0.7593,835,SYNTH
2026-04-21 13:30:11.179Z,0.7584,1871,SYNTH
2026-04-21 13:30:12.435Z,0.7597,1896,SYNTH
2026-04-21 13:30:13.848Z,0.7590,2778,SYNTH
2026-04-21 13:30:14.165Z,0.7586,659,SYNTH
2026-04-21 13:30:15.555Z,0.7590,622,SYNTH
2026-04-21 13:30:16.117Z,0.7591,2138,SYNTH
2026-04-21 13:30:17.263Z,0.7583,1753,SYNTH
2026-04-21 13:30:18.156Z,0.7598,904,SYNTH
2026-04-21 13:30:19.164Z,0.7599,940,SYNTH
2026-04-21 13:30:20.680Z,0.7597,734,SYNTH
2026-04-21 13:30:21.660Z,0.7588,587,SYNTH
2026-04-21 13:30:22.372Z,0.7600,543,SYNTH
2026-04-21 13:30:23.159Z,0.7585,1008,SYNTH
2026-04-21 13:30:24.534Z,0.7599,1016,SYNTH
2026-04-21 13:30:25.684Z,0.7593,746,SYNTH
2026-04-21 13:30:26.767Z,0.7585,658,SYNTH
2026-04-21 13:30:27.566Z,0.7599,866,SYNTH
2026-04-21 13:30:28.670Z,0.7593,436,SYNTH
2026-04-21 13:30:29.747Z,0.7584,452,SYNTH
2026-04-21 13:30:30.589Z,0.7601,1058,SYNTH
2026-04-21 13:30:31.034Z,0.7581,573,SYNTH
2026-04-21 13:30:32.517Z,0.7597,691,SYNTH
2026-04-21 13:30:33.354Z,0.7600,1044,SYNTH
2026-04-21 13:30:34.662Z,0.7600,728,SYNTH
2026-04-21 13:30:35.711Z,0.7580,770,SYNTH
2026-04-21 13:30:36.713Z,0.7591,562,SYNTH
2026-04-21 13:30:37.422Z,0.7600,1611,SYNTH
2026-04-21 13:30:38.846Z,0.7589,1542,SYNTH
2026-04-21 13:30:39.858Z,0.7594,1275,SYNTH
2026-04-21 13:30:40.567Z,0.7589,1793,SYNTH
2026-04-21 13:30:41.604Z,0.7588,738,SYNTH
2026-04-21 13:30:42.454Z,0.7599,582,SYNTH
2026-04-21 13:30:43.865Z,0.7595,1126,SYNTH
2026-04-21 13:30:44.480Z,0.7586,1077,SYNTH
2026-04-21 13:30:45.311Z,0.7598,1659,SYNTH
2026-04-21 13:30:46.078Z,0.7592,1572,SYNTH
2026-04-21 13:30:47.037Z,0.7592,1432,SYNTH
2026-04-21 13:30:48.096Z,0.7581,1189,SYNTH
2026-04-21 13:30:49.150Z,0.7599,875,SYNTH
2026-04-21 13:30:50.840Z,0.7587,1341,SYNTH
2026-04-21 13:30:51.875Z,0.7592,829,SYNTH
2026-04-21 13:30:52.556Z,0.7583,991,SYNTH
2026-04-21 13:30:53.305Z,0.7586,844,SYNTH
2026-04-21 13:30:54.403Z,0.7598,833,SYNTH
2026-04-21 13:30:55.570Z,0.7591,985,SYNTH
2026-04-21 13:30:56.214Z,0.7597,1164,SYNTH
2026-04-21 13:30:57.011Z,0.7595,1289,SYNTH
2026-04-21 13:30:58.421Z,0.7595,1559,SYNTH
2026-04-21 13:30:59.462Z,0.7589,1282,SYNTH
2026-04-21 13:32:00.048Z,0.7573,362,SYNTH
2026-04-21 13:32:01.102Z,0.7557,421,SYNTH
2026-04-21 13:32:02.631Z,0.7566,504,SYNTH
2026-04-21 13:32:03.883Z,0.7560,557,SYNTH
2026-04-21 13:32:04.050Z,0.7572,534,SYNTH
2026-04-21 13:32:05.377Z,0.7555,264,SYNTH
2026-04-21 13:32:06.465Z,0.7570,376,SYNTH
2026-04-21 13:32:07.377Z,0.7558,326,SYNTH
2026-04-21 13:32:08.412Z,0.7574,417,SYNTH
2026-04-21 13:32:09.573Z,0.7571,355,SYNTH
2026-04-21 13:32:10.258Z,0.7573,265,SYNTH
2026-04-21 13:32:11.664Z,0.7558,991,SYNTH
2026-04-21 13:32:12.846Z,0.7576,1112,SYNTH
2026-04-21 13:32:13.561Z,0.7573,795,SYNTH
2026-04-21 13:32:14.865Z,0.7576,300,SYNTH
2026-04-21 13:32:15.567Z,0.7561,269,SYNTH
2026-04-21 13:32:16.580Z,0.7573,556,SYNTH
2026-04-21 13:32:17.765Z,0.7558,575,SYNTH
2026-04-21 13:32:18.569Z,0.7570,717,SYNTH
2026-04-21 13:32:19.694Z,0.7561,418,SYNTH
2026-04-21 13:32:20.676Z,0.7572,281,SYNTH
2026-04-21 13:32:21.516Z,0.7560,216,SYNTH
2026-04-21 13:32:22.450Z,0.7575,269,SYNTH
2026-04-21 13:32:23.756Z,0.7561,192,SYNTH
2026-04-21 13:32:24.079Z,0.7575,331,SYNTH
2026-04-21 13:32:25.712Z,0.7577,213,SYNTH
2026-04-21 13:32:26.275Z,0.7561,354,SYNTH
2026-04-21 13:32:27.750Z,0.7562,346,SYNTH
2026-04-21 13:32:28.580Z,0.7575,248,SYNTH
2026-04-21 13:32:29.515Z,0.7558,344,SYNTH
2026-04-21 13:32:30.663Z,0.7569,336,SYNTH
2026-04-21 13:32:31.679Z,0.7572,366,SYNTH
2026-04-21 13:32:32.005Z,0.7566,208,SYNTH
2026-04-21 13:32:33.717Z,0.7573,199,SYNTH
2026-04-21 13:32:34.675Z,0.7568,305,SYNTH
2026-04-21 13:32:35.013Z,0.7572,216,SYNTH
2026-04-21 13:32:36.563Z,0.7574,227,SYNTH
2026-04-21 13:32:37.608Z,0.7576,871,SYNTH
2026-04-21 13:32:38.694Z,0.7565,549,SYNTH
2026-04-21 13:32:39.458Z,0.7571,547,SYNTH
2026-04-21 13:32:40.834Z,0.7579,573,SYNTH
2026-04-21 13:32:41.828Z,0.7562,189,SYNTH
2026-04-21 13:32:42.179Z,0.7579,173,SYNTH
2026-04-21 13:32:43.166Z,0.7576,411,SYNTH
2026-04-21 13:32:44.237Z,0.7576,413,SYNTH
2026-04-21 13:32:45.056Z,0.7561,491,SYNTH
2026-04-21 13:32:46.021Z,0.7569,578,SYNTH
2026-04-21 13:32:47.863Z,0.7571,375,SYNTH
2026-04-21 13:32:48.049Z,0.7577,304,SYNTH
2026-04-21 13:32:49.788Z,0.7568,267,SYNTH
2026-04-21 13:32:50.323Z,0.7577,339,SYNTH
2026-04-21 13:32:51.406Z,0.7560,211,SYNTH
2026-04-21 13:32:52.668Z,0.7574,406,SYNTH
2026-04-21 13:32:53.030Z,0.7578,494,SYNTH
2026-04-21 13:32:54.340Z,0.7579,364,SYNTH
2026-04-21 13:32:55.501Z,0.7571,290,SYNTH
2026-04-21 13:32:56.371Z,0.7568,500,SYNTH
2026-04-21 13:32:57.550Z,0.7573,443,SYNTH
2026-04-21 13:32:58.334Z,0.7567,443,SYNTH
2026-04-21 13:32:59.148Z,0.7571,349,SYNTH
2026-04-21 13:33:00.095Z,0.7575,64,SYNTH
2026-04-21 13:33:01.765Z,0.7575,68,SYNTH
2026-04-21 13:33:02.828Z,0.7564,45,SYNTH
2026-04-21 13:33:03.252Z,0.7566,47,SYNTH
2026-04-21 13:33:04.213Z,0.7578,60,SYNTH
2026-04-21 13:33:05.293Z,0.7574,43,SYNTH
2026-04-21 13:33:06.241Z,0.7577,65,SYNTH
2026-04-21 13:33:07.565Z,0.7572,28,SYNTH
2026-04-21 13:33:08.612Z,0.7580,58,SYNTH
2026-04-21 13:33:09.362Z,0.7563,50,SYNTH
2026-04-21 13:33:10.868Z,0.7573,41,SYNTH
2026-04-21 13:33:11.403Z,0.7562,118,SYNTH
2026-04-21 13:33:12.683Z,0.7575,71,SYNTH
2026-04-21 13:33:13.629Z,0.7564,91,SYNTH
2026-04-21 13:33:14.700Z,0.7570,31,SYNTH
2026-04-21 13:33:15.377Z,0.7573,53,SYNTH
2026-04-21 13:33:16.371Z,0.7572,45,SYNTH
2026-04-21 13:33:17.650Z,0.7565,41,SYNTH
2026-04-21 13:33:18.575Z,0.7580,38,SYNTH
2026-04-21 13:33:19.465Z,0.7564,54,SYNTH
2026-04-21 13:33:20.794Z,0.7577,29,SYNTH
2026-04-21 13:33:21.799Z,0.7570,41,SYNTH
2026-04-21 13:33:22.216Z,0.7560,21,SYNTH
2026-04-21 13:33:23.781Z,0.7565,48,SYNTH
2026-04-21 13:33:24.269Z,0.7563,23,SYNTH
2026-04-21 13:33:25.376Z,0.7570,34,SYNTH
2026-04-21 13:33:26.211Z,0.7561,41,SYNTH
2026-04-21 13:33:27.319Z,0.7573,45,SYNTH
2026-04-21 13:33:28.180Z,0.7565,39,SYNTH
2026-04-21 13:33:29.400Z,0.7575,26,SYNTH
2026-04-21 13:33:30.121Z,0.7572,32,SYNTH
2026-04-21 13:33:31.305Z,0.7567,39,SYNTH
2026-04-21 13:33:32.206Z,0.7558,32,SYNTH
2026-04-21 13:33:33.277Z,0.7572,25,SYNTH
2026-04-21 13:33:34.399Z,0.7562,25,SYNTH
2026-04-21 13:33:35.231Z,0.7575,40,SYNTH
2026-04-21 13:33:36.469Z,0.7568,31,SYNTH
2026-04-21 13:33:37.502Z,0.7567,60,SYNTH
2026-04-21 13:33:38.208Z,0.7575,116,SYNTH
2026-04-21 13:33:39.673Z,0.7561,96,SYNTH
2026-04-21 13:33:40.872Z,0.7569,71,SYNTH
2026-04-21 13:33:41.871Z,0.7571,25,SYNTH
2026-04-21 13:33:42.647Z,0.7561,39,SYNTH
2026-04-21 13:33:43.833Z,0.7569,22,SYNTH
2026-04-21 13:33:44.126Z,0.7567,28,SYNTH
2026-04-21 13:33:45.138Z,0.7562,39,SYNTH
2026-04-21 13:33:46.669Z,0.7574,71,SYNTH
2026-04-21 13:33:47.072Z,0.7572,43,SYNTH
2026-04-21 13:33:48.896Z,0.7559,53,SYNTH
2026-04-21 13:33:49.355Z,0.7568,39,SYNTH
2026-04-21 13:33:50.670Z,0.7560,36,SYNTH
2026-04-21 13:33:51.667Z,0.7570,33,SYNTH
2026-04-21 13:33:52.037Z,0.7561,29,SYNTH
2026-04-21 13:33:53.143Z,0.7563,32,SYNTH
2026-04-21 13:33:54.220Z,0.7568,44,SYNTH
2026-04-21 13:33:55.184Z,0.7561,40,SYNTH
2026-04-21 13:33:56.552Z,0.7569,50,SYNTH
2026-04-21 13:33:57.216Z,0.7563,48,SYNTH
2026-04-21 13:33:58.018Z,0.7564,70,SYNTH
2026-04-21 13:33:59.224Z,0.7568,53,SYNTH
2026-04-21 13:34:00.808Z,0.7573,115,SYNTH
2026-04-21 13:34:01.398Z,0.7572,138,SYNTH
2026-04-21 13:34:02.564Z,0.7565,105,SYNTH
2026-04-21 13:34:03.314Z,0.7572,111,SYNTH
2026-04-21 13:34:04.605Z,0.7575,116,SYNTH
2026-04-21 13:34:05.448Z,0.7578,70,SYNTH
2026-04-21 13:34:06.889Z,0.7573,104,SYNTH
2026-04-21 13:34:07.354Z,0.7580,85,SYNTH
2026-04-21 13:34:08.349Z,0.7566,119,SYNTH
2026-04-21 13:34:09.497Z,0.7576,59,SYNTH
2026-04-21 13:34:10.404Z,0.7579,84,SYNTH
2026-04-21 13:34:11.743Z,0.7565,178,SYNTH
2026-04-21 13:34:12.564Z,0.7565,219,SYNTH
2026-04-21 13:34:13.193Z,0.7569,210,SYNTH
2026-04-21 13:34:14.230Z,0.7567,75,SYNTH
2026-04-21 13:34:15.898Z,0.7557,85,SYNTH
2026-04-21 13:34:16.784Z,0.7570,118,SYNTH
2026-04-21 13:34:17.052Z,0.7579,182,SYNTH
2026-04-21 13:34:18.462Z,0.7563,185,SYNTH
2026-04-21 13:34:19.250Z,0.7558,76,SYNTH
2026-04-21 13:34:20.683Z,0.7574,74,SYNTH
2026-04-21 13:34:21.324Z,0.7579,89,SYNTH
2026-04-21 13:34:22.299Z,0.7562,64,SYNTH
2026-04-21 13:34:23.676Z,0.7578,44,SYNTH
2026-04-21 13:34:24.892Z,0.7577,69,SYNTH
2026-04-21 13:34:25.275Z,0.7571,75,SYNTH
2026-04-21 13:34:26.792Z,0.7575,90,SYNTH
2026-04-21 13:34:27.455Z,0.7575,84,SYNTH
2026-04-21 13:34:28.012Z,0.7572,43,SYNTH
2026-04-21 13:34:29.496Z,0.7579,91,SYNTH
2026-04-21 13:34:30.806Z,0.7573,82,SYNTH
2026-04-21 13:34:31.885Z,0.7563,39,SYNTH
2026-04-21 13:34:32.750Z,0.7581,81,SYNTH
2026-04-21 13:34:33.715Z,0.7569,58,SYNTH
2026-04-21 13:34:34.548Z,0.7573,52,SYNTH
2026-04-21 13:34:35.840Z,0.7565,88,SYNTH
2026-04-21 13:34:36.126Z,0.7578,54,SYNTH
2026-04-21 13:34:37.108Z,0.7577,241,SYNTH
2026-04-21 13:34:38.277Z,0.7563,171,SYNTH
2026-04-21 13:34:39.748Z,0.7580,130,SYNTH
2026-04-21 13:34:40.661Z,0.7566,224,SYNTH
2026-04-21 13:34:41.285Z,0.7574,89,SYNTH
2026-04-21 13:34:42.666Z,0.7572,64,SYNTH
2026-04-21 13:34:43.496Z,0.7564,90,SYNTH
2026-04-21 13:34:44.625Z,0.7577,90,SYNTH
2026-04-21 13:34:45.858Z,0.7571,115,SYNTH
2026-04-21 13:34:46.610Z,0.7569,91,SYNTH
2026-04-21 13:34:47.810Z,0.7558,160,SYNTH
2026-04-21 13:34:48.545Z,0.7575,63,SYNTH
2026-04-21 13:34:49.386Z,0.7575,63,SYNTH
2026-04-21 13:34:50.035Z,0.7561,95,SYNTH
2026-04-21 13:34:51.328Z,0.7559,112,SYNTH
2026-04-21 13:34:52.304Z,0.7574,93,SYNTH
2026-04-21 13:34:53.689Z,0.7579,80,SYNTH
2026-04-21 13:34:54.537Z,0.7564,100,SYNTH
2026-04-21 13:34:55.425Z,0.7560,62,SYNTH
2026-04-21 13:34:56.585Z,0.7579,80,SYNTH
2026-04-21 13:34:57.022Z,0.7571,80,SYNTH
2026-04-21 13:34:58.068Z,0.7572,70,SYNTH
2026-04-21 13:34:59.377Z,0.7564,116,SYNTH
2026-04-21 13:35:00.007Z,0.7575,149,SYNTH
2026-04-21 13:35:01.565Z,0.7576,65,SYNTH
2026-04-21 13:35:02.659Z,0.7578,90,SYNTH
2026-04-21 13:35:03.665Z,0.7573,63,SYNTH
2026-04-21 13:35:04.466Z,0.7559,94,SYNTH
2026-04-21 13:35:05.593Z,0.7575,72,SYNTH
2026-04-21 13:35:06.123Z,0.7568,124,SYNTH
2026-04-21 13:35:07.136Z,0.7575,69,SYNTH
2026-04-21 13:35:08.170Z,0.7559,79,SYNTH
2026-04-21 13:35:09.330Z,0.7578,54,SYNTH
2026-04-21 13:35:10.322Z,0.7568,83,SYNTH
2026-04-21 13:35:11.711Z,0.7573,261,SYNTH
2026-04-21 13:35:12.251Z,0.7559,135,SYNTH
2026-04-21 13:35:13.719Z,0.7575,125,SYNTH
2026-04-21 13:35:14.116Z,0.7563,81,SYNTH
2026-04-21 13:35:15.770Z,0.7572,98,SYNTH
2026-04-21 13:35:16.006Z,0.7578,140,SYNTH
2026-04-21 13:35:17.448Z,0.7560,108,SYNTH
2026-04-21 13:35:18.222Z,0.7580,100,SYNTH
2026-04-21 13:35:19.238Z,0.7562,141,SYNTH
2026-04-21 13:35:20.561Z,0.7579,61,SYNTH
2026-04-21 13:35:21.804Z,0.7566,66,SYNTH
2026-04-21 13:35:22.005Z,0.7579,62,SYNTH
2026-04-21 13:35:23.808Z,0.7575,96,SYNTH
2026-04-21 13:35:24.614Z,0.7561,93,SYNTH
2026-04-21 13:35:25.678Z,0.7575,44,SYNTH
2026-04-21 13:35:26.052Z,0.7562,57,SYNTH
2026-04-21 13:35:27.369Z,0.7558,41,SYNTH
2026-04-21 13:35:28.052Z,0.7569,84,SYNTH
2026-04-21 13:35:29.522Z,0.7575,66,SYNTH
2026-04-21 13:35:30.543Z,0.7573,72,SYNTH
2026-04-21 13:35:31.263Z,0.7567,67,SYNTH
2026-04-21 13:35:32.560Z,0.7577,73,SYNTH
2026-04-21 13:35:33.151Z,0.7577,66,SYNTH
2026-04-21 13:35:34.681Z,0.7559,58,SYNTH
2026-04-21 13:35:35.846Z,0.7575,84,SYNTH
2026-04-21 13:35:36.258Z,0.7574,86,SYNTH
2026-04-21 13:35:37.896Z,0.7571,120,SYNTH
2026-04-21 13:35:38.116Z,0.7561,122,SYNTH
2026-04-21 13:35:39.190Z,0.7570,143,SYNTH
2026-04-21 13:35:40.373Z,0.7570,137,SYNTH
2026-04-21 13:35:41.663Z,0.7574,87,SYNTH
2026-04-21 13:35:42.655Z,0.7558,77,SYNTH
2026-04-21 13:35:43.524Z,0.7572,57,SYNTH
2026-04-21 13:35:44.364Z,0.7574,107,SYNTH
2026-04-21 13:35:45.484Z,0.7569,172,SYNTH
2026-04-21 13:35:46.630Z,0.7561,156,SYNTH
2026-04-21 13:35:47.648Z,0.7575,144,SYNTH
2026-04-21 13:35:48.403Z,0.7577,97,SYNTH
2026-04-21 13:35:49.859Z,0.7569,116,SYNTH
2026-04-21 13:35:50.770Z,0.7578,114,SYNTH
2026-04-21 13:35:51.826Z,0.7565,120,SYNTH
2026-04-21 13:35:52.151Z,0.7578,62,SYNTH
2026-04-21 13:35:53.710Z,0.7574,62,SYNTH
2026-04-21 13:35:54.683Z,0.7568,120,SYNTH
2026-04-21 13:35:55.356Z,0.7559,136,SYNTH
2026-04-21 13:35:56.378Z,0.7577,114,SYNTH
2026-04-21 13:35:57.513Z,0.7566,114,SYNTH
2026-04-21 13:35:58.377Z,0.7567,91,SYNTH
2026-04-21 13:35:59.668Z,0.7576,152,SYNTH
2026-04-21 13:36:00.473Z,0.7574,28,SYNTH
2026-04-21 13:36:01.080Z,0.7557,61,SYNTH
2026-04-21 13:36:02.873Z,0.7570,34,SYNTH
2026-04-21 13:36:03.694Z,0.7562,58,SYNTH
2026-04-21 13:36:04.462Z,0.7568,38,SYNTH
2026-04-21 13:36:05.583Z,0.7576,52,SYNTH
2026-04-21 13:36:06.208Z,0.7557,44,SYNTH
2026-04-21 13:36:07.145Z,0.7576,52,SYNTH
2026-04-21 13:36:08.808Z,0.7558,38,SYNTH
2026-04-21 13:36:09.684Z,0.7570,43,SYNTH
2026-04-21 13:36:10.819Z,0.7572,21,SYNTH
2026-04-21 13:36:11.126Z,0.7556,90,SYNTH
2026-04-21 13:36:12.244Z,0.7570,56,SYNTH
2026-04-21 13:36:13.716Z,0.7570,87,SYNTH
2026-04-21 13:36:14.019Z,0.7557,34,SYNTH
2026-04-21 13:36:15.863Z,0.7559,22,SYNTH
2026-04-21 13:36:16.582Z,0.7570,73,SYNTH
2026-04-21 13:36:17.176Z,0.7570,45,SYNTH
2026-04-21 13:36:18.110Z,0.7576,43,SYNTH
2026-04-21 13:36:19.141Z,0.7574,43,SYNTH
2026-04-21 13:36:20.150Z,0.7569,31,SYNTH
2026-04-21 13:36:21.385Z,0.7569,25,SYNTH
2026-04-21 13:36:22.031Z,0.7571,34,SYNTH
2026-04-21 13:36:23.179Z,0.7565,20,SYNTH
2026-04-21 13:36:24.510Z,0.7558,25,SYNTH
2026-04-21 13:36:25.498Z,0.7571,34,SYNTH
2026-04-21 13:36:26.593Z,0.7569,26,SYNTH
2026-04-21 13:36:27.680Z,0.7564,24,SYNTH
2026-04-21 13:36:28.012Z,0.7571,29,SYNTH
2026-04-21 13:36:29.649Z,0.7559,30,SYNTH
2026-04-21 13:36:30.587Z,0.7571,27,SYNTH
2026-04-21 13:36:31.347Z,0.7562,31,SYNTH
2026-04-21 13:36:32.131Z,0.7564,28,SYNTH
2026-04-21 13:36:33.407Z,0.7569,17,SYNTH
2026-04-21 13:36:34.113Z,0.7555,36,SYNTH
2026-04-21 13:36:35.282Z,0.7568,25,SYNTH
2026-04-21 13:36:36.319Z,0.7563,30,SYNTH
2026-04-21 13:36:37.390Z,0.7573,94,SYNTH
2026-04-21 13:36:38.348Z,0.7570,71,SYNTH
2026-04-21 13:36:39.497Z,0.7568,61,SYNTH
2026-04-21 13:36:40.299Z,0.7561,91,SYNTH
2026-04-21 13:36:41.006Z,0.7571,26,SYNTH
2026-04-21 13:36:42.035Z,0.7574,26,SYNTH
2026-04-21 13:36:43.065Z,0.7572,23,SYNTH
2026-04-21 13:36:44.465Z,0.7576,32,SYNTH
2026-04-21 13:36:45.819Z,0.7564,59,SYNTH
2026-04-21 13:36:46.849Z,0.7571,57,SYNTH
2026-04-21 13:36:47.093Z,0.7556,40,SYNTH
2026-04-21 13:36:48.611Z,0.7571,29,SYNTH
2026-04-21 13:36:49.209Z,0.7565,27,SYNTH
2026-04-21 13:36:50.315Z,0.7556,29,SYNTH
2026-04-21 13:36:51.304Z,0.7574,26,SYNTH
2026-04-21 13:36:52.752Z,0.7568,25,SYNTH
2026-04-21 13:36:53.281Z,0.7559,35,SYNTH
2026-04-21 13:36:54.186Z,0.7577,54,SYNTH
2026-04-21 13:36:55.830Z,0.7561,45,SYNTH
2026-04-21 13:36:56.445Z,0.7566,35,SYNTH
2026-04-21 13:36:57.707Z,0.7568,29,SYNTH
2026-04-21 13:36:58.750Z,0.7574,39,SYNTH
2026-04-21 13:36:59.411Z,0.7575,61,SYNTH
2026-04-21 13:37:00.481Z,0.7582,20,SYNTH
2026-04-21 13:37:01.266Z,0.7569,11,SYNTH
2026-04-21 13:37:02.509Z,0.7583,9,SYNTH
2026-04-21 13:37:03.047Z,0.7567,8,SYNTH
2026-04-21 13:37:04.149Z,0.7569,10,SYNTH
2026-04-21 13:37:05.071Z,0.7584,8,SYNTH
2026-04-21 13:37:06.152Z,0.7573,8,SYNTH
2026-04-21 13:37:07.049Z,0.7577,14,SYNTH
2026-04-21 13:37:08.032Z,0.7566,8,SYNTH
2026-04-21 13:37:09.660Z,0.7583,16,SYNTH
2026-04-21 13:37:10.725Z,0.7583,9,SYNTH
2026-04-21 13:37:11.811Z,0.7578,38,SYNTH
2026-04-21 13:37:12.674Z,0.7574,25,SYNTH
2026-04-21 13:37:13.555Z,0.7579,28,SYNTH
2026-04-21 13:37:14.346Z,0.7567,8,SYNTH
2026-04-21 13:37:15.806Z,0.7581,12,SYNTH
2026-04-21 13:37:16.637Z,0.7571,25,SYNTH
2026-04-21 13:37:17.777Z,0.7580,21,SYNTH
2026-04-21 13:37:18.573Z,0.7573,13,SYNTH
2026-04-21 13:37:19.773Z,0.7577,14,SYNTH
2026-04-21 13:37:20.883Z,0.7567,13,SYNTH
2026-04-21 13:37:21.057Z,0.7576,6,SYNTH
2026-04-21 13:37:22.402Z,0.7582,7,SYNTH
2026-04-21 13:37:23.829Z,0.7581,7,SYNTH
2026-04-21 13:37:24.363Z,0.7582,11,SYNTH
2026-04-21 13:37:25.379Z,0.7584,7,SYNTH
2026-04-21 13:37:26.668Z,0.7571,7,SYNTH
2026-04-21 13:37:27.366Z,0.7588,12,SYNTH
2026-04-21 13:37:28.138Z,0.7588,8,SYNTH
2026-04-21 13:37:29.691Z,0.7589,9,SYNTH
2026-04-21 13:37:30.120Z,0.7578,5,SYNTH
2026-04-21 13:37:31.118Z,0.7583,9,SYNTH
2026-04-21 13:37:32.772Z,0.7581,12,SYNTH
2026-04-21 13:37:33.160Z,0.7593,11,SYNTH
2026-04-21 13:37:34.212Z,0.7575,12,SYNTH
2026-04-21 13:37:35.584Z,0.7589,10,SYNTH
2026-04-21 13:37:36.072Z,0.7592,10,SYNTH
2026-04-21 13:37:37.700Z,0.7582,14,SYNTH
2026-04-21 13:37:38.581Z,0.7590,16,SYNTH
2026-04-21 13:37:39.710Z,0.7580,14,SYNTH
2026-04-21 13:37:40.849Z,0.7577,32,SYNTH
2026-04-21 13:37:41.579Z,0.7589,13,SYNTH
2026-04-21 13:37:42.617Z,0.7590,7,SYNTH
2026-04-21 13:37:43.715Z,0.7587,11,SYNTH
2026-04-21 13:37:44.458Z,0.7574,10,SYNTH
2026-04-21 13:37:45.799Z,0.7583,18,SYNTH
2026-04-21 13:37:46.409Z,0.7572,14,SYNTH
2026-04-21 13:37:47.474Z,0.7592,11,SYNTH
2026-04-21 13:37:48.293Z,0.7574,10,SYNTH
2026-04-21 13:37:49.063Z,0.7589,10,SYNTH
2026-04-21 13:37:50.576Z,0.7586,10,SYNTH
2026-04-21 13:37:51.837Z,0.7592,10,SYNTH
2026-04-21 13:37:52.678Z,0.7586,7,SYNTH
2026-04-21 13:37:53.872Z,0.7577,17,SYNTH
2026-04-21 13:37:54.249Z,0.7578,11,SYNTH
2026-04-21 13:37:55.776Z,0.7591,11,SYNTH
2026-04-21 13:37:56.858Z,0.7583,17,SYNTH
2026-04-21 13:37:57.499Z,0.7591,12,SYNTH
2026-04-21 13:37:58.189Z,0.7589,16,SYNTH
2026-04-21 13:37:59.794Z,0.7575,10,SYNTH
2026-04-21 13:38:00.247Z,0.7574,748,SYNTH
2026-04-21 13:38:01.590Z,0.7560,861,SYNTH
2026-04-21 13:38:02.437Z,0.7572,438,SYNTH
2026-04-21 13:38:03.550Z,0.7566,850,SYNTH
2026-04-21 13:38:04.119Z,0.7557,581,SYNTH
2026-04-21 13:38:05.870Z,0.7575,620,SYNTH
2026-04-21 13:38:06.616Z,0.7573,785,SYNTH
2026-04-21 13:38:07.271Z,0.7559,359,SYNTH
2026-04-21 13:38:08.060Z,0.7558,490,SYNTH
2026-04-21 13:38:09.827Z,0.7566,342,SYNTH
2026-04-21 13:38:10.231Z,0.7564,473,SYNTH
2026-04-21 13:38:11.831Z,0.7574,855,SYNTH
2026-04-21 13:38:12.276Z,0.7572,1503,SYNTH
2026-04-21 13:38:13.165Z,0.7577,1824,SYNTH
2026-04-21 13:38:14.804Z,0.7566,533,SYNTH
2026-04-21 13:38:15.400Z,0.7564,446,SYNTH
2026-04-21 13:38:16.702Z,0.7570,1215,SYNTH
2026-04-21 13:38:17.720Z,0.7566,714,SYNTH
2026-04-21 13:38:18.221Z,0.7561,687,SYNTH
2026-04-21 13:38:19.745Z,0.7555,1229,SYNTH
2026-04-21 13:38:20.024Z,0.7567,359,SYNTH
2026-04-21 13:38:21.429Z,0.7564,417,SYNTH
2026-04-21 13:38:22.480Z,0.7573,398,SYNTH
2026-04-21 13:38:23.386Z,0.7564,378,SYNTH
2026-04-21 13:38:24.207Z,0.7558,439,SYNTH
2026-04-21 13:38:25.856Z,0.7557,581,SYNTH
2026-04-21 13:38:26.500Z,0.7565,537,SYNTH
2026-04-21 13:38:27.303Z,0.7556,603,SYNTH
2026-04-21 13:38:28.826Z,0.7562,471,SYNTH
2026-04-21 13:38:29.682Z,0.7546,529,SYNTH
2026-04-21 13:38:30.069Z,0.7547,320,SYNTH
2026-04-21 13:38:31.565Z,0.7553,400,SYNTH
2026-04-21 13:38:32.032Z,0.7539,287,SYNTH
2026-04-21 13:38:33.341Z,0.7536,402,SYNTH
2026-04-21 13:38:34.317Z,0.7546,571,SYNTH
2026-04-21 13:38:35.076Z,0.7538,397,SYNTH
2026-04-21 13:38:36.293Z,0.7550,579,SYNTH
2026-04-21 13:38:37.444Z,0.7541,788,SYNTH
2026-04-21 13:38:38.247Z,0.7536,1602,SYNTH
2026-04-21 13:38:39.252Z,0.7551,1197,SYNTH
2026-04-21 13:38:40.715Z,0.7536,1301,SYNTH
2026-04-21 13:38:41.348Z,0.7546,658,SYNTH
2026-04-21 13:38:42.455Z,0.7551,714,SYNTH
2026-04-21 13:38:43.559Z,0.7539,525,SYNTH
2026-04-21 13:38:44.660Z,0.7552,526,SYNTH
2026-04-21 13:38:45.405Z,0.7540,544,SYNTH
2026-04-21 13:38:46.759Z,0.7552,601,SYNTH
2026-04-21 13:38:47.741Z,0.7550,772,SYNTH
2026-04-21 13:38:48.224Z,0.7554,617,SYNTH
2026-04-21 13:38:49.856Z,0.7540,515,SYNTH
2026-04-21 13:38:50.183Z,0.7546,477,SYNTH
2026-04-21 13:38:51.405Z,0.7534,627,SYNTH
2026-04-21 13:38:52.428Z,0.7550,839,SYNTH
2026-04-21 13:38:53.880Z,0.7540,804,SYNTH
2026-04-21 13:38:54.322Z,0.7548,721,SYNTH
2026-04-21 13:38:55.226Z,0.7539,603,SYNTH
2026-04-21 13:38:56.672Z,0.7538,602,SYNTH
2026-04-21 13:38:57.468Z,0.7532,659,SYNTH
2026-04-21 13:38:58.858Z,0.7546,893,SYNTH
2026-04-21 13:38:59.371Z,0.7545,888,SYNTH
2026-04-21 13:39:00.652Z,0.7551,4,SYNTH
2026-04-21 13:39:01.875Z,0.7549,8,SYNTH
2026-04-21 13:39:02.428Z,0.7534,4,SYNTH
2026-04-21 13:39:03.303Z,0.7551,7,SYNTH
2026-04-21 13:39:04.209Z,0.7549,6,SYNTH
2026-04-21 13:39:05.169Z,0.7539,5,SYNTH
2026-04-21 13:39:06.860Z,0.7548,7,SYNTH
2026-04-21 13:39:07.748Z,0.7549,6,SYNTH
2026-04-21 13:39:08.393Z,0.7533,3,SYNTH
2026-04-21 13:39:09.496Z,0.7544,5,SYNTH
2026-04-21 13:39:10.246Z,0.7542,4,SYNTH
2026-04-21 13:39:11.409Z,0.7536,8,SYNTH
2026-04-21 13:39:12.328Z,0.7531,11,SYNTH
2026-04-21 13:39:13.652Z,0.7552,14,SYNTH
2026-04-21 13:39:14.655Z,0.7547,6,SYNTH
2026-04-21 13:39:15.747Z,0.7536,3,SYNTH
2026-04-21 13:39:16.041Z,0.7544,8,SYNTH
2026-04-21 13:39:17.021Z,0.7546,10,SYNTH
2026-04-21 13:39:18.241Z,0.7540,8,SYNTH
2026-04-21 13:39:19.326Z,0.7537,7,SYNTH
2026-04-21 13:39:20.136Z,0.7554,5,SYNTH
2026-04-21 13:39:21.205Z,0.7554,3,SYNTH
2026-04-21 13:39:22.357Z,0.7551,3,SYNTH
2026-04-21 13:39:23.747Z,0.7553,3,SYNTH
2026-04-21 13:39:24.610Z,0.7561,6,SYNTH
2026-04-21 13:39:25.728Z,0.7556,5,SYNTH
2026-04-21 13:39:26.117Z,0.7560,2,SYNTH
2026-04-21 13:39:27.444Z,0.7561,6,SYNTH
2026-04-21 13:39:28.523Z,0.7571,4,SYNTH
2026-04-21 13:39:29.677Z,0.7570,3,SYNTH
2026-04-21 13:39:30.073Z,0.7571,5,SYNTH
2026-04-21 13:39:31.429Z,0.7573,4,SYNTH
2026-04-21 13:39:32.258Z,0.7575,5,SYNTH
2026-04-21 13:39:33.881Z,0.7582,5,SYNTH
2026-04-21 13:39:34.194Z,0.7578,3,SYNTH
2026-04-21 13:39:35.892Z,0.7584,3,SYNTH
2026-04-21 13:39:36.435Z,0.7583,6,SYNTH
2026-04-21 13:39:37.363Z,0.7588,7,SYNTH
2026-04-21 13:39:38.841Z,0.7587,6,SYNTH
2026-04-21 13:39:39.302Z,0.7591,8,SYNTH
2026-04-21 13:39:40.714Z,0.7586,7,SYNTH
2026-04-21 13:39:41.623Z,0.7578,4,SYNTH
2026-04-21 13:39:42.377Z,0.7586,4,SYNTH
2026-04-21 13:39:43.299Z,0.7573,6,SYNTH
2026-04-21 13:39:44.297Z,0.7567,5,SYNTH
2026-04-21 13:39:45.844Z,0.7589,7,SYNTH
2026-04-21 13:39:46.051Z,0.7571,5,SYNTH
2026-04-21 13:39:47.808Z,0.7573,6,SYNTH
2026-04-21 13:39:48.094Z,0.7573,5,SYNTH
2026-04-21 13:39:49.473Z,0.7586,6,SYNTH
2026-04-21 13:39:50.553Z,0.7585,5,SYNTH
2026-04-21 13:39:51.225Z,0.7574,6,SYNTH
2026-04-21 13:39:52.506Z,0.7587,4,SYNTH
2026-04-21 13:39:53.766Z,0.7587,5,SYNTH
2026-04-21 13:39:54.226Z,0.7579,4,SYNTH
2026-04-21 13:39:55.428Z,0.7588,5,SYNTH
2026-04-21 13:39:56.027Z,0.7584,4,SYNTH
2026-04-21 13:39:57.546Z,0.7575,4,SYNTH
2026-04-21 13:39:58.057Z,0.7584,4,SYNTH
2026-04-21 13:39:59.488Z,0.7576,8,SYNTH
2026-04-21 13:40:00.879Z,0.7586,58,SYNTH
2026-04-21 13:40:01.448Z,0.7580,78,SYNTH
2026-04-21 13:40:02.829Z,0.7571,91,SYNTH
2026-04-21 13:40:03.014Z,0.7585,71,SYNTH
2026-04-21 13:40:04.000Z,0.7575,71,SYNTH
2026-04-21 13:40:05.213Z,0.7569,42,SYNTH
2026-04-21 13:40:06.789Z,0.7585,39,SYNTH
2026-04-21 13:40:07.139Z,0.7572,76,SYNTH
2026-04-21 13:40:08.359Z,0.7577,80,SYNTH
2026-04-21 13:40:09.138Z,0.7588,39,SYNTH
2026-04-21 13:40:10.223Z,0.7586,35,SYNTH
2026-04-21 13:40:11.388Z,0.7571,170,SYNTH
2026-04-21 13:40:12.249Z,0.7583,143,SYNTH
2026-04-21 13:40:13.036Z,0.7575,108,SYNTH
2026-04-21 13:40:14.577Z,0.7588,59,SYNTH
2026-04-21 13:40:15.460Z,0.7578,42,SYNTH
2026-04-21 13:40:16.175Z,0.7584,76,SYNTH
2026-04-21 13:40:17.438Z,0.7583,85,SYNTH
2026-04-21 13:40:18.273Z,0.7576,87,SYNTH
2026-04-21 13:40:19.122Z,0.7586,90,SYNTH
2026-04-21 13:40:20.751Z,0.7577,66,SYNTH
2026-04-21 13:40:21.212Z,0.7587,51,SYNTH
2026-04-21 13:40:22.044Z,0.7583,60,SYNTH
2026-04-21 13:40:23.011Z,0.7570,64,SYNTH
2026-04-21 13:40:24.263Z,0.7583,30,SYNTH
2026-04-21 13:40:25.684Z,0.7576,53,SYNTH
2026-04-21 13:40:26.090Z,0.7585,47,SYNTH
2026-04-21 13:40:27.878Z,0.7572,54,SYNTH
2026-04-21 13:40:28.440Z,0.7589,33,SYNTH
2026-04-21 13:40:29.566Z,0.7571,57,SYNTH
2026-04-21 13:40:30.140Z,0.7587,37,SYNTH
2026-04-21 13:40:31.426Z,0.7584,38,SYNTH
2026-04-21 13:40:32.502Z,0.7571,58,SYNTH
2026-04-21 13:40:33.871Z,0.7590,35,SYNTH
2026-04-21 13:40:34.078Z,0.7577,34,SYNTH
2026-04-21 13:40:35.808Z,0.7583,58,SYNTH
2026-04-21 13:40:36.181Z,0.7580,50,SYNTH
2026-04-21 13:40:37.714Z,0.7583,155,SYNTH
2026-04-21 13:40:38.464Z,0.7584,119,SYNTH
2026-04-21 13:40:39.470Z,0.7571,161,SYNTH
2026-04-21 13:40:40.280Z,0.7587,79,SYNTH
2026-04-21 13:40:41.420Z,0.7571,66,SYNTH
2026-04-21 13:40:42.074Z,0.7590,70,SYNTH
2026-04-21 13:40:43.397Z,0.7576,37,SYNTH
2026-04-21 13:40:44.562Z,0.7582,53,SYNTH
2026-04-21 13:40:45.425Z,0.7575,50,SYNTH
2026-04-21 13:40:46.269Z,0.7590,54,SYNTH
2026-04-21 13:40:47.773Z,0.7586,94,SYNTH
2026-04-21 13:40:48.702Z,0.7574,63,SYNTH
2026-04-21 13:40:49.157Z,0.7576,61,SYNTH
2026-04-21 13:40:50.621Z,0.7586,65,SYNTH
2026-04-21 13:40:51.740Z,0.7575,86,SYNTH
2026-04-21 13:40:52.632Z,0.7587,49,SYNTH
2026-04-21 13:40:53.832Z,0.7578,61,SYNTH
2026-04-21 13:40:54.489Z,0.7572,72,SYNTH
2026-04-21 13:40:55.821Z,0.7580,75,SYNTH
2026-04-21 13:40:56.125Z,0.7586,69,SYNTH
2026-04-21 13:40:57.635Z,0.7580,42,SYNTH
2026-04-21 13:40:58.461Z,0.7575,81,SYNTH
2026-04-21 13:40:59.438Z,0.7588,71,SYNTH
2026-04-21 13:41:00.376Z,0.7581,29,SYNTH
2026-04-21 13:41:01.492Z,0.7581,34,SYNTH
2026-04-21 13:41:02.875Z,0.7568,30,SYNTH
2026-04-21 13:41:03.785Z,0.7573,20,SYNTH
2026-04-21 13:41:04.655Z,0.7565,29,SYNTH
2026-04-21 13:41:05.344Z,0.7582,30,SYNTH
2026-04-21 13:41:06.354Z,0.7558,20,SYNTH
2026-04-21 13:41:07.776Z,0.7559,34,SYNTH
2026-04-21 13:41:08.224Z,0.7554,23,SYNTH
2026-04-21 13:41:09.384Z,0.7566,23,SYNTH
2026-04-21 13:41:10.761Z,0.7551,23,SYNTH
2026-04-21 13:41:11.446Z,0.7551,73,SYNTH
2026-04-21 13:41:12.232Z,0.7550,71,SYNTH
2026-04-21 13:41:13.731Z,0.7546,66,SYNTH
2026-04-21 13:41:14.367Z,0.7564,32,SYNTH
2026-04-21 13:41:15.369Z,0.7549,20,SYNTH
2026-04-21 13:41:16.302Z,0.7568,55,SYNTH
2026-04-21 13:41:17.621Z,0.7567,34,SYNTH
2026-04-21 13:41:18.693Z,0.7556,24,SYNTH
2026-04-21 13:41:19.621Z,0.7568,30,SYNTH
2026-04-21 13:41:20.288Z,0.7557,26,SYNTH
2026-04-21 13:41:21.122Z,0.7573,18,SYNTH
2026-04-21 13:41:22.841Z,0.7565,26,SYNTH
2026-04-21 13:41:23.750Z,0.7555,14,SYNTH
2026-04-21 13:41:24.510Z,0.7571,22,SYNTH
2026-04-21 13:41:25.799Z,0.7574,23,SYNTH
2026-04-21 13:41:26.896Z,0.7560,15,SYNTH
2026-04-21 13:41:27.179Z,0.7573,13,SYNTH
2026-04-21 13:41:28.827Z,0.7579,15,SYNTH
2026-04-21 13:41:29.356Z,0.7563,23,SYNTH
2026-04-21 13:41:30.061Z,0.7580,12,SYNTH
2026-04-21 13:41:31.839Z,0.7582,15,SYNTH
2026-04-21 13:41:32.173Z,0.7565,25,SYNTH
2026-04-21 13:41:33.732Z,0.7585,15,SYNTH
2026-04-21 13:41:34.341Z,0.7586,22,SYNTH
2026-04-21 13:41:35.359Z,0.7582,25,SYNTH
2026-04-21 13:41:36.608Z,0.7568,17,SYNTH
2026-04-21 13:41:37.839Z,0.7585,39,SYNTH
2026-04-21 13:41:38.116Z,0.7589,37,SYNTH
2026-04-21 13:41:39.552Z,0.7585,57,SYNTH
2026-04-21 13:41:40.489Z,0.7582,71,SYNTH
2026-04-21 13:41:41.578Z,0.7577,13,SYNTH
2026-04-21 13:41:42.562Z,0.7584,23,SYNTH
2026-04-21 13:41:43.622Z,0.7586,28,SYNTH
2026-04-21 13:41:44.062Z,0.7571,21,SYNTH
2026-04-21 13:41:45.146Z,0.7580,42,SYNTH
2026-04-21 13:41:46.467Z,0.7590,33,SYNTH
2026-04-21 13:41:47.829Z,0.7575,37,SYNTH
2026-04-21 13:41:48.172Z,0.7581,16,SYNTH
2026-04-21 13:41:49.789Z,0.7575,21,SYNTH
2026-04-21 13:41:50.550Z,0.7581,21,SYNTH
2026-04-21 13:41:51.457Z,0.7583,18,SYNTH
2026-04-21 13:41:52.585Z,0.7584,36,SYNTH
2026-04-21 13:41:53.586Z,0.7578,23,SYNTH
2026-04-21 13:41:54.757Z,0.7576,22,SYNTH
2026-04-21 13:41:55.068Z,0.7582,27,SYNTH
2026-04-21 13:41:56.523Z,0.7589,38,SYNTH
2026-04-21 13:41:57.468Z,0.7583,28,SYNTH
2026-04-21 13:41:58.690Z,0.7576,22,SYNTH
2026-04-21 13:41:59.649Z,0.7589,23,SYNTH
2026-04-21 13:42:00.560Z,0.7581,104,SYNTH
2026-04-21 13:42:01.399Z,0.7585,129,SYNTH
2026-04-21 13:42:02.027Z,0.7576,124,SYNTH
2026-04-21 13:42:03.733Z,0.7587,144,SYNTH
2026-04-21 13:42:04.279Z,0.7570,136,SYNTH
2026-04-21 13:42:05.553Z,0.7587,99,SYNTH
2026-04-21 13:42:06.001Z,0.7570,138,SYNTH
2026-04-21 13:42:07.484Z,0.7584,93,SYNTH
2026-04-21 13:42:08.189Z,0.7578,83,SYNTH
2026-04-21 13:42:09.889Z,0.7585,93,SYNTH
2026-04-21 13:42:10.551Z,0.7572,79,SYNTH
2026-04-21 13:42:11.169Z,0.7588,217,SYNTH
2026-04-21 13:42:12.400Z,0.7573,174,SYNTH
2026-04-21 13:42:13.101Z,0.7585,218,SYNTH
2026-04-21 13:42:14.299Z,0.7586,87,SYNTH
2026-04-21 13:42:15.494Z,0.7574,82,SYNTH
2026-04-21 13:42:16.560Z,0.7583,184,SYNTH
2026-04-21 13:42:17.757Z,0.7579,194,SYNTH
2026-04-21 13:42:18.228Z,0.7584,91,SYNTH
2026-04-21 13:42:19.153Z,0.7576,94,SYNTH
2026-04-21 13:42:20.291Z,0.7586,76,SYNTH
2026-04-21 13:42:21.073Z,0.7571,46,SYNTH
2026-04-21 13:42:22.569Z,0.7589,56,SYNTH
2026-04-21 13:42:23.670Z,0.7579,86,SYNTH
2026-04-21 13:42:24.520Z,0.7583,53,SYNTH
2026-04-21 13:42:25.789Z,0.7584,44,SYNTH
2026-04-21 13:42:26.702Z,0.7592,42,SYNTH
2026-04-21 13:42:27.639Z,0.7591,82,SYNTH
2026-04-21 13:42:28.469Z,0.7592,57,SYNTH
2026-04-21 13:42:29.569Z,0.7592,67,SYNTH
2026-04-21 13:42:30.432Z,0.7591,71,SYNTH
2026-04-21 13:42:31.789Z,0.7590,89,SYNTH
2026-04-21 13:42:32.700Z,0.7593,85,SYNTH
2026-04-21 13:42:33.001Z,0.7585,45,SYNTH
2026-04-21 13:42:34.671Z,0.7595,74,SYNTH
2026-04-21 13:42:35.085Z,0.7587,97,SYNTH
2026-04-21 13:42:36.175Z,0.7590,88,SYNTH
2026-04-21 13:42:37.581Z,0.7595,152,SYNTH
2026-04-21 13:42:38.530Z,0.7596,108,SYNTH
2026-04-21 13:42:39.874Z,0.7596,248,SYNTH
2026-04-21 13:42:40.019Z,0.7578,236,SYNTH
2026-04-21 13:42:41.585Z,0.7596,82,SYNTH
2026-04-21 13:42:42.813Z,0.7591,78,SYNTH
2026-04-21 13:42:43.026Z,0.7589,54,SYNTH
2026-04-21 13:42:44.245Z,0.7576,92,SYNTH
2026-04-21 13:42:45.381Z,0.7586,100,SYNTH
2026-04-21 13:42:46.415Z,0.7592,143,SYNTH
2026-04-21 13:42:47.529Z,0.7581,182,SYNTH
2026-04-21 13:42:48.019Z,0.7592,59,SYNTH
2026-04-21 13:42:49.184Z,0.7594,92,SYNTH
2026-04-21 13:42:50.420Z,0.7583,99,SYNTH
2026-04-21 13:42:51.336Z,0.7585,65,SYNTH
2026-04-21 13:42:52.829Z,0.7596,117,SYNTH
2026-04-21 13:42:53.136Z,0.7584,105,SYNTH
2026-04-21 13:42:54.594Z,0.7589,133,SYNTH
2026-04-21 13:42:55.632Z,0.7579,133,SYNTH
2026-04-21 13:42:56.856Z,0.7577,122,SYNTH
2026-04-21 13:42:57.168Z,0.7583,65,SYNTH
2026-04-21 13:42:58.536Z,0.7597,86,SYNTH
2026-04-21 13:42:59.110Z,0.7580,76,SYNTH
2026-04-21 13:43:00.462Z,0.7589,21,SYNTH
2026-04-21 13:43:01.776Z,0.7582,44,SYNTH
2026-04-21 13:43:02.871Z,0.7591,42,SYNTH
2026-04-21 13:43:03.592Z,0.7582,41,SYNTH
2026-04-21 13:43:04.413Z,0.7592,37,SYNTH
2026-04-21 13:43:05.869Z,0.7594,26,SYNTH
2026-04-21 13:43:06.844Z,0.7596,35,SYNTH
2026-04-21 13:43:07.028Z,0.7579,38,SYNTH
2026-04-21 13:43:08.734Z,0.7590,34,SYNTH
2026-04-21 13:43:09.668Z,0.7593,34,SYNTH
2026-04-21 13:43:10.331Z,0.7593,27,SYNTH
2026-04-21 13:43:11.237Z,0.7589,86,SYNTH
2026-04-21 13:43:12.459Z,0.7577,52,SYNTH
2026-04-21 13:43:13.596Z,0.7594,87,SYNTH
2026-04-21 13:43:14.199Z,0.7593,19,SYNTH
2026-04-21 13:43:15.154Z,0.7574,20,SYNTH
2026-04-21 13:43:16.874Z,0.7591,35,SYNTH
2026-04-21 13:43:17.152Z,0.7584,31,SYNTH
2026-04-21 13:43:18.058Z,0.7577,55,SYNTH
2026-04-21 13:43:19.092Z,0.7592,32,SYNTH
2026-04-21 13:43:20.633Z,0.7585,29,SYNTH
2026-04-21 13:43:21.619Z,0.7593,13,SYNTH
2026-04-21 13:43:22.285Z,0.7580,22,SYNTH
2026-04-21 13:43:23.151Z,0.7594,26,SYNTH
2026-04-21 13:43:24.411Z,0.7582,31,SYNTH
2026-04-21 13:43:25.104Z,0.7585,13,SYNTH
2026-04-21 13:43:26.010Z,0.7589,26,SYNTH
2026-04-21 13:43:27.787Z,0.7593,24,SYNTH
2026-04-21 13:43:28.018Z,0.7585,20,SYNTH
2026-04-21 13:43:29.696Z,0.7589,23,SYNTH
2026-04-21 13:43:30.396Z,0.7595,21,SYNTH
2026-04-21 13:43:31.642Z,0.7590,19,SYNTH
2026-04-21 13:43:32.213Z,0.7577,24,SYNTH
2026-04-21 13:43:33.776Z,0.7583,28,SYNTH
2026-04-21 13:43:34.241Z,0.7588,21,SYNTH
2026-04-21 13:43:35.472Z,0.7576,27,SYNTH
2026-04-21 13:43:36.695Z,0.7594,18,SYNTH
2026-04-21 13:43:37.458Z,0.7575,54,SYNTH
2026-04-21 13:43:38.183Z,0.7595,33,SYNTH
2026-04-21 13:43:39.406Z,0.7592,65,SYNTH
2026-04-21 13:43:40.408Z,0.7589,81,SYNTH
2026-04-21 13:43:41.677Z,0.7595,18,SYNTH
2026-04-21 13:43:42.248Z,0.7576,33,SYNTH
2026-04-21 13:43:43.387Z,0.7591,28,SYNTH
2026-04-21 13:43:44.295Z,0.7593,31,SYNTH
2026-04-21 13:43:45.279Z,0.7595,48,SYNTH
2026-04-21 13:43:46.412Z,0.7590,49,SYNTH
2026-04-21 13:43:47.730Z,0.7583,25,SYNTH
2026-04-21 13:43:48.239Z,0.7575,18,SYNTH
2026-04-21 13:43:49.692Z,0.7586,16,SYNTH
2026-04-21 13:43:50.483Z,0.7592,18,SYNTH
2026-04-21 13:43:51.804Z,0.7585,39,SYNTH
2026-04-21 13:43:52.034Z,0.7583,24,SYNTH
2026-04-21 13:43:53.206Z,0.7588,32,SYNTH
2026-04-21 13:43:54.532Z,0.7590,24,SYNTH
2026-04-21 13:43:55.880Z,0.7589,35,SYNTH
2026-04-21 13:43:56.705Z,0.7580,23,SYNTH
2026-04-21 13:43:57.832Z,0.7583,44,SYNTH
2026-04-21 13:43:58.084Z,0.7593,45,SYNTH
2026-04-21 13:43:59.136Z,0.7580,40,SYNTH
2026-04-21 13:45:00.628Z,0.7598,11,SYNTH
2026-04-21 13:45:01.590Z,0.7590,9,SYNTH
2026-04-21 13:45:02.530Z,0.7595,7,SYNTH
2026-04-21 13:45:03.567Z,0.7598,7,SYNTH
2026-04-21 13:45:04.161Z,0.7588,7,SYNTH
2026-04-21 13:45:05.403Z,0.7593,8,SYNTH
2026-04-21 13:45:06.045Z,0.7593,8,SYNTH
2026-04-21 13:45:07.581Z,0.7592,6,SYNTH
2026-04-21 13:45:08.223Z,0.7599,10,SYNTH
2026-04-21 13:45:09.447Z,0.7585,8,SYNTH
2026-04-21 13:45:10.437Z,0.7597,6,SYNTH
2026-04-21 13:45:11.735Z,0.7596,20,SYNTH
2026-04-21 13:45:12.031Z,0.7589,13,SYNTH
2026-04-21 13:45:13.593Z,0.7596,10,SYNTH
2026-04-21 13:45:14.269Z,0.7591,6,SYNTH
2026-04-21 13:45:15.257Z,0.7586,6,SYNTH
2026-04-21 13:45:16.501Z,0.7597,10,SYNTH
2026-04-21 13:45:17.804Z,0.7586,9,SYNTH
2026-04-21 13:45:18.438Z,0.7580,9,SYNTH
2026-04-21 13:45:19.269Z,0.7589,14,SYNTH
2026-04-21 13:45:20.119Z,0.7591,8,SYNTH
2026-04-21 13:45:21.574Z,0.7582,6,SYNTH
2026-04-21 13:45:22.491Z,0.7595,3,SYNTH
2026-04-21 13:45:23.168Z,0.7592,6,SYNTH
2026-04-21 13:45:24.059Z,0.7581,4,SYNTH
2026-04-21 13:45:25.647Z,0.7590,7,SYNTH
2026-04-21 13:45:26.854Z,0.7587,5,SYNTH
2026-04-21 13:45:27.522Z,0.7598,7,SYNTH
2026-04-21 13:45:28.827Z,0.7592,4,SYNTH
2026-04-21 13:45:29.729Z,0.7579,5,SYNTH
2026-04-21 13:45:30.469Z,0.7594,6,SYNTH
2026-04-21 13:45:31.681Z,0.7579,5,SYNTH
2026-04-21 13:45:32.766Z,0.7597,3,SYNTH
2026-04-21 13:45:33.451Z,0.7586,4,SYNTH
2026-04-21 13:45:34.101Z,0.7579,7,SYNTH
2026-04-21 13:45:35.779Z,0.7590,5,SYNTH
2026-04-21 13:45:36.648Z,0.7596,7,SYNTH
2026-04-21 13:45:37.088Z,0.7581,18,SYNTH
2026-04-21 13:45:38.204Z,0.7596,12,SYNTH
2026-04-21 13:45:39.206Z,0.7583,16,SYNTH
2026-04-21 13:45:40.824Z,0.7596,12,SYNTH
2026-04-21 13:45:41.102Z,0.7577,8,SYNTH
2026-04-21 13:45:42.824Z,0.7599,8,SYNTH
2026-04-21 13:45:43.898Z,0.7583,4,SYNTH
2026-04-21 13:45:44.420Z,0.7594,6,SYNTH
2026-04-21 13:45:45.764Z,0.7583,12,SYNTH
2026-04-21 13:45:46.053Z,0.7592,9,SYNTH
2026-04-21 13:45:47.383Z,0.7587,11,SYNTH
2026-04-21 13:45:48.287Z,0.7592,8,SYNTH
2026-04-21 13:45:49.504Z,0.7591,7,SYNTH
2026-04-21 13:45:50.486Z,0.7580,8,SYNTH
2026-04-21 13:45:51.084Z,0.7590,7,SYNTH
2026-04-21 13:45:52.119Z,0.7586,9,SYNTH
2026-04-21 13:45:53.522Z,0.7594,6,SYNTH
2026-04-21 13:45:54.825Z,0.7596,5,SYNTH
2026-04-21 13:45:55.166Z,0.7581,6,SYNTH
2026-04-21 13:45:56.518Z,0.7588,11,SYNTH
2026-04-21 13:45:57.188Z,0.7586,6,SYNTH
2026-04-21 13:45:58.204Z,0.7591,8,SYNTH
2026-04-21 13:45:59.190Z,0.7580,8,SYNTH
2026-04-21 13:46:00.594Z,0.7591,42,SYNTH
2026-04-21 13:46:01.383Z,0.7597,68,SYNTH
2026-04-21 13:46:02.608Z,0.7585,68,SYNTH
2026-04-21 13:46:03.347Z,0.7590,40,SYNTH
2026-04-21 13:46:04.388Z,0.7595,78,SYNTH
2026-04-21 13:46:05.555Z,0.7598,67,SYNTH
2026-04-21 13:46:06.585Z,0.7590,62,SYNTH
2026-04-21 13:46:07.384Z,0.7593,52,SYNTH
2026-04-21 13:46:08.257Z,0.7582,74,SYNTH
2026-04-21 13:46:09.414Z,0.7580,36,SYNTH
2026-04-21 13:46:10.615Z,0.7591,53,SYNTH
2026-04-21 13:46:11.585Z,0.7591,119,SYNTH
2026-04-21 13:46:12.164Z,0.7598,105,SYNTH
2026-04-21 13:46:13.160Z,0.7584,134,SYNTH
2026-04-21 13:46:14.126Z,0.7589,35,SYNTH
2026-04-21 13:46:15.601Z,0.7588,58,SYNTH
2026-04-21 13:46:16.655Z,0.7583,116,SYNTH
2026-04-21 13:46:17.058Z,0.7589,90,SYNTH
2026-04-21 13:46:18.363Z,0.7597,79,SYNTH
2026-04-21 13:46:19.590Z,0.7581,102,SYNTH
2026-04-21 13:46:20.046Z,0.7598,33,SYNTH
2026-04-21 13:46:21.555Z,0.7587,59,SYNTH
2026-04-21 13:46:22.818Z,0.7583,51,SYNTH
2026-04-21 13:46:23.182Z,0.7597,57,SYNTH
2026-04-21 13:46:24.390Z,0.7590,59,SYNTH
2026-04-21 13:46:25.140Z,0.7594,36,SYNTH
2026-04-21 13:46:26.017Z,0.7583,38,SYNTH
2026-04-21 13:46:27.661Z,0.7594,36,SYNTH
2026-04-21 13:46:28.673Z,0.7595,27,SYNTH
2026-04-21 13:46:29.759Z,0.7586,38,SYNTH
2026-04-21 13:46:30.202Z,0.7599,52,SYNTH
2026-04-21 13:46:31.669Z,0.7582,35,SYNTH
2026-04-21 13:46:32.519Z,0.7598,49,SYNTH
2026-04-21 13:46:33.537Z,0.7597,33,SYNTH
2026-04-21 13:46:34.771Z,0.7591,28,SYNTH
2026-04-21 13:46:35.324Z,0.7600,37,SYNTH
2026-04-21 13:46:36.763Z,0.7579,59,SYNTH
2026-04-21 13:46:37.710Z,0.7591,91,SYNTH
2026-04-21 13:46:38.269Z,0.7582,121,SYNTH
2026-04-21 13:46:39.004Z,0.7593,116,SYNTH
2026-04-21 13:46:40.013Z,0.7596,73,SYNTH
2026-04-21 13:46:41.363Z,0.7598,53,SYNTH
2026-04-21 13:46:42.693Z,0.7587,43,SYNTH
2026-04-21 13:46:43.810Z,0.7598,45,SYNTH
2026-04-21 13:46:44.388Z,0.7596,42,SYNTH
2026-04-21 13:46:45.528Z,0.7598,52,SYNTH
2026-04-21 13:46:46.748Z,0.7587,98,SYNTH
2026-04-21 13:46:47.587Z,0.7588,52,SYNTH
2026-04-21 13:46:48.329Z,0.7584,55,SYNTH
2026-04-21 13:46:49.340Z,0.7588,66,SYNTH
2026-04-21 13:46:50.106Z,0.7597,39,SYNTH
2026-04-21 13:46:51.588Z,0.7584,40,SYNTH
2026-04-21 13:46:52.637Z,0.7593,36,SYNTH
2026-04-21 13:46:53.435Z,0.7581,63,SYNTH
2026-04-21 13:46:54.875Z,0.7580,42,SYNTH
2026-04-21 13:46:55.130Z,0.7596,70,SYNTH
2026-04-21 13:46:56.535Z,0.7594,75,SYNTH
2026-04-21 13:46:57.274Z,0.7594,86,SYNTH
2026-04-21 13:46:58.825Z,0.7595,39,SYNTH
2026-04-21 13:46:59.668Z,0.7582,64,SYNTH
2026-04-21 13:47:00.747Z,0.7595,9,SYNTH
2026-04-21 13:47:01.727Z,0.7586,16,SYNTH
2026-04-21 13:47:02.574Z,0.7596,14,SYNTH
2026-04-21 13:47:03.583Z,0.7597,9,SYNTH
2026-04-21 13:47:04.194Z,0.7594,12,SYNTH
2026-04-21 13:47:05.319Z,0.7581,9,SYNTH
2026-04-21 13:47:06.278Z,0.7595,11,SYNTH
2026-04-21 13:47:07.368Z,0.7593,10,SYNTH
2026-04-21 13:47:08.029Z,0.7598,10,SYNTH
2026-04-21 13:47:09.407Z,0.7581,11,SYNTH
2026-04-21 13:47:10.662Z,0.7593,11,SYNTH
2026-04-21 13:47:11.248Z,0.7587,19,SYNTH
2026-04-21 13:47:12.038Z,0.7596,29,SYNTH
2026-04-21 13:47:13.012Z,0.7592,26,SYNTH
2026-04-21 13:47:14.342Z,0.7582,8,SYNTH
2026-04-21 13:47:15.745Z,0.7596,13,SYNTH
2026-04-21 13:47:16.414Z,0.7581,22,SYNTH
2026-04-21 13:47:17.824Z,0.7590,19,SYNTH
2026-04-21 13:47:18.494Z,0.7601,14,SYNTH
2026-04-21 13:47:19.868Z,0.7589,19,SYNTH
2026-04-21 13:47:20.322Z,0.7582,9,SYNTH
2026-04-21 13:47:21.185Z,0.7586,8,SYNTH
2026-04-21 13:47:22.075Z,0.7596,10,SYNTH
2026-04-21 13:47:23.522Z,0.7580,7,SYNTH
2026-04-21 13:47:24.692Z,0.7597,9,SYNTH
2026-04-21 13:47:25.221Z,0.7599,12,SYNTH
2026-04-21 13:47:26.015Z,0.7587,9,SYNTH
2026-04-21 13:47:27.158Z,0.7579,9,SYNTH
2026-04-21 13:47:28.655Z,0.7595,9,SYNTH
2026-04-21 13:47:29.782Z,0.7581,10,SYNTH
2026-04-21 13:47:30.320Z,0.7584,5,SYNTH
2026-04-21 13:47:31.553Z,0.7597,9,SYNTH
2026-04-21 13:47:32.525Z,0.7586,6,SYNTH
2026-04-21 13:47:33.830Z,0.7598,6,SYNTH
2026-04-21 13:47:34.446Z,0.7584,11,SYNTH
2026-04-21 13:47:35.830Z,0.7584,9,SYNTH
2026-04-21 13:47:36.350Z,0.7592,10,SYNTH
2026-04-21 13:47:37.401Z,0.7599,15,SYNTH
2026-04-21 13:47:38.599Z,0.7581,26,SYNTH
2026-04-21 13:47:39.172Z,0.7600,18,SYNTH
2026-04-21 13:47:40.670Z,0.7582,26,SYNTH
2026-04-21 13:47:41.200Z,0.7590,8,SYNTH
2026-04-21 13:47:42.071Z,0.7598,11,SYNTH
2026-04-21 13:47:43.050Z,0.7583,9,SYNTH
2026-04-21 13:47:44.675Z,0.7596,10,SYNTH
2026-04-21 13:47:45.772Z,0.7601,19,SYNTH
2026-04-21 13:47:46.220Z,0.7583,15,SYNTH
2026-04-21 13:47:47.395Z,0.7582,13,SYNTH
2026-04-21 13:47:48.196Z,0.7582,13,SYNTH
2026-04-21 13:47:49.730Z,0.7596,9,SYNTH
2026-04-21 13:47:50.472Z,0.7594,11,SYNTH
2026-04-21 13:47:51.156Z,0.7592,13,SYNTH
2026-04-21 13:47:52.203Z,0.7600,10,SYNTH
2026-04-21 13:47:53.799Z,0.7583,7,SYNTH
2026-04-21 13:47:54.344Z,0.7596,11,SYNTH
2026-04-21 13:47:55.604Z,0.7581,16,SYNTH
2026-04-21 13:47:56.004Z,0.7594,16,SYNTH
2026-04-21 13:47:57.692Z,0.7599,10,SYNTH
2026-04-21 13:47:58.401Z,0.7582,9,SYNTH
2026-04-21 13:47:59.777Z,0.7591,18,SYNTH
2026-04-21 13:49:00.335Z,0.7595,6,SYNTH
2026-04-21 13:49:01.106Z,0.7588,6,SYNTH
2026-04-21 13:49:02.106Z,0.7591,7,SYNTH
2026-04-21 13:49:03.251Z,0.7589,6,SYNTH
2026-04-21 13:49:04.648Z,0.7582,6,SYNTH
2026-04-21 13:49:05.706Z,0.7583,4,SYNTH
2026-04-21 13:49:06.053Z,0.7580,7,SYNTH
2026-04-21 13:49:07.564Z,0.7594,4,SYNTH
2026-04-21 13:49:08.364Z,0.7597,6,SYNTH
2026-04-21 13:49:09.479Z,0.7584,4,SYNTH
2026-04-21 13:49:10.113Z,0.7597,4,SYNTH
2026-04-21 13:49:11.047Z,0.7580,12,SYNTH
2026-04-21 13:49:12.889Z,0.7592,16,SYNTH
2026-04-21 13:49:13.705Z,0.7583,11,SYNTH
2026-04-21 13:49:14.386Z,0.7586,4,SYNTH
2026-04-21 13:49:15.451Z,0.7594,4,SYNTH
2026-04-21 13:49:16.424Z,0.7579,6,SYNTH
2026-04-21 13:49:17.874Z,0.7588,5,SYNTH
2026-04-21 13:49:18.453Z,0.7592,7,SYNTH
2026-04-21 13:49:19.403Z,0.7585,8,SYNTH
2026-04-21 13:49:20.213Z,0.7591,6,SYNTH
2026-04-21 13:49:21.124Z,0.7579,3,SYNTH
2026-04-21 13:49:22.877Z,0.7576,6,SYNTH
2026-04-21 13:49:23.195Z,0.7592,4,SYNTH
2026-04-21 13:49:24.376Z,0.7594,5,SYNTH
2026-04-21 13:49:25.025Z,0.7579,4,SYNTH
2026-04-21 13:49:26.554Z,0.7591,3,SYNTH
2026-04-21 13:49:27.089Z,0.7590,3,SYNTH
2026-04-21 13:49:28.324Z,0.7581,4,SYNTH
2026-04-21 13:49:29.210Z,0.7595,3,SYNTH
2026-04-21 13:49:30.679Z,0.7583,3,SYNTH
2026-04-21 13:49:31.290Z,0.7578,5,SYNTH
2026-04-21 13:49:32.553Z,0.7593,4,SYNTH
2026-04-21 13:49:33.762Z,0.7598,4,SYNTH
2026-04-21 13:49:34.464Z,0.7578,4,SYNTH
2026-04-21 13:49:35.219Z,0.7591,2,SYNTH
2026-04-21 13:49:36.037Z,0.7578,5,SYNTH
2026-04-21 13:49:37.298Z,0.7598,10,SYNTH
2026-04-21 13:49:38.731Z,0.7595,13,SYNTH
2026-04-21 13:49:39.148Z,0.7582,14,SYNTH
2026-04-21 13:49:40.025Z,0.7595,8,SYNTH
2026-04-21 13:49:41.105Z,0.7589,4,SYNTH
2026-04-21 13:49:42.191Z,0.7582,3,SYNTH
2026-04-21 13:49:43.700Z,0.7588,3,SYNTH
2026-04-21 13:49:44.184Z,0.7583,6,SYNTH
2026-04-21 13:49:45.720Z,0.7594,5,SYNTH
2026-04-21 13:49:46.116Z,0.7593,6,SYNTH
2026-04-21 13:49:47.321Z,0.7580,7,SYNTH
2026-04-21 13:49:48.549Z,0.7590,4,SYNTH
2026-04-21 13:49:49.367Z,0.7591,3,SYNTH
2026-04-21 13:49:50.517Z,0.7575,4,SYNTH
2026-04-21 13:49:51.096Z,0.7592,6,SYNTH
2026-04-21 13:49:52.825Z,0.7596,4,SYNTH
2026-04-21 13:49:53.536Z,0.7585,7,SYNTH
2026-04-21 13:49:54.112Z,0.7591,6,SYNTH
2026-04-21 13:49:55.570Z,0.7581,4,SYNTH
2026-04-21 13:49:56.550Z,0.7587,6,SYNTH
2026-04-21 13:49:57.650Z,0.7576,6,SYNTH
2026-04-21 13:49:58.103Z,0.7593,9,SYNTH
2026-04-21 13:49:59.864Z,0.7594,7,SYNTH
2026-04-21 13:50:00.428Z,0.7563,27,SYNTH
2026-04-21 13:50:01.138Z,0.7552,15,SYNTH
2026-04-21 13:50:02.646Z,0.7564,28,SYNTH
2026-04-21 13:50:03.065Z,0.7554,12,SYNTH
2026-04-21 13:50:04.592Z,0.7568,27,SYNTH
2026-04-21 13:50:05.731Z,0.7564,17,SYNTH
2026-04-21 13:50:06.126Z,0.7559,17,SYNTH
2026-04-21 13:50:07.185Z,0.7551,18,SYNTH
2026-04-21 13:50:08.358Z,0.7568,26,SYNTH
2026-04-21 13:50:09.303Z,0.7566,11,SYNTH
2026-04-21 13:50:10.018Z,0.7556,11,SYNTH
2026-04-21 13:50:11.637Z,0.7560,38,SYNTH
2026-04-21 13:50:12.889Z,0.7561,24,SYNTH
2026-04-21 13:50:13.056Z,0.7568,40,SYNTH
2026-04-21 13:50:14.085Z,0.7551,23,SYNTH
2026-04-21 13:50:15.317Z,0.7563,14,SYNTH
2026-04-21 13:50:16.295Z,0.7554,17,SYNTH
2026-04-21 13:50:17.360Z,0.7551,32,SYNTH
2026-04-21 13:50:18.480Z,0.7561,22,SYNTH
2026-04-21 13:50:19.489Z,0.7553,36,SYNTH
2026-04-21 13:50:20.415Z,0.7567,13,SYNTH
2026-04-21 13:50:21.495Z,0.7554,18,SYNTH
2026-04-21 13:50:22.631Z,0.7560,11,SYNTH
2026-04-21 13:50:23.280Z,0.7552,12,SYNTH
2026-04-21 13:50:24.220Z,0.7558,9,SYNTH
2026-04-21 13:50:25.304Z,0.7557,12,SYNTH
2026-04-21 13:50:26.136Z,0.7563,13,SYNTH
2026-04-21 13:50:27.351Z,0.7567,18,SYNTH
2026-04-21 13:50:28.882Z,0.7554,11,SYNTH
2026-04-21 13:50:29.021Z,0.7559,10,SYNTH
2026-04-21 13:50:30.634Z,0.7561,11,SYNTH
2026-04-21 13:50:31.822Z,0.7561,12,SYNTH
2026-04-21 13:50:32.078Z,0.7557,19,SYNTH
2026-04-21 13:50:33.412Z,0.7568,11,SYNTH
2026-04-21 13:50:34.182Z,0.7561,8,SYNTH
2026-04-21 13:50:35.089Z,0.7570,16,SYNTH
2026-04-21 13:50:36.707Z,0.7556,15,SYNTH
2026-04-21 13:50:37.014Z,0.7557,42,SYNTH
2026-04-21 13:50:38.129Z,0.7567,22,SYNTH
2026-04-21 13:50:39.326Z,0.7552,29,SYNTH
2026-04-21 13:50:40.197Z,0.7562,24,SYNTH
2026-04-21 13:50:41.443Z,0.7559,19,SYNTH
2026-04-21 13:50:42.395Z,0.7562,10,SYNTH
2026-04-21 13:50:43.142Z,0.7551,20,SYNTH
2026-04-21 13:50:44.605Z,0.7565,14,SYNTH
2026-04-21 13:50:45.782Z,0.7562,18,SYNTH
2026-04-21 13:50:46.238Z,0.7548,21,SYNTH
2026-04-21 13:50:47.804Z,0.7570,25,SYNTH
2026-04-21 13:50:48.098Z,0.7559,18,SYNTH
2026-04-21 13:50:49.189Z,0.7557,19,SYNTH
2026-04-21 13:50:50.455Z,0.7565,22,SYNTH
2026-04-21 13:50:51.561Z,0.7556,25,SYNTH
2026-04-21 13:50:52.386Z,0.7563,24,SYNTH
2026-04-21 13:50:53.820Z,0.7565,12,SYNTH
2026-04-21 13:50:54.723Z,0.7552,16,SYNTH
2026-04-21 13:50:55.530Z,0.7564,17,SYNTH
2026-04-21 13:50:56.711Z,0.7565,25,SYNTH
2026-04-21 13:50:57.175Z,0.7564,12,SYNTH
2026-04-21 13:50:58.288Z,0.7559,19,SYNTH
2026-04-21 13:50:59.015Z,0.7567,22,SYNTH
2026-04-21 13:51:00.832Z,0.7562,16,SYNTH
2026-04-21 13:51:01.898Z,0.7560,14,SYNTH
2026-04-21 13:51:02.400Z,0.7565,15,SYNTH
2026-04-21 13:51:03.649Z,0.7567,20,SYNTH
2026-04-21 13:51:04.603Z,0.7563,11,SYNTH
2026-04-21 13:51:05.547Z,0.7553,18,SYNTH
2026-04-21 13:51:06.140Z,0.7564,13,SYNTH
2026-04-21 13:51:07.575Z,0.7564,11,SYNTH
2026-04-21 13:51:08.655Z,0.7555,13,SYNTH
2026-04-21 13:51:09.666Z,0.7566,9,SYNTH
2026-04-21 13:51:10.733Z,0.7570,10,SYNTH
2026-04-21 13:51:11.362Z,0.7556,22,SYNTH
2026-04-21 13:51:12.385Z,0.7565,38,SYNTH
2026-04-21 13:51:13.185Z,0.7549,30,SYNTH
2026-04-21 13:51:14.191Z,0.7561,8,SYNTH
2026-04-21 13:51:15.419Z,0.7560,15,SYNTH
2026-04-21 13:51:16.546Z,0.7566,16,SYNTH
2026-04-21 13:51:17.113Z,0.7556,21,SYNTH
2026-04-21 13:51:18.108Z,0.7566,12,SYNTH
2026-04-21 13:51:19.361Z,0.7568,19,SYNTH
2026-04-21 13:51:20.879Z,0.7561,13,SYNTH
2026-04-21 13:51:21.152Z,0.7552,13,SYNTH
2026-04-21 13:51:22.525Z,0.7561,10,SYNTH
2026-04-21 13:51:23.292Z,0.7556,13,SYNTH
2026-04-21 13:51:24.809Z,0.7568,13,SYNTH
2026-04-21 13:51:25.562Z,0.7559,9,SYNTH
2026-04-21 13:51:26.339Z,0.7567,12,SYNTH
2026-04-21 13:51:27.117Z,0.7554,14,SYNTH
2026-04-21 13:51:28.777Z,0.7565,13,SYNTH
2026-04-21 13:51:29.378Z,0.7565,9,SYNTH
2026-04-21 13:51:30.358Z,0.7552,8,SYNTH
2026-04-21 13:51:31.373Z,0.7567,8,SYNTH
2026-04-21 13:51:32.439Z,0.7560,11,SYNTH
2026-04-21 13:51:33.372Z,0.7562,6,SYNTH
2026-04-21 13:51:34.824Z,0.7564,11,SYNTH
2026-04-21 13:51:35.595Z,0.7564,10,SYNTH
2026-04-21 13:51:36.300Z,0.7550,10,SYNTH
2026-04-21 13:51:37.816Z,0.7552,18,SYNTH
2026-04-21 13:51:38.466Z,0.7547,34,SYNTH
2026-04-21 13:51:39.293Z,0.7563,15,SYNTH
2026-04-21 13:51:40.495Z,0.7554,26,SYNTH
2026-04-21 13:51:41.679Z,0.7564,14,SYNTH
2026-04-21 13:51:42.857Z,0.7550,6,SYNTH
2026-04-21 13:51:43.159Z,0.7568,9,SYNTH
2026-04-21 13:51:44.101Z,0.7561,11,SYNTH
2026-04-21 13:51:45.325Z,0.7566,10,SYNTH
2026-04-21 13:51:46.650Z,0.7557,12,SYNTH
2026-04-21 13:51:47.675Z,0.7562,25,SYNTH
2026-04-21 13:51:48.026Z,0.7552,10,SYNTH
2026-04-21 13:51:49.588Z,0.7550,15,SYNTH
2026-04-21 13:51:50.881Z,0.7566,12,SYNTH
2026-04-21 13:51:51.753Z,0.7551,17,SYNTH
2026-04-21 13:51:52.509Z,0.7563,11,SYNTH
2026-04-21 13:51:53.370Z,0.7556,19,SYNTH
2026-04-21 13:51:54.600Z,0.7566,16,SYNTH
2026-04-21 13:51:55.748Z,0.7567,19,SYNTH
2026-04-21 13:51:56.325Z,0.7557,15,SYNTH
2026-04-21 13:51:57.065Z,0.7560,12,SYNTH
2026-04-21 13:51:58.246Z,0.7567,12,SYNTH
2026-04-21 13:51:59.089Z,0.7553,21,SYNTH
2026-04-21 13:53:00.785Z,0.7583,105,SYNTH
2026-04-21 13:53:01.518Z,0.7570,79,SYNTH
2026-04-21 13:53:02.721Z,0.7569,78,SYNTH
2026-04-21 13:53:03.654Z,0.7565,78,SYNTH
2026-04-21 13:53:04.138Z,0.7564,62,SYNTH
2026-04-21 13:53:05.896Z,0.7568,55,SYNTH
2026-04-21 13:53:06.846Z,0.7562,54,SYNTH
2026-04-21 13:53:07.363Z,0.7565,86,SYNTH
2026-04-21 13:53:08.843Z,0.7555,56,SYNTH
2026-04-21 13:53:09.044Z,0.7566,60,SYNTH
2026-04-21 13:53:10.112Z,0.7557,49,SYNTH
2026-04-21 13:53:11.024Z,0.7552,96,SYNTH
2026-04-21 13:53:12.319Z,0.7568,136,SYNTH
2026-04-21 13:53:13.234Z,0.7552,139,SYNTH
2026-04-21 13:53:14.720Z,0.7567,55,SYNTH
2026-04-21 13:53:15.503Z,0.7568,69,SYNTH
2026-04-21 13:53:16.528Z,0.7571,135,SYNTH
2026-04-21 13:53:17.456Z,0.7573,131,SYNTH
2026-04-21 13:53:18.895Z,0.7575,58,SYNTH
2026-04-21 13:53:19.292Z,0.7559,60,SYNTH
2026-04-21 13:53:20.748Z,0.7572,29,SYNTH
2026-04-21 13:53:21.266Z,0.7568,54,SYNTH
2026-04-21 13:53:22.455Z,0.7561,35,SYNTH
2026-04-21 13:53:23.369Z,0.7568,45,SYNTH
2026-04-21 13:53:24.404Z,0.7561,60,SYNTH
2026-04-21 13:53:25.177Z,0.7574,28,SYNTH
2026-04-21 13:53:26.876Z,0.7571,65,SYNTH
2026-04-21 13:53:27.311Z,0.7578,52,SYNTH
2026-04-21 13:53:28.878Z,0.7580,30,SYNTH
2026-04-21 13:53:29.328Z,0.7579,60,SYNTH
2026-04-21 13:53:30.599Z,0.7578,41,SYNTH
2026-04-21 13:53:31.714Z,0.7577,41,SYNTH
2026-04-21 13:53:32.679Z,0.7568,55,SYNTH
2026-04-21 13:53:33.147Z,0.7581,60,SYNTH
2026-04-21 13:53:34.354Z,0.7581,40,SYNTH
2026-04-21 13:53:35.850Z,0.7586,62,SYNTH
2026-04-21 13:53:36.455Z,0.7583,49,SYNTH
2026-04-21 13:53:37.536Z,0.7588,140,SYNTH
2026-04-21 13:53:38.650Z,0.7586,164,SYNTH
2026-04-21 13:53:39.365Z,0.7567,76,SYNTH
2026-04-21 13:53:40.457Z,0.7579,77,SYNTH
2026-04-21 13:53:41.672Z,0.7589,37,SYNTH
2026-04-21 13:53:42.708Z,0.7575,55,SYNTH
2026-04-21 13:53:43.686Z,0.7581,58,SYNTH
2026-04-21 13:53:44.586Z,0.7567,48,SYNTH
2026-04-21 13:53:45.874Z,0.7584,110,SYNTH
2026-04-21 13:53:46.129Z,0.7588,120,SYNTH
2026-04-21 13:53:47.807Z,0.7573,73,SYNTH
2026-04-21 13:53:48.058Z,0.7586,80,SYNTH
2026-04-21 13:53:49.058Z,0.7584,59,SYNTH
2026-04-21 13:53:50.213Z,0.7583,81,SYNTH
2026-04-21 13:53:51.367Z,0.7581,42,SYNTH
2026-04-21 13:53:52.077Z,0.7581,91,SYNTH
2026-04-21 13:53:53.530Z,0.7574,78,SYNTH
2026-04-21 13:53:54.264Z,0.7586,57,SYNTH
2026-04-21 13:53:55.750Z,0.7572,61,SYNTH
2026-04-21 13:53:56.010Z,0.7568,92,SYNTH
2026-04-21 13:53:57.630Z,0.7566,76,SYNTH
2026-04-21 13:53:58.696Z,0.7581,80,SYNTH
2026-04-21 13:53:59.515Z,0.7586,58,SYNTH
2026-04-21 13:54:00.022Z,0.7581,12,SYNTH
2026-04-21 13:54:01.898Z,0.7586,13,SYNTH
2026-04-21 13:54:02.485Z,0.7579,16,SYNTH
2026-04-21 13:54:03.743Z,0.7582,16,SYNTH
2026-04-21 13:54:04.459Z,0.7574,15,SYNTH
2026-04-21 13:54:05.070Z,0.7583,11,SYNTH
2026-04-21 13:54:06.016Z,0.7567,17,SYNTH
2026-04-21 13:54:07.531Z,0.7585,7,SYNTH
2026-04-21 13:54:08.706Z,0.7578,7,SYNTH
2026-04-21 13:54:09.666Z,0.7579,15,SYNTH
2026-04-21 13:54:10.122Z,0.7576,13,SYNTH
2026-04-21 13:54:11.847Z,0.7581,20,SYNTH
2026-04-21 13:54:12.755Z,0.7587,38,SYNTH
2026-04-21 13:54:13.842Z,0.7568,32,SYNTH
2026-04-21 13:54:14.762Z,0.7580,11,SYNTH
2026-04-21 13:54:15.706Z,0.7586,8,SYNTH
2026-04-21 13:54:16.571Z,0.7584,14,SYNTH
2026-04-21 13:54:17.395Z,0.7569,17,SYNTH
2026-04-21 13:54:18.039Z,0.7572,24,SYNTH
2026-04-21 13:54:19.038Z,0.7578,24,SYNTH
2026-04-21 13:54:20.503Z,0.7574,13,SYNTH
2026-04-21 13:54:21.324Z,0.7568,6,SYNTH
2026-04-21 13:54:22.700Z,0.7585,9,SYNTH
2026-04-21 13:54:23.484Z,0.7580,8,SYNTH
2026-04-21 13:54:24.396Z,0.7570,7,SYNTH
2026-04-21 13:54:25.464Z,0.7581,8,SYNTH
2026-04-21 13:54:26.888Z,0.7586,8,SYNTH
2026-04-21 13:54:27.729Z,0.7573,11,SYNTH
2026-04-21 13:54:28.197Z,0.7584,11,SYNTH
2026-04-21 13:54:29.535Z,0.7586,9,SYNTH
2026-04-21 13:54:30.448Z,0.7575,8,SYNTH
2026-04-21 13:54:31.308Z,0.7572,11,SYNTH
2026-04-21 13:54:32.671Z,0.7580,12,SYNTH
2026-04-21 13:54:33.175Z,0.7571,11,SYNTH
2026-04-21 13:54:34.139Z,0.7587,11,SYNTH
2026-04-21 13:54:35.037Z,0.7580,8,SYNTH
2026-04-21 13:54:36.338Z,0.7582,7,SYNTH
2026-04-21 13:54:37.348Z,0.7571,31,SYNTH
2026-04-21 13:54:38.121Z,0.7585,16,SYNTH
2026-04-21 13:54:39.598Z,0.7581,28,SYNTH
2026-04-21 13:54:40.470Z,0.7583,23,SYNTH
2026-04-21 13:54:41.556Z,0.7567,13,SYNTH
2026-04-21 13:54:42.327Z,0.7581,7,SYNTH
2026-04-21 13:54:43.191Z,0.7583,7,SYNTH
2026-04-21 13:54:44.067Z,0.7589,12,SYNTH
2026-04-21 13:54:45.533Z,0.7578,10,SYNTH
2026-04-21 13:54:46.258Z,0.7587,23,SYNTH
2026-04-21 13:54:47.386Z,0.7572,12,SYNTH
2026-04-21 13:54:48.092Z,0.7580,7,SYNTH
2026-04-21 13:54:49.756Z,0.7571,8,SYNTH
2026-04-21 13:54:50.715Z,0.7584,12,SYNTH
2026-04-21 13:54:51.427Z,0.7583,13,SYNTH
2026-04-21 13:54:52.037Z,0.7575,14,SYNTH
2026-04-21 13:54:53.321Z,0.7579,12,SYNTH
2026-04-21 13:54:54.343Z,0.7581,11,SYNTH
2026-04-21 13:54:55.367Z,0.7574,13,SYNTH
2026-04-21 13:54:56.056Z,0.7566,9,SYNTH
2026-04-21 13:54:57.602Z,0.7571,10,SYNTH
2026-04-21 13:54:58.737Z,0.7584,12,SYNTH
2026-04-21 13:54:59.492Z,0.7580,18,SYNTH
2026-04-21 13:55:00.175Z,0.7578,6,SYNTH
2026-04-21 13:55:01.618Z,0.7571,5,SYNTH
2026-04-21 13:55:02.528Z,0.7583,3,SYNTH
2026-04-21 13:55:03.511Z,0.7584,3,SYNTH
2026-04-21 13:55:04.233Z,0.7585,3,SYNTH
2026-04-21 13:55:05.489Z,0.7571,3,SYNTH
2026-04-21 13:55:06.630Z,0.7584,4,SYNTH
2026-04-21 13:55:07.668Z,0.7585,4,SYNTH
2026-04-21 13:55:08.298Z,0.7586,3,SYNTH
2026-04-21 13:55:09.737Z,0.7572,4,SYNTH
2026-04-21 13:55:10.710Z,0.7584,2,SYNTH
2026-04-21 13:55:11.775Z,0.7570,9,SYNTH
2026-04-21 13:55:12.337Z,0.7587,6,SYNTH
2026-04-21 13:55:13.278Z,0.7568,8,SYNTH
2026-04-21 13:55:14.509Z,0.7579,3,SYNTH
2026-04-21 13:55:15.559Z,0.7581,2,SYNTH
2026-04-21 13:55:16.401Z,0.7576,4,SYNTH
2026-04-21 13:55:17.835Z,0.7583,5,SYNTH
2026-04-21 13:55:18.674Z,0.7583,5,SYNTH
2026-04-21 13:55:19.878Z,0.7586,7,SYNTH
2026-04-21 13:55:20.377Z,0.7587,2,SYNTH
2026-04-21 13:55:21.889Z,0.7567,2,SYNTH
2026-04-21 13:55:22.142Z,0.7586,2,SYNTH
2026-04-21 13:55:23.547Z,0.7583,3,SYNTH
2026-04-21 13:55:24.711Z,0.7570,3,SYNTH
2026-04-21 13:55:25.862Z,0.7583,2,SYNTH
2026-04-21 13:55:26.577Z,0.7576,3,SYNTH
2026-04-21 13:55:27.706Z,0.7588,2,SYNTH
2026-04-21 13:55:28.135Z,0.7575,3,SYNTH
2026-04-21 13:55:29.134Z,0.7582,3,SYNTH
2026-04-21 13:55:30.088Z,0.7572,2,SYNTH
2026-04-21 13:55:31.234Z,0.7582,2,SYNTH
2026-04-21 13:55:32.462Z,0.7569,3,SYNTH
2026-04-21 13:55:33.476Z,0.7584,2,SYNTH
2026-04-21 13:55:34.579Z,0.7587,2,SYNTH
2026-04-21 13:55:35.130Z,0.7575,2,SYNTH
2026-04-21 13:55:36.321Z,0.7575,2,SYNTH
2026-04-21 13:55:37.820Z,0.7591,6,SYNTH
2026-04-21 13:55:38.482Z,0.7589,7,SYNTH
2026-04-21 13:55:39.628Z,0.7586,6,SYNTH
2026-04-21 13:55:40.015Z,0.7572,9,SYNTH
2026-04-21 13:55:41.673Z,0.7584,2,SYNTH
2026-04-21 13:55:42.404Z,0.7588,3,SYNTH
2026-04-21 13:55:43.672Z,0.7578,3,SYNTH
2026-04-21 13:55:44.405Z,0.7587,2,SYNTH
2026-04-21 13:55:45.227Z,0.7585,4,SYNTH
2026-04-21 13:55:46.788Z,0.7575,5,SYNTH
2026-04-21 13:55:47.205Z,0.7574,4,SYNTH
2026-04-21 13:55:48.742Z,0.7589,4,SYNTH
2026-04-21 13:55:49.727Z,0.7576,2,SYNTH
2026-04-21 13:55:50.404Z,0.7587,4,SYNTH
2026-04-21 13:55:51.390Z,0.7572,4,SYNTH
2026-04-21 13:55:52.088Z,0.7580,4,SYNTH
2026-04-21 13:55:53.271Z,0.7577,3,SYNTH
2026-04-21 13:55:54.129Z,0.7583,3,SYNTH
2026-04-21 13:55:55.631Z,0.7590,2,SYNTH
2026-04-21 13:55:56.826Z,0.7575,5,SYNTH
2026-04-21 13:55:57.136Z,0.7591,2,SYNTH
2026-04-21 13:55:58.384Z,0.7572,2,SYNTH
2026-04-21 13:55:59.716Z,0.7586,3,SYNTH
2026-04-21 13:56:00.046Z,0.7596,67,SYNTH
2026-04-21 13:56:01.896Z,0.7598,72,SYNTH
2026-04-21 13:56:02.839Z,0.7592,59,SYNTH
2026-04-21 13:56:03.107Z,0.7588,52,SYNTH
2026-04-21 13:56:04.174Z,0.7593,66,SYNTH
2026-04-21 13:56:05.730Z,0.7587,63,SYNTH
2026-04-21 13:56:06.013Z,0.7597,66,SYNTH
2026-04-21 13:56:07.147Z,0.7593,57,SYNTH
2026-04-21 13:56:08.422Z,0.7582,63,SYNTH
2026-04-21 13:56:09.364Z,0.7596,45,SYNTH
2026-04-21 13:56:10.256Z,0.7595,49,SYNTH
2026-04-21 13:56:11.854Z,0.7593,70,SYNTH
2026-04-21 13:56:12.139Z,0.7579,87,SYNTH
2026-04-21 13:56:13.391Z,0.7591,149,SYNTH
2026-04-21 13:56:14.603Z,0.7582,31,SYNTH
2026-04-21 13:56:15.357Z,0.7599,56,SYNTH
2026-04-21 13:56:16.762Z,0.7591,84,SYNTH
2026-04-21 13:56:17.086Z,0.7579,84,SYNTH
2026-04-21 13:56:18.814Z,0.7592,95,SYNTH
2026-04-21 13:56:19.034Z,0.7596,69,SYNTH
2026-04-21 13:56:20.276Z,0.7581,43,SYNTH
2026-04-21 13:56:21.035Z,0.7579,48,SYNTH
2026-04-21 13:56:22.268Z,0.7584,32,SYNTH
2026-04-21 13:56:23.041Z,0.7576,27,SYNTH
2026-04-21 13:56:24.590Z,0.7572,43,SYNTH
2026-04-21 13:56:25.283Z,0.7571,33,SYNTH
2026-04-21 13:56:26.652Z,0.7570,46,SYNTH
2026-04-21 13:56:27.259Z,0.7563,28,SYNTH
2026-04-21 13:56:28.893Z,0.7559,27,SYNTH
2026-04-21 13:56:29.510Z,0.7553,43,SYNTH
2026-04-21 13:56:30.419Z,0.7553,29,SYNTH
2026-04-21 13:56:31.249Z,0.7545,36,SYNTH
2026-04-21 13:56:32.875Z,0.7542,23,SYNTH
2026-04-21 13:56:33.392Z,0.7545,28,SYNTH
2026-04-21 13:56:34.408Z,0.7541,36,SYNTH
2026-04-21 13:56:35.147Z,0.7542,51,SYNTH
2026-04-21 13:56:36.670Z,0.7533,49,SYNTH
2026-04-21 13:56:37.223Z,0.7545,91,SYNTH
2026-04-21 13:56:38.591Z,0.7529,83,SYNTH
2026-04-21 13:56:39.510Z,0.7548,75,SYNTH
2026-04-21 13:56:40.449Z,0.7552,63,SYNTH
2026-04-21 13:56:41.009Z,0.7533,26,SYNTH
2026-04-21 13:56:42.720Z,0.7546,23,SYNTH
2026-04-21 13:56:43.805Z,0.7546,54,SYNTH
2026-04-21 13:56:44.042Z,0.7545,48,SYNTH
2026-04-21 13:56:45.167Z,0.7553,59,SYNTH
2026-04-21 13:56:46.333Z,0.7554,59,SYNTH
2026-04-21 13:56:47.321Z,0.7547,66,SYNTH
2026-04-21 13:56:48.667Z,0.7539,29,SYNTH
2026-04-21 13:56:49.237Z,0.7549,39,SYNTH
2026-04-21 13:56:50.293Z,0.7535,45,SYNTH
2026-04-21 13:56:51.544Z,0.7548,40,SYNTH
2026-04-21 13:56:52.528Z,0.7545,49,SYNTH
2026-04-21 13:56:53.610Z,0.7543,56,SYNTH
2026-04-21 13:56:54.090Z,0.7550,36,SYNTH
2026-04-21 13:56:55.391Z,0.7539,43,SYNTH
2026-04-21 13:56:56.866Z,0.7546,46,SYNTH
2026-04-21 13:56:57.603Z,0.7537,38,SYNTH
2026-04-21 13:56:58.361Z,0.7546,60,SYNTH
2026-04-21 13:56:59.121Z,0.7551,67,SYNTH
2026-04-21 13:57:00.682Z,0.7597,2,SYNTH
2026-04-21 13:57:01.277Z,0.7582,4,SYNTH
2026-04-21 13:57:02.467Z,0.7592,2,SYNTH
2026-04-21 13:57:03.566Z,0.7596,3,SYNTH
2026-04-21 13:57:04.327Z,0.7586,4,SYNTH
2026-04-21 13:57:05.250Z,0.7596,4,SYNTH
2026-04-21 13:57:06.761Z,0.7595,4,SYNTH
2026-04-21 13:57:07.897Z,0.7586,2,SYNTH
2026-04-21 13:57:08.867Z,0.7596,4,SYNTH
2026-04-21 13:57:09.382Z,0.7591,4,SYNTH
2026-04-21 13:57:10.550Z,0.7578,3,SYNTH
2026-04-21 13:57:11.246Z,0.7593,8,SYNTH
2026-04-21 13:57:12.162Z,0.7593,6,SYNTH
2026-04-21 13:57:13.300Z,0.7595,8,SYNTH
2026-04-21 13:57:14.422Z,0.7590,2,SYNTH
2026-04-21 13:57:15.501Z,0.7598,3,SYNTH
2026-04-21 13:57:16.183Z,0.7599,5,SYNTH
2026-04-21 13:57:17.030Z,0.7593,3,SYNTH
2026-04-21 13:57:18.649Z,0.7578,4,SYNTH
2026-04-21 13:57:19.067Z,0.7593,6,SYNTH
2026-04-21 13:57:20.579Z,0.7579,2,SYNTH
2026-04-21 13:57:21.281Z,0.7594,2,SYNTH
2026-04-21 13:57:22.353Z,0.7583,3,SYNTH
2026-04-21 13:57:23.383Z,0.7591,2,SYNTH
2026-04-21 13:57:24.854Z,0.7599,2,SYNTH
2026-04-21 13:57:25.553Z,0.7579,2,SYNTH
2026-04-21 13:57:26.874Z,0.7591,3,SYNTH
2026-04-21 13:57:27.324Z,0.7598,1,SYNTH
2026-04-21 13:57:28.157Z,0.7600,3,SYNTH
2026-04-21 13:57:29.437Z,0.7577,1,SYNTH
2026-04-21 13:57:30.459Z,0.7589,2,SYNTH
2026-04-21 13:57:31.371Z,0.7591,2,SYNTH
2026-04-21 13:57:32.088Z,0.7592,2,SYNTH
2026-04-21 13:57:33.409Z,0.7587,1,SYNTH
2026-04-21 13:57:34.024Z,0.7593,2,SYNTH
2026-04-21 13:57:35.702Z,0.7585,3,SYNTH
2026-04-21 13:57:36.823Z,0.7590,3,SYNTH
2026-04-21 13:57:37.023Z,0.7596,5,SYNTH
2026-04-21 13:57:38.734Z,0.7598,5,SYNTH
2026-04-21 13:57:39.678Z,0.7586,7,SYNTH
2026-04-21 13:57:40.559Z,0.7583,7,SYNTH
2026-04-21 13:57:41.633Z,0.7592,2,SYNTH
2026-04-21 13:57:42.552Z,0.7583,2,SYNTH
2026-04-21 13:57:43.835Z,0.7593,2,SYNTH
2026-04-21 13:57:44.445Z,0.7597,3,SYNTH
2026-04-21 13:57:45.820Z,0.7587,3,SYNTH
2026-04-21 13:57:46.303Z,0.7589,4,SYNTH
2026-04-21 13:57:47.573Z,0.7599,5,SYNTH
2026-04-21 13:57:48.311Z,0.7601,4,SYNTH
2026-04-21 13:57:49.594Z,0.7579,4,SYNTH
2026-04-21 13:57:50.649Z,0.7589,4,SYNTH
2026-04-21 13:57:51.022Z,0.7593,2,SYNTH
2026-04-21 13:57:52.866Z,0.7587,3,SYNTH
2026-04-21 13:57:53.558Z,0.7581,3,SYNTH
2026-04-21 13:57:54.171Z,0.7590,4,SYNTH
2026-04-21 13:57:55.171Z,0.7593,2,SYNTH
2026-04-21 13:57:56.584Z,0.7578,4,SYNTH
2026-04-21 13:57:57.869Z,0.7595,5,SYNTH
2026-04-21 13:57:58.404Z,0.7583,5,SYNTH
2026-04-21 13:57:59.246Z,0.7597,3,SYNTH
2026-04-21 13:58:00.377Z,0.7591,41,SYNTH
2026-04-21 13:58:01.468Z,0.7590,36,SYNTH
2026-04-21 13:58:02.096Z,0.7582,32,SYNTH
2026-04-21 13:58:03.141Z,0.7592,23,SYNTH
2026-04-21 13:58:04.426Z,0.7596,21,SYNTH
2026-04-21 13:58:05.392Z,0.7599,33,SYNTH
2026-04-21 13:58:06.743Z,0.7581,29,SYNTH
2026-04-21 13:58:07.272Z,0.7584,16,SYNTH
2026-04-21 13:58:08.832Z,0.7591,29,SYNTH
2026-04-21 13:58:09.772Z,0.7589,31,SYNTH
2026-04-21 13:58:10.062Z,0.7593,28,SYNTH
2026-04-21 13:58:11.693Z,0.7599,78,SYNTH
2026-04-21 13:58:12.436Z,0.7592,64,SYNTH
2026-04-21 13:58:13.496Z,0.7583,38,SYNTH
2026-04-21 13:58:14.792Z,0.7591,30,SYNTH
2026-04-21 13:58:15.858Z,0.7583,17,SYNTH
2026-04-21 13:58:16.279Z,0.7596,53,SYNTH
2026-04-21 13:58:17.883Z,0.7587,41,SYNTH
2026-04-21 13:58:18.827Z,0.7597,46,SYNTH
2026-04-21 13:58:19.365Z,0.7592,38,SYNTH
2026-04-21 13:58:20.320Z,0.7590,14,SYNTH
2026-04-21 13:58:21.281Z,0.7595,19,SYNTH
2026-04-21 13:58:22.839Z,0.7584,15,SYNTH
2026-04-21 13:58:23.589Z,0.7582,19,SYNTH
2026-04-21 13:58:24.230Z,0.7595,23,SYNTH
2026-04-21 13:58:25.643Z,0.7589,16,SYNTH
2026-04-21 13:58:26.319Z,0.7589,25,SYNTH
2026-04-21 13:58:27.851Z,0.7600,20,SYNTH
2026-04-21 13:58:28.595Z,0.7594,11,SYNTH
2026-04-21 13:58:29.200Z,0.7588,15,SYNTH
2026-04-21 13:58:30.265Z,0.7590,15,SYNTH
2026-04-21 13:58:31.479Z,0.7591,17,SYNTH
2026-04-21 13:58:32.536Z,0.7579,26,SYNTH
2026-04-21 13:58:33.661Z,0.7590,13,SYNTH
2026-04-21 13:58:34.668Z,0.7590,23,SYNTH
2026-04-21 13:58:35.200Z,0.7596,21,SYNTH
2026-04-21 13:58:36.009Z,0.7596,26,SYNTH
2026-04-21 13:58:37.014Z,0.7583,35,SYNTH
2026-04-21 13:58:38.691Z,0.7582,40,SYNTH
2026-04-21 13:58:39.200Z,0.7596,50,SYNTH
2026-04-21 13:58:40.820Z,0.7582,68,SYNTH
2026-04-21 13:58:41.566Z,0.7599,25,SYNTH
2026-04-21 13:58:42.331Z,0.7590,28,SYNTH
2026-04-21 13:58:43.476Z,0.7580,14,SYNTH
2026-04-21 13:58:44.519Z,0.7600,30,SYNTH
2026-04-21 13:58:45.020Z,0.7584,42,SYNTH
2026-04-21 13:58:46.381Z,0.7596,45,SYNTH
2026-04-21 13:58:47.516Z,0.7592,28,SYNTH
2026-04-21 13:58:48.278Z,0.7579,27,SYNTH
2026-04-21 13:58:49.096Z,0.7590,28,SYNTH
2026-04-21 13:58:50.781Z,0.7588,26,SYNTH
2026-04-21 13:58:51.849Z,0.7593,31,SYNTH
2026-04-21 13:58:52.664Z,0.7592,34,SYNTH
2026-04-21 13:58:53.741Z,0.7600,36,SYNTH
2026-04-21 13:58:54.633Z,0.7579,32,SYNTH
2026-04-21 13:58:55.832Z,0.7595,23,SYNTH
2026-04-21 13:58:56.495Z,0.7592,26,SYNTH
2026-04-21 13:58:57.392Z,0.7585,35,SYNTH
2026-04-21 13:58:58.092Z,0.7594,41,SYNTH
2026-04-21 13:58:59.299Z,0.7595,40,SYNTH
2026-04-21 13:59:00.078Z,0.7545,7,SYNTH
2026-04-21 13:59:01.319Z,0.7543,4,SYNTH
2026-04-21 13:59:02.676Z,0.7543,3,SYNTH
2026-04-21 13:59:03.583Z,0.7550,5,SYNTH
2026-04-21 13:59:04.191Z,0.7542,5,SYNTH
2026-04-21 13:59:05.540Z,0.7548,5,SYNTH
2026-04-21 13:59:06.243Z,0.7549,3,SYNTH
2026-04-21 13:59:07.875Z,0.7536,3,SYNTH
2026-04-21 13:59:08.571Z,0.7543,3,SYNTH
2026-04-21 13:59:09.385Z,0.7546,3,SYNTH
2026-04-21 13:59:10.514Z,0.7548,5,SYNTH
2026-04-21 13:59:11.688Z,0.7541,8,SYNTH
2026-04-21 13:59:12.220Z,0.7550,7,SYNTH
2026-04-21 13:59:13.149Z,0.7550,12,SYNTH
2026-04-21 13:59:14.576Z,0.7553,5,SYNTH
2026-04-21 13:59:15.787Z,0.7537,5,SYNTH
2026-04-21 13:59:16.479Z,0.7547,6,SYNTH
2026-04-21 13:59:17.781Z,0.7548,7,SYNTH
2026-04-21 13:59:18.068Z,0.7536,5,SYNTH
2026-04-21 13:59:19.578Z,0.7552,5,SYNTH
2026-04-21 13:59:20.636Z,0.7545,3,SYNTH
2026-04-21 13:59:21.679Z,0.7546,4,SYNTH
2026-04-21 13:59:22.159Z,0.7540,4,SYNTH
2026-04-21 13:59:23.175Z,0.7544,4,SYNTH
2026-04-21 13:59:24.843Z,0.7544,4,SYNTH
2026-04-21 13:59:25.083Z,0.7544,3,SYNTH
2026-04-21 13:59:26.502Z,0.7547,4,SYNTH
2026-04-21 13:59:27.784Z,0.7546,2,SYNTH
2026-04-21 13:59:28.734Z,0.7537,3,SYNTH
2026-04-21 13:59:29.776Z,0.7550,2,SYNTH
2026-04-21 13:59:30.523Z,0.7536,4,SYNTH
2026-04-21 13:59:31.010Z,0.7547,3,SYNTH
2026-04-21 13:59:32.766Z,0.7553,2,SYNTH
2026-04-21 13:59:33.039Z,0.7538,2,SYNTH
2026-04-21 13:59:34.177Z,0.7548,2,SYNTH
2026-04-21 13:59:35.144Z,0.7533,4,SYNTH
2026-04-21 13:59:36.808Z,0.7554,4,SYNTH
2026-04-21 13:59:37.227Z,0.7543,10,SYNTH
2026-04-21 13:59:38.861Z,0.7554,11,SYNTH
2026-04-21 13:59:39.250Z,0.7533,9,SYNTH
2026-04-21 13:59:40.146Z,0.7548,11,SYNTH
2026-04-21 13:59:41.853Z,0.7553,4,SYNTH
2026-04-21 13:59:42.468Z,0.7535,4,SYNTH
2026-04-21 13:59:43.109Z,0.7548,4,SYNTH
2026-04-21 13:59:44.508Z,0.7532,3,SYNTH
2026-04-21 13:59:45.036Z,0.7554,4,SYNTH
2026-04-21 13:59:46.379Z,0.7543,4,SYNTH
2026-04-21 13:59:47.205Z,0.7533,6,SYNTH
2026-04-21 13:59:48.852Z,0.7550,5,SYNTH
2026-04-21 13:59:49.744Z,0.7545,5,SYNTH
2026-04-21 13:59:50.721Z,0.7537,4,SYNTH
2026-04-21 13:59:51.847Z,0.7538,3,SYNTH
2026-04-21 13:59:52.321Z,0.7546,3,SYNTH
2026-04-21 13:59:53.337Z,0.7533,4,SYNTH
2026-04-21 13:59:54.317Z,0.7548,3,SYNTH
2026-04-21 13:59:55.614Z,0.7552,6,SYNTH
2026-04-21 13:59:56.304Z,0.7544,4,SYNTH
2026-04-21 13:59:57.528Z,0.7550,6,SYNTH
2026-04-21 13:59:58.489Z,0.7535,3,SYNTH
2026-04-21 13:59:59.530Z,0.7547,4,SYNTH
2026-04-21 14:01:00.537Z,0.7560,488,SYNTH
2026-04-21 14:01:01.040Z,0.7555,378,SYNTH
2026-04-21 14:01:02.104Z,0.7541,461,SYNTH
2026-04-21 14:01:03.036Z,0.7541,219,SYNTH
2026-04-21 14:01:04.075Z,0.7558,336,SYNTH
2026-04-21 14:01:05.443Z,0.7563,276,SYNTH
2026-04-21 14:01:06.662Z,0.7546,376,SYNTH
2026-04-21 14:01:07.274Z,0.7554,303,SYNTH
2026-04-21 14:01:08.432Z,0.7556,387,SYNTH
2026-04-21 14:01:09.771Z,0.7559,224,SYNTH
2026-04-21 14:01:10.382Z,0.7555,443,SYNTH
2026-04-21 14:01:11.469Z,0.7558,925,SYNTH
2026-04-21 14:01:12.873Z,0.7549,715,SYNTH
2026-04-21 14:01:13.642Z,0.7544,425,SYNTH
2026-04-21 14:01:14.550Z,0.7539,335,SYNTH
2026-04-21 14:01:15.709Z,0.7553,265,SYNTH
2026-04-21 14:01:16.878Z,0.7543,483,SYNTH
2026-04-21 14:01:17.170Z,0.7555,392,SYNTH
2026-04-21 14:01:18.361Z,0.7561,361,SYNTH
2026-04-21 14:01:19.524Z,0.7558,553,SYNTH
2026-04-21 14:01:20.214Z,0.7564,198,SYNTH
2026-04-21 14:01:21.568Z,0.7558,309,SYNTH
2026-04-21 14:01:22.185Z,0.7568,161,SYNTH
2026-04-21 14:01:23.698Z,0.7567,287,SYNTH
2026-04-21 14:01:24.618Z,0.7564,313,SYNTH
2026-04-21 14:01:25.863Z,0.7571,146,SYNTH
2026-04-21 14:01:26.860Z,0.7577,351,SYNTH
2026-04-21 14:01:27.509Z,0.7586,295,SYNTH
2026-04-21 14:01:28.034Z,0.7586,218,SYNTH
2026-04-21 14:01:29.178Z,0.7587,305,SYNTH
2026-04-21 14:01:30.371Z,0.7594,247,SYNTH
2026-04-21 14:01:31.174Z,0.7597,323,SYNTH
2026-04-21 14:01:32.016Z,0.7597,334,SYNTH
2026-04-21 14:01:33.553Z,0.7610,305,SYNTH
2026-04-21 14:01:34.047Z,0.7607,177,SYNTH
2026-04-21 14:01:35.070Z,0.7608,167,SYNTH
2026-04-21 14:01:36.656Z,0.7618,358,SYNTH
2026-04-21 14:01:37.867Z,0.7604,846,SYNTH
2026-04-21 14:01:38.239Z,0.7615,693,SYNTH
2026-04-21 14:01:39.475Z,0.7615,649,SYNTH
2026-04-21 14:01:40.206Z,0.7604,523,SYNTH
2026-04-21 14:01:41.677Z,0.7616,372,SYNTH
2026-04-21 14:01:42.643Z,0.7596,289,SYNTH
2026-04-21 14:01:43.768Z,0.7595,287,SYNTH
2026-04-21 14:01:44.701Z,0.7601,198,SYNTH
2026-04-21 14:01:45.755Z,0.7610,577,SYNTH
2026-04-21 14:01:46.116Z,0.7607,331,SYNTH
2026-04-21 14:01:47.332Z,0.7611,611,SYNTH
2026-04-21 14:01:48.031Z,0.7606,235,SYNTH
2026-04-21 14:01:49.883Z,0.7612,192,SYNTH
2026-04-21 14:01:50.329Z,0.7598,384,SYNTH
2026-04-21 14:01:51.294Z,0.7595,381,SYNTH
2026-04-21 14:01:52.176Z,0.7604,414,SYNTH
2026-04-21 14:01:53.279Z,0.7607,276,SYNTH
2026-04-21 14:01:54.346Z,0.7596,381,SYNTH
2026-04-21 14:01:55.378Z,0.7607,443,SYNTH
2026-04-21 14:01:56.650Z,0.7588,376,SYNTH
2026-04-21 14:01:57.589Z,0.7586,515,SYNTH
2026-04-21 14:01:58.695Z,0.7595,373,SYNTH
2026-04-21 14:01:59.627Z,0.7603,349,SYNTH
2026-04-21 14:02:00.331Z,0.7627,32,SYNTH
2026-04-21 14:02:01.139Z,0.7629,42,SYNTH
2026-04-21 14:02:02.461Z,0.7608,31,SYNTH
2026-04-21 14:02:03.466Z,0.7619,49,SYNTH
2026-04-21 14:02:04.802Z,0.7621,26,SYNTH
2026-04-21 14:02:05.397Z,0.7612,36,SYNTH
2026-04-21 14:02:06.411Z,0.7615,23,SYNTH
2026-04-21 14:02:07.533Z,0.7626,21,SYNTH
2026-04-21 14:02:08.603Z,0.7620,38,SYNTH
2026-04-21 14:02:09.680Z,0.7618,42,SYNTH
2026-04-21 14:02:10.113Z,0.7611,22,SYNTH
2026-04-21 14:02:11.019Z,0.7623,91,SYNTH
2026-04-21 14:02:12.526Z,0.7620,72,SYNTH
2026-04-21 14:02:13.629Z,0.7611,86,SYNTH
2026-04-21 14:02:14.087Z,0.7625,36,SYNTH
2026-04-21 14:02:15.145Z,0.7617,33,SYNTH
2026-04-21 14:02:16.731Z,0.7622,54,SYNTH
2026-04-21 14:02:17.826Z,0.7613,31,SYNTH
2026-04-21 14:02:18.436Z,0.7618,57,SYNTH
2026-04-21 14:02:19.394Z,0.7626,51,SYNTH
2026-04-21 14:02:20.588Z,0.7627,27,SYNTH
2026-04-21 14:02:21.573Z,0.7629,15,SYNTH
2026-04-21 14:02:22.025Z,0.7617,33,SYNTH
2026-04-21 14:02:23.608Z,0.7626,22,SYNTH
2026-04-21 14:02:24.146Z,0.7633,33,SYNTH
2026-04-21 14:02:25.168Z,0.7632,25,SYNTH
2026-04-21 14:02:26.818Z,0.7635,14,SYNTH
2026-04-21 14:02:27.211Z,0.7640,22,SYNTH
2026-04-21 14:02:28.849Z,0.7641,29,SYNTH
2026-04-21 14:02:29.256Z,0.7643,15,SYNTH
2026-04-21 14:02:30.260Z,0.7646,30,SYNTH
2026-04-21 14:02:31.069Z,0.7641,25,SYNTH
2026-04-21 14:02:32.022Z,0.7650,23,SYNTH
2026-04-21 14:02:33.753Z,0.7649,29,SYNTH
2026-04-21 14:02:34.245Z,0.7646,29,SYNTH
2026-04-21 14:02:35.289Z,0.7652,31,SYNTH
2026-04-21 14:02:36.565Z,0.7659,17,SYNTH
2026-04-21 14:02:37.376Z,0.7650,72,SYNTH
2026-04-21 14:02:38.339Z,0.7639,49,SYNTH
2026-04-21 14:02:39.711Z,0.7655,76,SYNTH
2026-04-21 14:02:40.316Z,0.7651,57,SYNTH
2026-04-21 14:02:41.396Z,0.7645,34,SYNTH
2026-04-21 14:02:42.416Z,0.7637,23,SYNTH
2026-04-21 14:02:43.611Z,0.7633,31,SYNTH
2026-04-21 14:02:44.052Z,0.7632,16,SYNTH
2026-04-21 14:02:45.555Z,0.7637,33,SYNTH
2026-04-21 14:02:46.251Z,0.7647,53,SYNTH
2026-04-21 14:02:47.477Z,0.7633,44,SYNTH
2026-04-21 14:02:48.211Z,0.7644,28,SYNTH
2026-04-21 14:02:49.579Z,0.7629,21,SYNTH
2026-04-21 14:02:50.265Z,0.7629,34,SYNTH
2026-04-21 14:02:51.724Z,0.7626,28,SYNTH
2026-04-21 14:02:52.854Z,0.7629,33,SYNTH
2026-04-21 14:02:53.899Z,0.7619,41,SYNTH
2026-04-21 14:02:54.207Z,0.7623,43,SYNTH
2026-04-21 14:02:55.668Z,0.7622,42,SYNTH
2026-04-21 14:02:56.522Z,0.7616,21,SYNTH
2026-04-21 14:02:57.861Z,0.7625,37,SYNTH
2026-04-21 14:02:58.190Z,0.7618,28,SYNTH
2026-04-21 14:02:59.581Z,0.7623,37,SYNTH
2026-04-21 14:04:00.672Z,0.7611,15,SYNTH
2026-04-21 14:04:01.175Z,0.7594,14,SYNTH
2026-04-21 14:04:02.817Z,0.7594,8,SYNTH
2026-04-21 14:04:03.269Z,0.7605,9,SYNTH
2026-04-21 14:04:04.120Z,0.7599,6,SYNTH
2026-04-21 14:04:05.638Z,0.7611,6,SYNTH
2026-04-21 14:04:06.444Z,0.7608,10,SYNTH
2026-04-21 14:04:07.893Z,0.7610,10,SYNTH
2026-04-21 14:04:08.711Z,0.7600,5,SYNTH
2026-04-21 14:04:09.535Z,0.7598,10,SYNTH
2026-04-21 14:04:10.537Z,0.7610,8,SYNTH
2026-04-21 14:04:11.203Z,0.7592,24,SYNTH
2026-04-21 14:04:12.370Z,0.7613,25,SYNTH
2026-04-21 14:04:13.840Z,0.7597,12,SYNTH
2026-04-21 14:04:14.419Z,0.7611,9,SYNTH
2026-04-21 14:04:15.493Z,0.7600,6,SYNTH
2026-04-21 14:04:16.471Z,0.7609,16,SYNTH
2026-04-21 14:04:17.624Z,0.7602,8,SYNTH
2026-04-21 14:04:18.192Z,0.7601,10,SYNTH
2026-04-21 14:04:19.681Z,0.7603,18,SYNTH
2026-04-21 14:04:20.759Z,0.7605,5,SYNTH
2026-04-21 14:04:21.326Z,0.7601,6,SYNTH
2026-04-21 14:04:22.483Z,0.7604,6,SYNTH
2026-04-21 14:04:23.406Z,0.7596,8,SYNTH
2026-04-21 14:04:24.562Z,0.7602,6,SYNTH
2026-04-21 14:04:25.883Z,0.7604,9,SYNTH
2026-04-21 14:04:26.274Z,0.7608,4,SYNTH
2026-04-21 14:04:27.442Z,0.7610,9,SYNTH
2026-04-21 14:04:28.891Z,0.7597,8,SYNTH
2026-04-21 14:04:29.621Z,0.7608,6,SYNTH
2026-04-21 14:04:30.592Z,0.7609,6,SYNTH
2026-04-21 14:04:31.673Z,0.7606,9,SYNTH
2026-04-21 14:04:32.589Z,0.7595,6,SYNTH
2026-04-21 14:04:33.809Z,0.7608,4,SYNTH
2026-04-21 14:04:34.485Z,0.7602,7,SYNTH
2026-04-21 14:04:35.856Z,0.7608,5,SYNTH
2026-04-21 14:04:36.878Z,0.7597,8,SYNTH
2026-04-21 14:04:37.064Z,0.7597,15,SYNTH
2026-04-21 14:04:38.172Z,0.7606,13,SYNTH
2026-04-21 14:04:39.210Z,0.7613,20,SYNTH
2026-04-21 14:04:40.032Z,0.7600,25,SYNTH
2026-04-21 14:04:41.126Z,0.7606,7,SYNTH
2026-04-21 14:04:42.064Z,0.7607,9,SYNTH
2026-04-21 14:04:43.456Z,0.7596,9,SYNTH
2026-04-21 14:04:44.837Z,0.7594,10,SYNTH
2026-04-21 14:04:45.589Z,0.7608,14,SYNTH
2026-04-21 14:04:46.032Z,0.7607,14,SYNTH
2026-04-21 14:04:47.192Z,0.7604,13,SYNTH
2026-04-21 14:04:48.883Z,0.7606,8,SYNTH
2026-04-21 14:04:49.733Z,0.7600,11,SYNTH
2026-04-21 14:04:50.241Z,0.7613,10,SYNTH
2026-04-21 14:04:51.410Z,0.7597,5,SYNTH
2026-04-21 14:04:52.485Z,0.7609,11,SYNTH
2026-04-21 14:04:53.701Z,0.7602,10,SYNTH
2026-04-21 14:04:54.034Z,0.7613,12,SYNTH
2026-04-21 14:04:55.109Z,0.7606,8,SYNTH
2026-04-21 14:04:56.661Z,0.7612,11,SYNTH
2026-04-21 14:04:57.355Z,0.7610,6,SYNTH
2026-04-21 14:04:58.298Z,0.7595,9,SYNTH
2026-04-21 14:04:59.758Z,0.7612,13,SYNTH
2026-04-21 14:05:00.606Z,0.7623,21,SYNTH
2026-04-21 14:05:01.669Z,0.7610,18,SYNTH
2026-04-21 14:05:02.110Z,0.7621,23,SYNTH
2026-04-21 14:05:03.592Z,0.7617,21,SYNTH
2026-04-21 14:05:04.851Z,0.7617,12,SYNTH
2026-04-21 14:05:05.663Z,0.7616,15,SYNTH
2026-04-21 14:05:06.764Z,0.7625,17,SYNTH
2026-04-21 14:05:07.885Z,0.7617,18,SYNTH
2026-04-21 14:05:08.277Z,0.7612,25,SYNTH
2026-04-21 14:05:09.636Z,0.7619,25,SYNTH
2026-04-21 14:05:10.213Z,0.7613,14,SYNTH
2026-04-21 14:05:11.083Z,0.7621,43,SYNTH
2026-04-21 14:05:12.124Z,0.7608,59,SYNTH
2026-04-21 14:05:13.478Z,0.7616,36,SYNTH
2026-04-21 14:05:14.562Z,0.7618,11,SYNTH
2026-04-21 14:05:15.880Z,0.7619,9,SYNTH
2026-04-21 14:05:16.728Z,0.7612,28,SYNTH
2026-04-21 14:05:17.400Z,0.7621,38,SYNTH
2026-04-21 14:05:18.633Z,0.7619,17,SYNTH
2026-04-21 14:05:19.860Z,0.7604,31,SYNTH
2026-04-21 14:05:20.423Z,0.7614,11,SYNTH
2026-04-21 14:05:21.677Z,0.7605,17,SYNTH
2026-04-21 14:05:22.630Z,0.7615,18,SYNTH
2026-04-21 14:05:23.486Z,0.7603,13,SYNTH
2026-04-21 14:05:24.009Z,0.7615,19,SYNTH
2026-04-21 14:05:25.895Z,0.7600,19,SYNTH
2026-04-21 14:05:26.786Z,0.7617,17,SYNTH
2026-04-21 14:05:27.887Z,0.7604,15,SYNTH
2026-04-21 14:05:28.255Z,0.7603,10,SYNTH
2026-04-21 14:05:29.168Z,0.7604,13,SYNTH
2026-04-21 14:05:30.551Z,0.7602,15,SYNTH
2026-04-21 14:05:31.747Z,0.7613,18,SYNTH
2026-04-21 14:05:32.484Z,0.7600,16,SYNTH
2026-04-21 14:05:33.856Z,0.7605,18,SYNTH
2026-04-21 14:05:34.116Z,0.7597,11,SYNTH
2026-04-21 14:05:35.526Z,0.7606,16,SYNTH
2026-04-21 14:05:36.645Z,0.7603,20,SYNTH
2026-04-21 14:05:37.402Z,0.7602,49,SYNTH
2026-04-21 14:05:38.632Z,0.7597,41,SYNTH
2026-04-21 14:05:39.363Z,0.7602,26,SYNTH
2026-04-21 14:05:40.071Z,0.7609,44,SYNTH
2026-04-21 14:05:41.283Z,0.7607,9,SYNTH
2026-04-21 14:05:42.482Z,0.7605,16,SYNTH
2026-04-21 14:05:43.236Z,0.7604,13,SYNTH
2026-04-21 14:05:44.414Z,0.7608,21,SYNTH
2026-04-21 14:05:45.808Z,0.7606,27,SYNTH
2026-04-21 14:05:46.726Z,0.7593,31,SYNTH
2026-04-21 14:05:47.478Z,0.7601,35,SYNTH
2026-04-21 14:05:48.067Z,0.7611,15,SYNTH
2026-04-21 14:05:49.007Z,0.7599,18,SYNTH
2026-04-21 14:05:50.285Z,0.7598,21,SYNTH
2026-04-21 14:05:51.137Z,0.7606,23,SYNTH
2026-04-21 14:05:52.499Z,0.7593,21,SYNTH
2026-04-21 14:05:53.234Z,0.7607,15,SYNTH
2026-04-21 14:05:54.371Z,0.7594,21,SYNTH
2026-04-21 14:05:55.216Z,0.7596,23,SYNTH
2026-04-21 14:05:56.508Z,0.7606,29,SYNTH
2026-04-21 14:05:57.397Z,0.7602,16,SYNTH
2026-04-21 14:05:58.299Z,0.7596,29,SYNTH
2026-04-21 14:05:59.829Z,0.7606,13,SYNTH
2026-04-21 14:06:00.063Z,0.7656,1545,SYNTH
2026-04-21 14:06:01.178Z,0.7655,1979,SYNTH
2026-04-21 14:06:02.061Z,0.7647,1096,SYNTH
2026-04-21 14:06:03.601Z,0.7659,1322,SYNTH
2026-04-21 14:06:04.861Z,0.7646,868,SYNTH
2026-04-21 14:06:05.019Z,0.7651,891,SYNTH
2026-04-21 14:06:06.058Z,0.7640,976,SYNTH
2026-04-21 14:06:07.023Z,0.7641,1375,SYNTH
2026-04-21 14:06:08.289Z,0.7656,1658,SYNTH
2026-04-21 14:06:09.318Z,0.7653,1263,SYNTH
2026-04-21 14:06:10.220Z,0.7653,1110,SYNTH
2026-04-21 14:06:11.072Z,0.7652,3672,SYNTH
2026-04-21 14:06:12.234Z,0.7652,3095,SYNTH
2026-04-21 14:06:13.034Z,0.7644,1934,SYNTH
2026-04-21 14:06:14.794Z,0.7649,833,SYNTH
2026-04-21 14:06:15.326Z,0.7653,740,SYNTH
2026-04-21 14:06:16.890Z,0.7639,2422,SYNTH
2026-04-21 14:06:17.106Z,0.7641,2142,SYNTH
2026-04-21 14:06:18.229Z,0.7654,1493,SYNTH
2026-04-21 14:06:19.435Z,0.7645,1773,SYNTH
2026-04-21 14:06:20.471Z,0.7655,716,SYNTH
2026-04-21 14:06:21.514Z,0.7647,633,SYNTH
2026-04-21 14:06:22.258Z,0.7652,770,SYNTH
2026-04-21 14:06:23.491Z,0.7654,695,SYNTH
2026-04-21 14:06:24.150Z,0.7638,872,SYNTH
2026-04-21 14:06:25.148Z,0.7656,866,SYNTH
2026-04-21 14:06:26.722Z,0.7639,932,SYNTH
2026-04-21 14:06:27.179Z,0.7656,1228,SYNTH
2026-04-21 14:06:28.750Z,0.7656,546,SYNTH
2026-04-21 14:06:29.781Z,0.7641,594,SYNTH
2026-04-21 14:06:30.537Z,0.7655,767,SYNTH
2026-04-21 14:06:31.534Z,0.7646,541,SYNTH
2026-04-21 14:06:32.889Z,0.7654,899,SYNTH
2026-04-21 14:06:33.558Z,0.7653,1113,SYNTH
2026-04-21 14:06:34.650Z,0.7653,1029,SYNTH
2026-04-21 14:06:35.502Z,0.7647,1065,SYNTH
2026-04-21 14:06:36.876Z,0.7659,1292,SYNTH
2026-04-21 14:06:37.610Z,0.7649,3208,SYNTH
2026-04-21 14:06:38.722Z,0.7652,3024,SYNTH
2026-04-21 14:06:39.676Z,0.7654,2911,SYNTH
2026-04-21 14:06:40.330Z,0.7648,2320,SYNTH
2026-04-21 14:06:41.140Z,0.7644,1269,SYNTH
2026-04-21 14:06:42.223Z,0.7655,1121,SYNTH
2026-04-21 14:06:43.896Z,0.7652,1279,SYNTH
2026-04-21 14:06:44.608Z,0.7639,1286,SYNTH
2026-04-21 14:06:45.262Z,0.7653,1796,SYNTH
2026-04-21 14:06:46.762Z,0.7649,1854,SYNTH
2026-04-21 14:06:47.456Z,0.7655,1880,SYNTH
2026-04-21 14:06:48.833Z,0.7651,883,SYNTH
2026-04-21 14:06:49.685Z,0.7644,973,SYNTH
2026-04-21 14:06:50.870Z,0.7652,1460,SYNTH
2026-04-21 14:06:51.616Z,0.7658,1351,SYNTH
2026-04-21 14:06:52.182Z,0.7643,1237,SYNTH
2026-04-21 14:06:53.172Z,0.7656,820,SYNTH
2026-04-21 14:06:54.809Z,0.7651,1181,SYNTH
2026-04-21 14:06:55.459Z,0.7645,899,SYNTH
2026-04-21 14:06:56.547Z,0.7651,1358,SYNTH
2026-04-21 14:06:57.153Z,0.7659,1181,SYNTH
2026-04-21 14:06:58.853Z,0.7656,1158,SYNTH
2026-04-21 14:06:59.278Z,0.7655,1620,SYNTH
2026-04-21 14:07:00.780Z,0.7659,558,SYNTH
2026-04-21 14:07:01.588Z,0.7655,420,SYNTH
2026-04-21 14:07:02.726Z,0.7651,487,SYNTH
2026-04-21 14:07:03.084Z,0.7657,261,SYNTH
2026-04-21 14:07:04.268Z,0.7648,383,SYNTH
2026-04-21 14:07:05.745Z,0.7659,242,SYNTH
2026-04-21 14:07:06.676Z,0.7654,414,SYNTH
2026-04-21 14:07:07.012Z,0.7641,415,SYNTH
2026-04-21 14:07:08.223Z,0.7660,382,SYNTH
2026-04-21 14:07:09.079Z,0.7644,282,SYNTH
2026-04-21 14:07:10.703Z,0.7652,234,SYNTH
2026-04-21 14:07:11.304Z,0.7656,606,SYNTH
2026-04-21 14:07:12.669Z,0.7646,902,SYNTH
2026-04-21 14:07:13.161Z,0.7655,654,SYNTH
2026-04-21 14:07:14.728Z,0.7657,222,SYNTH
2026-04-21 14:07:15.845Z,0.7645,404,SYNTH
2026-04-21 14:07:16.660Z,0.7655,503,SYNTH
2026-04-21 14:07:17.223Z,0.7658,399,SYNTH
2026-04-21 14:07:18.333Z,0.7641,588,SYNTH
2026-04-21 14:07:19.143Z,0.7652,646,SYNTH
2026-04-21 14:07:20.798Z,0.7659,336,SYNTH
2026-04-21 14:07:21.144Z,0.7661,343,SYNTH
2026-04-21 14:07:22.251Z,0.7665,375,SYNTH
2026-04-21 14:07:23.339Z,0.7661,253,SYNTH
2026-04-21 14:07:24.287Z,0.7668,318,SYNTH
2026-04-21 14:07:25.356Z,0.7677,165,SYNTH
2026-04-21 14:07:26.031Z,0.7673,169,SYNTH
2026-04-21 14:07:27.114Z,0.7681,260,SYNTH
2026-04-21 14:07:28.439Z,0.7686,336,SYNTH
2026-04-21 14:07:29.565Z,0.7691,166,SYNTH
2026-04-21 14:07:30.116Z,0.7696,333,SYNTH
2026-04-21 14:07:31.101Z,0.7694,266,SYNTH
2026-04-21 14:07:32.709Z,0.7696,299,SYNTH
2026-04-21 14:07:33.145Z,0.7700,197,SYNTH
2026-04-21 14:07:34.878Z,0.7705,283,SYNTH
2026-04-21 14:07:35.846Z,0.7713,359,SYNTH
2026-04-21 14:07:36.160Z,0.7713,317,SYNTH
2026-04-21 14:07:37.536Z,0.7713,896,SYNTH
2026-04-21 14:07:38.082Z,0.7712,677,SYNTH
2026-04-21 14:07:39.594Z,0.7708,818,SYNTH
2026-04-21 14:07:40.619Z,0.7706,619,SYNTH
2026-04-21 14:07:41.857Z,0.7704,257,SYNTH
2026-04-21 14:07:42.327Z,0.7709,235,SYNTH
2026-04-21 14:07:43.449Z,0.7702,360,SYNTH
2026-04-21 14:07:44.484Z,0.7700,374,SYNTH
2026-04-21 14:07:45.787Z,0.7706,277,SYNTH
2026-04-21 14:07:46.179Z,0.7696,570,SYNTH
2026-04-21 14:07:47.080Z,0.7703,286,SYNTH
2026-04-21 14:07:48.604Z,0.7703,327,SYNTH
2026-04-21 14:07:49.747Z,0.7710,383,SYNTH
2026-04-21 14:07:50.254Z,0.7704,242,SYNTH
2026-04-21 14:07:51.063Z,0.7711,443,SYNTH
2026-04-21 14:07:52.799Z,0.7712,362,SYNTH
2026-04-21 14:07:53.795Z,0.7703,351,SYNTH
2026-04-21 14:07:54.700Z,0.7715,280,SYNTH
2026-04-21 14:07:55.475Z,0.7712,513,SYNTH
2026-04-21 14:07:56.530Z,0.7701,493,SYNTH
2026-04-21 14:07:57.081Z,0.7717,297,SYNTH
2026-04-21 14:07:58.303Z,0.7704,303,SYNTH
2026-04-21 14:07:59.730Z,0.7720,286,SYNTH
2026-04-21 14:08:00.737Z,0.7725,567,SYNTH
2026-04-21 14:08:01.420Z,0.7722,745,SYNTH
2026-04-21 14:08:02.372Z,0.7723,816,SYNTH
2026-04-21 14:08:03.730Z,0.7719,501,SYNTH
2026-04-21 14:08:04.285Z,0.7723,432,SYNTH
2026-04-21 14:08:05.357Z,0.7711,700,SYNTH
2026-04-21 14:08:06.271Z,0.7726,517,SYNTH
2026-04-21 14:08:07.364Z,0.7709,308,SYNTH
2026-04-21 14:08:08.434Z,0.7721,386,SYNTH
2026-04-21 14:08:09.894Z,0.7715,646,SYNTH
2026-04-21 14:08:10.802Z,0.7721,401,SYNTH
2026-04-21 14:08:11.518Z,0.7713,930,SYNTH
2026-04-21 14:08:12.108Z,0.7709,1211,SYNTH
2026-04-21 14:08:13.312Z,0.7728,1551,SYNTH
2026-04-21 14:08:14.686Z,0.7727,414,SYNTH
2026-04-21 14:08:15.269Z,0.7710,491,SYNTH
2026-04-21 14:08:16.846Z,0.7719,715,SYNTH
2026-04-21 14:08:17.202Z,0.7727,460,SYNTH
2026-04-21 14:08:18.195Z,0.7713,810,SYNTH
2026-04-21 14:08:19.237Z,0.7724,553,SYNTH
2026-04-21 14:08:20.094Z,0.7728,273,SYNTH
2026-04-21 14:08:21.882Z,0.7726,346,SYNTH
2026-04-21 14:08:22.527Z,0.7728,538,SYNTH
2026-04-21 14:08:23.537Z,0.7734,259,SYNTH
2026-04-21 14:08:24.048Z,0.7737,458,SYNTH
2026-04-21 14:08:25.147Z,0.7734,435,SYNTH
2026-04-21 14:08:26.058Z,0.7747,367,SYNTH
2026-04-21 14:08:27.734Z,0.7746,245,SYNTH
2026-04-21 14:08:28.589Z,0.7750,339,SYNTH
2026-04-21 14:08:29.265Z,0.7757,461,SYNTH
2026-04-21 14:08:30.295Z,0.7764,517,SYNTH
2026-04-21 14:08:31.132Z,0.7767,371,SYNTH
2026-04-21 14:08:32.231Z,0.7762,324,SYNTH
2026-04-21 14:08:33.585Z,0.7765,288,SYNTH
2026-04-21 14:08:34.126Z,0.7769,377,SYNTH
2026-04-21 14:08:35.132Z,0.7777,396,SYNTH
2026-04-21 14:08:36.878Z,0.7774,519,SYNTH
2026-04-21 14:08:37.072Z,0.7780,1150,SYNTH
2026-04-21 14:08:38.463Z,0.7780,1114,SYNTH
2026-04-21 14:08:39.519Z,0.7778,1087,SYNTH
2026-04-21 14:08:40.520Z,0.7766,1005,SYNTH
2026-04-21 14:08:41.829Z,0.7783,576,SYNTH
2026-04-21 14:08:42.446Z,0.7768,280,SYNTH
2026-04-21 14:08:43.210Z,0.7769,563,SYNTH
2026-04-21 14:08:44.392Z,0.7766,582,SYNTH
2026-04-21 14:08:45.870Z,0.7762,394,SYNTH
2026-04-21 14:08:46.400Z,0.7773,755,SYNTH
2026-04-21 14:08:47.319Z,0.7767,764,SYNTH
2026-04-21 14:08:48.690Z,0.7760,405,SYNTH
2026-04-21 14:08:49.787Z,0.7772,560,SYNTH
2026-04-21 14:08:50.828Z,0.7764,682,SYNTH
2026-04-21 14:08:51.373Z,0.7780,655,SYNTH
2026-04-21 14:08:52.809Z,0.7768,409,SYNTH
2026-04-21 14:08:53.040Z,0.7775,348,SYNTH
2026-04-21 14:08:54.515Z,0.7762,469,SYNTH
2026-04-21 14:08:55.896Z,0.7774,359,SYNTH
2026-04-21 14:08:56.817Z,0.7765,369,SYNTH
2026-04-21 14:08:57.122Z,0.7769,630,SYNTH
2026-04-21 14:08:58.269Z,0.7777,725,SYNTH
2026-04-21 14:08:59.227Z,0.7763,653,SYNTH
2026-04-21 14:10:00.268Z,0.7754,102,SYNTH
2026-04-21 14:10:01.329Z,0.7746,84,SYNTH
2026-04-21 14:10:02.097Z,0.7753,46,SYNTH
2026-04-21 14:10:03.114Z,0.7746,51,SYNTH
2026-04-21 14:10:04.848Z,0.7761,82,SYNTH
2026-04-21 14:10:05.313Z,0.7759,52,SYNTH
2026-04-21 14:10:06.207Z,0.7763,80,SYNTH
2026-04-21 14:10:07.725Z,0.7747,43,SYNTH
2026-04-21 14:10:08.817Z,0.7762,73,SYNTH
2026-04-21 14:10:09.240Z,0.7766,57,SYNTH
2026-04-21 14:10:10.089Z,0.7755,68,SYNTH
2026-04-21 14:10:11.510Z,0.7750,159,SYNTH
2026-04-21 14:10:12.359Z,0.7762,90,SYNTH
2026-04-21 14:10:13.805Z,0.7750,170,SYNTH
2026-04-21 14:10:14.613Z,0.7762,42,SYNTH
2026-04-21 14:10:15.783Z,0.7764,60,SYNTH
2026-04-21 14:10:16.166Z,0.7750,104,SYNTH
2026-04-21 14:10:17.166Z,0.7766,91,SYNTH
2026-04-21 14:10:18.239Z,0.7749,115,SYNTH
2026-04-21 14:10:19.727Z,0.7766,88,SYNTH
2026-04-21 14:10:20.849Z,0.7752,76,SYNTH
2026-04-21 14:10:21.320Z,0.7755,70,SYNTH
2026-04-21 14:10:22.233Z,0.7751,32,SYNTH
2026-04-21 14:10:23.090Z,0.7749,35,SYNTH
2026-04-21 14:10:24.679Z,0.7740,75,SYNTH
2026-04-21 14:10:25.296Z,0.7742,68,SYNTH
2026-04-21 14:10:26.689Z,0.7733,41,SYNTH
2026-04-21 14:10:27.285Z,0.7735,58,SYNTH
2026-04-21 14:10:28.169Z,0.7729,39,SYNTH
2026-04-21 14:10:29.883Z,0.7718,71,SYNTH
2026-04-21 14:10:30.715Z,0.7718,62,SYNTH
2026-04-21 14:10:31.022Z,0.7716,52,SYNTH
2026-04-21 14:10:32.708Z,0.7707,42,SYNTH
2026-04-21 14:10:33.344Z,0.7710,67,SYNTH
2026-04-21 14:10:34.209Z,0.7701,56,SYNTH
2026-04-21 14:10:35.104Z,0.7697,42,SYNTH
2026-04-21 14:10:36.381Z,0.7694,64,SYNTH
2026-04-21 14:10:37.643Z,0.7707,130,SYNTH
2026-04-21 14:10:38.001Z,0.7696,96,SYNTH
2026-04-21 14:10:39.028Z,0.7708,147,SYNTH
2026-04-21 14:10:40.186Z,0.7709,92,SYNTH
2026-04-21 14:10:41.399Z,0.7711,51,SYNTH
2026-04-21 14:10:42.113Z,0.7708,43,SYNTH
2026-04-21 14:10:43.170Z,0.7697,74,SYNTH
2026-04-21 14:10:44.712Z,0.7709,55,SYNTH
2026-04-21 14:10:45.380Z,0.7715,125,SYNTH
2026-04-21 14:10:46.620Z,0.7715,94,SYNTH
2026-04-21 14:10:47.247Z,0.7708,82,SYNTH
2026-04-21 14:10:48.103Z,0.7704,80,SYNTH
2026-04-21 14:10:49.610Z,0.7710,37,SYNTH
2026-04-21 14:10:50.788Z,0.7713,84,SYNTH
2026-04-21 14:10:51.176Z,0.7708,79,SYNTH
2026-04-21 14:10:52.795Z,0.7699,82,SYNTH
2026-04-21 14:10:53.223Z,0.7699,77,SYNTH
2026-04-21 14:10:54.032Z,0.7710,67,SYNTH
2026-04-21 14:10:55.269Z,0.7698,103,SYNTH
2026-04-21 14:10:56.276Z,0.7707,55,SYNTH
2026-04-21 14:10:57.557Z,0.7705,58,SYNTH
2026-04-21 14:10:58.272Z,0.7696,109,SYNTH
2026-04-21 14:10:59.358Z,0.7704,99,SYNTH
2026-04-21 14:13:00.094Z,0.7697,49,SYNTH
2026-04-21 14:13:01.557Z,0.7687,33,SYNTH
2026-04-21 14:13:02.042Z,0.7698,36,SYNTH
2026-04-21 14:13:03.277Z,0.7696,44,SYNTH
2026-04-21 14:13:04.009Z,0.7697,24,SYNTH
2026-04-21 14:13:05.678Z,0.7703,18,SYNTH
2026-04-21 14:13:06.666Z,0.7691,20,SYNTH
2026-04-21 14:13:07.239Z,0.7683,36,SYNTH
2026-04-21 14:13:08.084Z,0.7695,28,SYNTH
2026-04-21 14:13:09.749Z,0.7702,39,SYNTH
2026-04-21 14:13:10.575Z,0.7702,31,SYNTH
2026-04-21 14:13:11.611Z,0.7700,60,SYNTH
2026-04-21 14:13:12.215Z,0.7688,65,SYNTH
2026-04-21 14:13:13.641Z,0.7700,87,SYNTH
2026-04-21 14:13:14.814Z,0.7700,24,SYNTH
2026-04-21 14:13:15.842Z,0.7692,28,SYNTH
2026-04-21 14:13:16.280Z,0.7695,33,SYNTH
2026-04-21 14:13:17.787Z,0.7698,30,SYNTH
2026-04-21 14:13:18.451Z,0.7691,42,SYNTH
2026-04-21 14:13:19.034Z,0.7690,38,SYNTH
2026-04-21 14:13:20.822Z,0.7697,13,SYNTH
2026-04-21 14:13:21.423Z,0.7699,27,SYNTH
2026-04-21 14:13:22.577Z,0.7689,30,SYNTH
2026-04-21 14:13:23.121Z,0.7697,31,SYNTH
2026-04-21 14:13:24.133Z,0.7692,15,SYNTH
2026-04-21 14:13:25.614Z,0.7704,29,SYNTH
2026-04-21 14:13:26.091Z,0.7700,24,SYNTH
2026-04-21 14:13:27.028Z,0.7708,19,SYNTH
2026-04-21 14:13:28.406Z,0.7708,19,SYNTH
2026-04-21 14:13:29.276Z,0.7692,17,SYNTH
2026-04-21 14:13:30.246Z,0.7707,16,SYNTH
2026-04-21 14:13:31.634Z,0.7698,26,SYNTH
2026-04-21 14:13:32.667Z,0.7708,15,SYNTH
2026-04-21 14:13:33.788Z,0.7706,31,SYNTH
2026-04-21 14:13:34.534Z,0.7703,25,SYNTH
2026-04-21 14:13:35.771Z,0.7708,20,SYNTH
2026-04-21 14:13:36.642Z,0.7689,31,SYNTH
2026-04-21 14:13:37.863Z,0.7703,39,SYNTH
2026-04-21 14:13:38.603Z,0.7694,75,SYNTH
2026-04-21 14:13:39.124Z,0.7694,33,SYNTH
2026-04-21 14:13:40.218Z,0.7695,51,SYNTH
2026-04-21 14:13:41.243Z,0.7700,31,SYNTH
2026-04-21 14:13:42.208Z,0.7690,14,SYNTH
2026-04-21 14:13:43.337Z,0.7701,20,SYNTH
2026-04-21 14:13:44.055Z,0.7702,25,SYNTH
2026-04-21 14:13:45.229Z,0.7703,26,SYNTH
2026-04-21 14:13:46.021Z,0.7697,46,SYNTH
2026-04-21 14:13:47.125Z,0.7706,39,SYNTH
2026-04-21 14:13:48.250Z,0.7693,34,SYNTH
2026-04-21 14:13:49.189Z,0.7703,21,SYNTH
2026-04-21 14:13:50.402Z,0.7695,37,SYNTH
2026-04-21 14:13:51.091Z,0.7707,39,SYNTH
2026-04-21 14:13:52.387Z,0.7703,26,SYNTH
2026-04-21 14:13:53.732Z,0.7689,35,SYNTH
2026-04-21 14:13:54.236Z,0.7697,25,SYNTH
2026-04-21 14:13:55.312Z,0.7705,30,SYNTH
2026-04-21 14:13:56.319Z,0.7693,22,SYNTH
2026-04-21 14:13:57.654Z,0.7703,40,SYNTH
2026-04-21 14:13:58.587Z,0.7705,28,SYNTH
2026-04-21 14:13:59.188Z,0.7702,46,SYNTH
2026-04-21 14:14:00.184Z,0.7704,474,SYNTH
2026-04-21 14:14:01.817Z,0.7705,353,SYNTH
2026-04-21 14:14:02.021Z,0.7694,268,SYNTH
2026-04-21 14:14:03.035Z,0.7689,269,SYNTH
2026-04-21 14:14:04.356Z,0.7701,180,SYNTH
2026-04-21 14:14:05.775Z,0.7707,344,SYNTH
2026-04-21 14:14:06.552Z,0.7688,173,SYNTH
2026-04-21 14:14:07.663Z,0.7691,274,SYNTH
2026-04-21 14:14:08.876Z,0.7704,292,SYNTH
2026-04-21 14:14:09.762Z,0.7693,173,SYNTH
2026-04-21 14:14:10.075Z,0.7700,344,SYNTH
2026-04-21 14:14:11.708Z,0.7706,595,SYNTH
2026-04-21 14:14:12.789Z,0.7692,776,SYNTH
2026-04-21 14:14:13.621Z,0.7689,873,SYNTH
2026-04-21 14:14:14.717Z,0.7696,169,SYNTH
2026-04-21 14:14:15.516Z,0.7698,187,SYNTH
2026-04-21 14:14:16.268Z,0.7690,367,SYNTH
2026-04-21 14:14:17.035Z,0.7697,317,SYNTH
2026-04-21 14:14:18.036Z,0.7702,309,SYNTH
2026-04-21 14:14:19.136Z,0.7687,406,SYNTH
2026-04-21 14:14:20.803Z,0.7689,202,SYNTH
2026-04-21 14:14:21.124Z,0.7682,310,SYNTH
2026-04-21 14:14:22.683Z,0.7673,141,SYNTH
2026-04-21 14:14:23.011Z,0.7674,140,SYNTH
2026-04-21 14:14:24.612Z,0.7664,130,SYNTH
2026-04-21 14:14:25.845Z,0.7662,137,SYNTH
2026-04-21 14:14:26.253Z,0.7654,211,SYNTH
2026-04-21 14:14:27.614Z,0.7639,206,SYNTH
2026-04-21 14:14:28.481Z,0.7637,229,SYNTH
2026-04-21 14:14:29.603Z,0.7628,213,SYNTH
2026-04-21 14:14:30.807Z,0.7617,200,SYNTH
2026-04-21 14:14:31.026Z,0.7616,301,SYNTH
2026-04-21 14:14:32.896Z,0.7611,268,SYNTH
2026-04-21 14:14:33.530Z,0.7601,125,SYNTH
2026-04-21 14:14:34.894Z,0.7599,144,SYNTH
2026-04-21 14:14:35.387Z,0.7596,303,SYNTH
2026-04-21 14:14:36.338Z,0.7584,247,SYNTH
2026-04-21 14:14:37.579Z,0.7582,659,SYNTH
2026-04-21 14:14:38.096Z,0.7591,574,SYNTH
2026-04-21 14:14:39.143Z,0.7581,383,SYNTH
2026-04-21 14:14:40.188Z,0.7598,360,SYNTH
2026-04-21 14:14:41.236Z,0.7596,255,SYNTH
2026-04-21 14:14:42.290Z,0.7595,292,SYNTH
2026-04-21 14:14:43.481Z,0.7602,238,SYNTH
2026-04-21 14:14:44.061Z,0.7600,252,SYNTH
2026-04-21 14:14:45.556Z,0.7603,533,SYNTH
2026-04-21 14:14:46.458Z,0.7600,376,SYNTH
2026-04-21 14:14:47.447Z,0.7603,262,SYNTH
2026-04-21 14:14:48.290Z,0.7593,258,SYNTH
2026-04-21 14:14:49.579Z,0.7601,189,SYNTH
2026-04-21 14:14:50.312Z,0.7610,387,SYNTH
2026-04-21 14:14:51.086Z,0.7598,288,SYNTH
2026-04-21 14:14:52.512Z,0.7595,341,SYNTH
2026-04-21 14:14:53.137Z,0.7587,363,SYNTH
2026-04-21 14:14:54.350Z,0.7584,418,SYNTH
2026-04-21 14:14:55.775Z,0.7585,246,SYNTH
2026-04-21 14:14:56.753Z,0.7581,242,SYNTH
2026-04-21 14:14:57.322Z,0.7594,309,SYNTH
2026-04-21 14:14:58.628Z,0.7597,434,SYNTH
2026-04-21 14:14:59.658Z,0.7594,367,SYNTH
2026-04-21 14:15:00.506Z,0.7702,126,SYNTH
2026-04-21 14:15:01.598Z,0.7703,182,SYNTH
2026-04-21 14:15:02.456Z,0.7695,114,SYNTH
2026-04-21 14:15:03.085Z,0.7711,118,SYNTH
2026-04-21 14:15:04.108Z,0.7704,163,SYNTH
2026-04-21 14:15:05.117Z,0.7696,124,SYNTH
2026-04-21 14:15:06.360Z,0.7707,140,SYNTH
2026-04-21 14:15:07.840Z,0.7696,155,SYNTH
2026-04-21 14:15:08.890Z,0.7693,110,SYNTH
2026-04-21 14:15:09.239Z,0.7709,129,SYNTH
2026-04-21 14:15:10.479Z,0.7708,136,SYNTH
2026-04-21 14:15:11.172Z,0.7708,248,SYNTH
2026-04-21 14:15:12.579Z,0.7689,163,SYNTH
2026-04-21 14:15:13.888Z,0.7708,276,SYNTH
2026-04-21 14:15:14.787Z,0.7710,80,SYNTH
2026-04-21 14:15:15.458Z,0.7703,107,SYNTH
2026-04-21 14:15:16.724Z,0.7692,213,SYNTH
2026-04-21 14:15:17.631Z,0.7705,118,SYNTH
2026-04-21 14:15:18.409Z,0.7707,200,SYNTH
2026-04-21 14:15:19.818Z,0.7703,118,SYNTH
2026-04-21 14:15:20.713Z,0.7706,62,SYNTH
2026-04-21 14:15:21.650Z,0.7692,104,SYNTH
2026-04-21 14:15:22.562Z,0.7706,103,SYNTH
2026-04-21 14:15:23.539Z,0.7702,113,SYNTH
2026-04-21 14:15:24.177Z,0.7697,88,SYNTH
2026-04-21 14:15:25.101Z,0.7707,104,SYNTH
2026-04-21 14:15:26.313Z,0.7703,90,SYNTH
2026-04-21 14:15:27.754Z,0.7691,104,SYNTH
2026-04-21 14:15:28.300Z,0.7707,78,SYNTH
2026-04-21 14:15:29.478Z,0.7708,69,SYNTH
2026-04-21 14:15:30.008Z,0.7707,65,SYNTH
2026-04-21 14:15:31.056Z,0.7710,114,SYNTH
2026-04-21 14:15:32.065Z,0.7694,53,SYNTH
2026-04-21 14:15:33.445Z,0.7699,73,SYNTH
2026-04-21 14:15:34.084Z,0.7702,85,SYNTH
2026-04-21 14:15:35.571Z,0.7700,103,SYNTH
2026-04-21 14:15:36.752Z,0.7700,110,SYNTH
2026-04-21 14:15:37.469Z,0.7708,310,SYNTH
2026-04-21 14:15:38.454Z,0.7690,231,SYNTH
2026-04-21 14:15:39.678Z,0.7699,273,SYNTH
2026-04-21 14:15:40.367Z,0.7705,308,SYNTH
2026-04-21 14:15:41.111Z,0.7698,97,SYNTH
2026-04-21 14:15:42.727Z,0.7700,101,SYNTH
2026-04-21 14:15:43.403Z,0.7705,85,SYNTH
2026-04-21 14:15:44.779Z,0.7707,68,SYNTH
2026-04-21 14:15:45.354Z,0.7704,92,SYNTH
2026-04-21 14:15:46.606Z,0.7703,170,SYNTH
2026-04-21 14:15:47.569Z,0.7705,204,SYNTH
2026-04-21 14:15:48.443Z,0.7698,79,SYNTH
2026-04-21 14:15:49.182Z,0.7702,99,SYNTH
2026-04-21 14:15:50.826Z,0.7711,127,SYNTH
2026-04-21 14:15:51.898Z,0.7696,110,SYNTH
2026-04-21 14:15:52.018Z,0.7691,156,SYNTH
2026-04-21 14:15:53.326Z,0.7705,174,SYNTH
2026-04-21 14:15:54.757Z,0.7710,105,SYNTH
2026-04-21 14:15:55.609Z,0.7712,157,SYNTH
2026-04-21 14:15:56.040Z,0.7711,165,SYNTH
2026-04-21 14:15:57.458Z,0.7697,99,SYNTH
2026-04-21 14:15:58.406Z,0.7703,122,SYNTH
2026-04-21 14:15:59.864Z,0.7692,129,SYNTH
2026-04-21 14:16:00.597Z,0.7702,149,SYNTH
2026-04-21 14:16:01.228Z,0.7708,149,SYNTH
2026-04-21 14:16:02.480Z,0.7691,100,SYNTH
2026-04-21 14:16:03.757Z,0.7710,162,SYNTH
2026-04-21 14:16:04.837Z,0.7709,117,SYNTH
2026-04-21 14:16:05.069Z,0.7694,146,SYNTH
2026-04-21 14:16:06.604Z,0.7689,72,SYNTH
2026-04-21 14:16:07.422Z,0.7707,95,SYNTH
2026-04-21 14:16:08.404Z,0.7702,95,SYNTH
2026-04-21 14:16:09.239Z,0.7697,97,SYNTH
2026-04-21 14:16:10.106Z,0.7707,91,SYNTH
2026-04-21 14:16:11.004Z,0.7695,245,SYNTH
2026-04-21 14:16:12.672Z,0.7690,339,SYNTH
2026-04-21 14:16:13.299Z,0.7711,257,SYNTH
2026-04-21 14:16:14.069Z,0.7693,141,SYNTH
2026-04-21 14:16:15.450Z,0.7697,67,SYNTH
2026-04-21 14:16:16.053Z,0.7706,213,SYNTH
2026-04-21 14:16:17.843Z,0.7696,159,SYNTH
2026-04-21 14:16:18.096Z,0.7708,139,SYNTH
2026-04-21 14:16:19.586Z,0.7693,154,SYNTH
2026-04-21 14:16:20.089Z,0.7706,88,SYNTH
2026-04-21 14:16:21.515Z,0.7703,129,SYNTH
2026-04-21 14:16:22.283Z,0.7704,106,SYNTH
2026-04-21 14:16:23.591Z,0.7693,63,SYNTH
2026-04-21 14:16:24.739Z,0.7702,123,SYNTH
2026-04-21 14:16:25.867Z,0.7708,79,SYNTH
2026-04-21 14:16:26.772Z,0.7709,129,SYNTH
2026-04-21 14:16:27.307Z,0.7692,108,SYNTH
2026-04-21 14:16:28.251Z,0.7704,100,SYNTH
2026-04-21 14:16:29.162Z,0.7693,73,SYNTH
2026-04-21 14:16:30.372Z,0.7700,126,SYNTH
2026-04-21 14:16:31.698Z,0.7696,56,SYNTH
2026-04-21 14:16:32.534Z,0.7707,88,SYNTH
2026-04-21 14:16:33.865Z,0.7709,76,SYNTH
2026-04-21 14:16:34.205Z,0.7705,114,SYNTH
2026-04-21 14:16:35.441Z,0.7694,121,SYNTH
2026-04-21 14:16:36.503Z,0.7704,130,SYNTH
2026-04-21 14:16:37.677Z,0.7707,155,SYNTH
2026-04-21 14:16:38.439Z,0.7691,233,SYNTH
2026-04-21 14:16:39.361Z,0.7706,183,SYNTH
2026-04-21 14:16:40.620Z,0.7706,341,SYNTH
2026-04-21 14:16:41.897Z,0.7704,77,SYNTH
2026-04-21 14:16:42.460Z,0.7690,97,SYNTH
2026-04-21 14:16:43.092Z,0.7704,122,SYNTH
2026-04-21 14:16:44.427Z,0.7694,135,SYNTH
2026-04-21 14:16:45.383Z,0.7706,207,SYNTH
2026-04-21 14:16:46.090Z,0.7695,160,SYNTH
2026-04-21 14:16:47.725Z,0.7709,111,SYNTH
2026-04-21 14:16:48.623Z,0.7699,132,SYNTH
2026-04-21 14:16:49.663Z,0.7702,121,SYNTH
2026-04-21 14:16:50.318Z,0.7695,155,SYNTH
2026-04-21 14:16:51.792Z,0.7700,109,SYNTH
2026-04-21 14:16:52.559Z,0.7709,97,SYNTH
2026-04-21 14:16:53.300Z,0.7697,124,SYNTH
2026-04-21 14:16:54.889Z,0.7706,170,SYNTH
2026-04-21 14:16:55.506Z,0.7693,171,SYNTH
2026-04-21 14:16:56.403Z,0.7708,156,SYNTH
2026-04-21 14:16:57.317Z,0.7703,106,SYNTH
2026-04-21 14:16:58.407Z,0.7702,106,SYNTH
2026-04-21 14:16:59.308Z,0.7698,139,SYNTH
2026-04-21 14:17:00.882Z,0.7605,124,SYNTH
2026-04-21 14:17:01.215Z,0.7597,165,SYNTH
2026-04-21 14:17:02.634Z,0.7604,196,SYNTH
2026-04-21 14:17:03.580Z,0.7607,92,SYNTH
2026-04-21 14:17:04.181Z,0.7603,133,SYNTH
2026-04-21 14:17:05.587Z,0.7607,75,SYNTH
2026-04-21 14:17:06.310Z,0.7611,166,SYNTH
2026-04-21 14:17:07.642Z,0.7605,118,SYNTH
2026-04-21 14:17:08.282Z,0.7611,103,SYNTH
2026-04-21 14:17:09.800Z,0.7597,169,SYNTH
2026-04-21 14:17:10.469Z,0.7613,122,SYNTH
2026-04-21 14:17:11.278Z,0.7598,223,SYNTH
2026-04-21 14:17:12.315Z,0.7613,341,SYNTH
2026-04-21 14:17:13.729Z,0.7593,274,SYNTH
2026-04-21 14:17:14.089Z,0.7613,93,SYNTH
2026-04-21 14:17:15.101Z,0.7615,124,SYNTH
2026-04-21 14:17:16.493Z,0.7600,186,SYNTH
2026-04-21 14:17:17.743Z,0.7609,149,SYNTH
2026-04-21 14:17:18.787Z,0.7609,164,SYNTH
2026-04-21 14:17:19.630Z,0.7607,180,SYNTH
2026-04-21 14:17:20.214Z,0.7610,74,SYNTH
2026-04-21 14:17:21.198Z,0.7617,62,SYNTH
2026-04-21 14:17:22.471Z,0.7617,115,SYNTH
2026-04-21 14:17:23.404Z,0.7625,130,SYNTH
2026-04-21 14:17:24.534Z,0.7628,65,SYNTH
2026-04-21 14:17:25.017Z,0.7637,106,SYNTH
2026-04-21 14:17:26.687Z,0.7644,108,SYNTH
2026-04-21 14:17:27.172Z,0.7645,117,SYNTH
2026-04-21 14:17:28.157Z,0.7658,103,SYNTH
2026-04-21 14:17:29.424Z,0.7664,106,SYNTH
2026-04-21 14:17:30.316Z,0.7669,71,SYNTH
2026-04-21 14:17:31.389Z,0.7681,109,SYNTH
2026-04-21 14:17:32.673Z,0.7678,78,SYNTH
2026-04-21 14:17:33.461Z,0.7688,117,SYNTH
2026-04-21 14:17:34.123Z,0.7692,96,SYNTH
2026-04-21 14:17:35.188Z,0.7704,113,SYNTH
2026-04-21 14:17:36.652Z,0.7698,82,SYNTH
2026-04-21 14:17:37.435Z,0.7700,171,SYNTH
2026-04-21 14:17:38.664Z,0.7705,255,SYNTH
2026-04-21 14:17:39.086Z,0.7689,345,SYNTH
2026-04-21 14:17:40.845Z,0.7690,213,SYNTH
2026-04-21 14:17:41.474Z,0.7693,78,SYNTH
2026-04-21 14:17:42.577Z,0.7685,63,SYNTH
2026-04-21 14:17:43.104Z,0.7682,87,SYNTH
2026-04-21 14:17:44.236Z,0.7687,103,SYNTH
2026-04-21 14:17:45.521Z,0.7686,168,SYNTH
2026-04-21 14:17:46.732Z,0.7687,185,SYNTH
2026-04-21 14:17:47.390Z,0.7695,142,SYNTH
2026-04-21 14:17:48.357Z,0.7688,104,SYNTH
2026-04-21 14:17:49.886Z,0.7696,158,SYNTH
2026-04-21 14:17:50.798Z,0.7684,149,SYNTH
2026-04-21 14:17:51.303Z,0.7695,129,SYNTH
2026-04-21 14:17:52.273Z,0.7700,102,SYNTH
2026-04-21 14:17:53.281Z,0.7698,134,SYNTH
2026-04-21 14:17:54.737Z,0.7704,93,SYNTH
2026-04-21 14:17:55.002Z,0.7688,95,SYNTH
2026-04-21 14:17:56.579Z,0.7705,114,SYNTH
2026-04-21 14:17:57.103Z,0.7701,148,SYNTH
2026-04-21 14:17:58.212Z,0.7707,176,SYNTH
2026-04-21 14:17:59.253Z,0.7692,152,SYNTH
2026-04-21 14:18:00.088Z,0.7669,676,SYNTH
2026-04-21 14:18:01.371Z,0.7660,680,SYNTH
2026-04-21 14:18:02.259Z,0.7668,374,SYNTH
2026-04-21 14:18:03.181Z,0.7668,599,SYNTH
2026-04-21 14:18:04.683Z,0.7664,351,SYNTH
2026-04-21 14:18:05.156Z,0.7672,654,SYNTH
2026-04-21 14:18:06.008Z,0.7658,521,SYNTH
2026-04-21 14:18:07.087Z,0.7673,345,SYNTH
2026-04-21 14:18:08.089Z,0.7655,546,SYNTH
2026-04-21 14:18:09.396Z,0.7668,348,SYNTH
2026-04-21 14:18:10.873Z,0.7653,352,SYNTH
2026-04-21 14:18:11.418Z,0.7653,715,SYNTH
2026-04-21 14:18:12.686Z,0.7663,1297,SYNTH
2026-04-21 14:18:13.115Z,0.7664,613,SYNTH
2026-04-21 14:18:14.138Z,0.7670,448,SYNTH
2026-04-21 14:18:15.868Z,0.7666,393,SYNTH
2026-04-21 14:18:16.318Z,0.7654,656,SYNTH
2026-04-21 14:18:17.203Z,0.7657,467,SYNTH
2026-04-21 14:18:18.136Z,0.7669,511,SYNTH
2026-04-21 14:18:19.152Z,0.7665,376,SYNTH
2026-04-21 14:18:20.814Z,0.7672,214,SYNTH
2026-04-21 14:18:21.329Z,0.7672,430,SYNTH
2026-04-21 14:18:22.682Z,0.7677,289,SYNTH
2026-04-21 14:18:23.056Z,0.7663,338,SYNTH
2026-04-21 14:18:24.552Z,0.7671,472,SYNTH
2026-04-21 14:18:25.080Z,0.7678,291,SYNTH
2026-04-21 14:18:26.160Z,0.7685,304,SYNTH
2026-04-21 14:18:27.683Z,0.7679,419,SYNTH
2026-04-21 14:18:28.064Z,0.7684,434,SYNTH
2026-04-21 14:18:29.514Z,0.7685,248,SYNTH
2026-04-21 14:18:30.394Z,0.7686,346,SYNTH
2026-04-21 14:18:31.698Z,0.7696,342,SYNTH
2026-04-21 14:18:32.087Z,0.7698,266,SYNTH
2026-04-21 14:18:33.164Z,0.7701,351,SYNTH
2026-04-21 14:18:34.079Z,0.7696,256,SYNTH
2026-04-21 14:18:35.007Z,0.7703,371,SYNTH
2026-04-21 14:18:36.783Z,0.7690,425,SYNTH
2026-04-21 14:18:37.859Z,0.7703,1152,SYNTH
2026-04-21 14:18:38.016Z,0.7708,1072,SYNTH
2026-04-21 14:18:39.001Z,0.7700,1191,SYNTH
2026-04-21 14:18:40.842Z,0.7693,928,SYNTH
2026-04-21 14:18:41.527Z,0.7693,413,SYNTH
2026-04-21 14:18:42.875Z,0.7688,396,SYNTH
2026-04-21 14:18:43.043Z,0.7689,260,SYNTH
2026-04-21 14:18:44.577Z,0.7683,371,SYNTH
2026-04-21 14:18:45.327Z,0.7684,398,SYNTH
2026-04-21 14:18:46.710Z,0.7693,510,SYNTH
2026-04-21 14:18:47.741Z,0.7694,368,SYNTH
2026-04-21 14:18:48.767Z,0.7679,474,SYNTH
2026-04-21 14:18:49.090Z,0.7684,406,SYNTH
2026-04-21 14:18:50.663Z,0.7673,548,SYNTH
2026-04-21 14:18:51.548Z,0.7681,457,SYNTH
2026-04-21 14:18:52.350Z,0.7672,607,SYNTH
2026-04-21 14:18:53.317Z,0.7678,516,SYNTH
2026-04-21 14:18:54.020Z,0.7673,475,SYNTH
2026-04-21 14:18:55.255Z,0.7665,347,SYNTH
2026-04-21 14:18:56.667Z,0.7655,338,SYNTH
2026-04-21 14:18:57.472Z,0.7669,393,SYNTH
2026-04-21 14:18:58.236Z,0.7654,402,SYNTH
2026-04-21 14:18:59.113Z,0.7653,559,SYNTH
2026-04-21 14:19:00.445Z,0.7701,566,SYNTH
2026-04-21 14:19:01.044Z,0.7710,490,SYNTH
2026-04-21 14:19:02.363Z,0.7710,320,SYNTH
2026-04-21 14:19:03.088Z,0.7706,547,SYNTH
2026-04-21 14:19:04.756Z,0.7705,545,SYNTH
2026-04-21 14:19:05.423Z,0.7693,454,SYNTH
2026-04-21 14:19:06.759Z,0.7705,499,SYNTH
2026-04-21 14:19:07.632Z,0.7695,533,SYNTH
2026-04-21 14:19:08.641Z,0.7705,301,SYNTH
2026-04-21 14:19:09.348Z,0.7703,387,SYNTH
2026-04-21 14:19:10.572Z,0.7696,310,SYNTH
2026-04-21 14:19:11.317Z,0.7701,1273,SYNTH
2026-04-21 14:19:12.324Z,0.7704,645,SYNTH
2026-04-21 14:19:13.250Z,0.7696,1087,SYNTH
2026-04-21 14:19:14.265Z,0.7700,486,SYNTH
2026-04-21 14:19:15.871Z,0.7704,367,SYNTH
2026-04-21 14:19:16.814Z,0.7693,378,SYNTH
2026-04-21 14:19:17.063Z,0.7707,497,SYNTH
2026-04-21 14:19:18.010Z,0.7707,414,SYNTH
2026-04-21 14:19:19.074Z,0.7703,496,SYNTH
2026-04-21 14:19:20.359Z,0.7705,252,SYNTH
2026-04-21 14:19:21.478Z,0.7709,334,SYNTH
2026-04-21 14:19:22.357Z,0.7710,412,SYNTH
2026-04-21 14:19:23.201Z,0.7711,313,SYNTH
2026-04-21 14:19:24.023Z,0.7709,409,SYNTH
2026-04-21 14:19:25.301Z,0.7712,198,SYNTH
2026-04-21 14:19:26.358Z,0.7716,236,SYNTH
