TimestampUtc,Price,Size,Exchange
2026-03-12 19:06:18.281Z,1.2308,12,SYNTH
2026-03-12 19:06:19.482Z,1.2293,8,SYNTH
2026-03-12 19:06:20.030Z,1.2314,9,SYNTH
2026-03-12 19:06:21.549Z,1.2298,7,SYNTH
2026-03-12 19:06:22.342Z,1.2297,12,SYNTH
2026-03-12 19:06:23.476Z,1.2316,10,SYNTH
2026-03-12 19:06:24.347Z,1.2321,8,SYNTH
2026-03-12 19:06:25.470Z,1.2298,11,SYNTH
2026-03-12 19:06:26.345Z,1.2297,9,SYNTH
2026-03-12 19:06:27.180Z,1.2309,5,SYNTH
2026-03-12 19:06:28.004Z,1.2295,6,SYNTH
2026-03-12 19:06:29.470Z,1.2319,28,SYNTH
2026-03-12 19:06:30.045Z,1.2287,19,SYNTH
2026-03-12 19:06:31.632Z,1.2304,26,SYNTH
2026-03-12 19:06:32.790Z,1.2290,7,SYNTH
2026-03-12 19:06:33.276Z,1.2293,9,SYNTH
2026-03-12 19:06:34.174Z,1.2315,10,SYNTH
2026-03-12 19:06:35.188Z,1.2311,8,SYNTH
2026-03-12 19:06:36.462Z,1.2292,12,SYNTH
2026-03-12 19:06:37.380Z,1.2275,16,SYNTH
2026-03-12 19:06:38.597Z,1.2265,5,SYNTH
2026-03-12 19:06:39.605Z,1.2238,9,SYNTH
2026-03-12 19:06:40.696Z,1.2202,9,SYNTH
2026-03-12 19:06:41.441Z,1.2150,10,SYNTH
2026-03-12 19:06:42.093Z,1.2112,6,SYNTH
2026-03-12 19:06:43.790Z,1.2051,7,SYNTH
2026-03-12 19:06:44.709Z,1.1996,5,SYNTH
2026-03-12 19:06:45.516Z,1.1959,8,SYNTH
2026-03-12 19:06:46.784Z,1.1893,4,SYNTH
2026-03-12 19:06:47.722Z,1.1831,4,SYNTH
2026-03-12 19:06:48.727Z,1.1767,7,SYNTH
2026-03-12 19:06:49.546Z,1.1724,7,SYNTH
2026-03-12 19:06:50.313Z,1.1675,8,SYNTH
2026-03-12 19:06:51.269Z,1.1618,6,SYNTH
2026-03-12 19:06:52.493Z,1.1576,7,SYNTH
2026-03-12 19:06:53.347Z,1.1553,8,SYNTH
2026-03-12 19:06:54.496Z,1.1512,8,SYNTH
2026-03-12 19:06:55.645Z,1.1495,13,SYNTH
2026-03-12 19:06:56.509Z,1.1493,15,SYNTH
2026-03-12 19:06:57.857Z,1.1486,13,SYNTH
2026-03-12 19:06:58.341Z,1.1529,13,SYNTH
2026-03-12 19:06:59.666Z,1.1541,7,SYNTH
2026-03-12 19:07:00.490Z,1.1548,10,SYNTH
2026-03-12 19:07:01.178Z,1.1567,9,SYNTH
2026-03-12 19:07:02.860Z,1.1597,7,SYNTH
2026-03-12 19:07:03.270Z,1.1604,12,SYNTH
2026-03-12 19:07:04.407Z,1.1609,8,SYNTH
2026-03-12 19:07:05.090Z,1.1611,11,SYNTH
2026-03-12 19:07:06.422Z,1.1619,5,SYNTH
2026-03-12 19:07:07.608Z,1.1584,12,SYNTH
2026-03-12 19:07:08.657Z,1.1578,6,SYNTH
2026-03-12 19:07:09.332Z,1.1574,6,SYNTH
2026-03-12 19:07:10.891Z,1.1564,6,SYNTH
2026-03-12 19:07:11.024Z,1.1573,9,SYNTH
2026-03-12 19:07:12.378Z,1.1562,13,SYNTH
2026-03-12 19:07:13.497Z,1.1559,13,SYNTH
2026-03-12 19:07:14.387Z,1.1547,8,SYNTH
2026-03-12 19:07:15.423Z,1.1534,9,SYNTH
2026-03-12 19:07:16.788Z,1.1540,13,SYNTH
2026-03-12 19:07:17.018Z,1.1567,9,SYNTH
2026-03-12 19:06:18.170Z,1.1570,1,SYNTH
2026-03-12 19:06:19.111Z,1.1527,1,SYNTH
2026-03-12 19:06:20.269Z,1.1563,1,SYNTH
2026-03-12 19:06:21.680Z,1.1541,1,SYNTH
2026-03-12 19:06:22.770Z,1.1532,1,SYNTH
2026-03-12 19:06:23.873Z,1.1525,2,SYNTH
2026-03-12 19:06:24.455Z,1.1513,1,SYNTH
2026-03-12 19:06:25.849Z,1.1516,1,SYNTH
2026-03-12 19:06:26.604Z,1.1503,2,SYNTH
2026-03-12 19:06:27.676Z,1.1506,1,SYNTH
2026-03-12 19:06:28.102Z,1.1487,2,SYNTH
2026-03-12 19:06:29.295Z,1.1479,3,SYNTH
2026-03-12 19:06:30.257Z,1.1513,3,SYNTH
2026-03-12 19:06:31.375Z,1.1494,2,SYNTH
2026-03-12 19:06:32.007Z,1.1509,1,SYNTH
2026-03-12 19:06:33.774Z,1.1507,1,SYNTH
2026-03-12 19:06:34.242Z,1.1523,1,SYNTH
2026-03-12 19:06:35.048Z,1.1533,1,SYNTH
2026-03-12 19:06:36.386Z,1.1524,1,SYNTH
2026-03-12 19:06:37.231Z,1.1518,1,SYNTH
2026-03-12 19:06:38.751Z,1.1534,1,SYNTH
2026-03-12 19:06:39.459Z,1.1502,1,SYNTH
2026-03-12 19:06:40.230Z,1.1535,1,SYNTH
2026-03-12 19:06:41.530Z,1.1536,1,SYNTH
2026-03-12 19:06:42.445Z,1.1535,1,SYNTH
2026-03-12 19:06:43.870Z,1.1554,1,SYNTH
2026-03-12 19:06:44.315Z,1.1547,1,SYNTH
2026-03-12 19:06:45.796Z,1.1552,1,SYNTH
2026-03-12 19:06:46.603Z,1.1570,1,SYNTH
2026-03-12 19:06:47.807Z,1.1582,1,SYNTH
2026-03-12 19:06:48.007Z,1.1584,1,SYNTH
2026-03-12 19:06:49.139Z,1.1592,1,SYNTH
2026-03-12 19:06:50.849Z,1.1600,1,SYNTH
2026-03-12 19:06:51.628Z,1.1605,1,SYNTH
2026-03-12 19:06:52.398Z,1.1604,1,SYNTH
2026-03-12 19:06:53.538Z,1.1604,1,SYNTH
2026-03-12 19:06:54.050Z,1.1594,1,SYNTH
2026-03-12 19:06:55.399Z,1.1604,2,SYNTH
2026-03-12 19:06:56.121Z,1.1582,3,SYNTH
2026-03-12 19:06:57.705Z,1.1620,2,SYNTH
2026-03-12 19:06:58.787Z,1.1610,2,SYNTH
2026-03-12 19:06:59.795Z,1.1581,1,SYNTH
2026-03-12 19:07:00.267Z,1.1593,1,SYNTH
2026-03-12 19:07:01.657Z,1.1586,1,SYNTH
2026-03-12 19:07:02.880Z,1.1583,1,SYNTH
2026-03-12 19:07:03.183Z,1.1592,1,SYNTH
2026-03-12 19:07:04.262Z,1.1581,1,SYNTH
2026-03-12 19:07:05.822Z,1.1569,2,SYNTH
2026-03-12 19:07:06.075Z,1.1582,1,SYNTH
2026-03-12 19:07:07.598Z,1.1594,2,SYNTH
2026-03-12 19:07:08.505Z,1.1562,1,SYNTH
2026-03-12 19:07:09.315Z,1.1562,2,SYNTH
2026-03-12 19:07:10.131Z,1.1566,1,SYNTH
2026-03-12 19:07:11.732Z,1.1566,1,SYNTH
2026-03-12 19:07:12.392Z,1.1553,1,SYNTH
2026-03-12 19:07:13.460Z,1.1541,1,SYNTH
2026-03-12 19:07:14.833Z,1.1547,1,SYNTH
2026-03-12 19:07:15.038Z,1.1536,2,SYNTH
2026-03-12 19:07:16.811Z,1.1550,1,SYNTH
2026-03-12 19:07:17.069Z,1.1550,1,SYNTH
2026-03-12 19:06:18.623Z,1.1562,3,SYNTH
2026-03-12 19:06:19.866Z,1.1536,1,SYNTH
2026-03-12 19:06:20.771Z,1.1566,2,SYNTH
2026-03-12 19:06:21.815Z,1.1538,2,SYNTH
2026-03-12 19:06:22.120Z,1.1532,2,SYNTH
2026-03-12 19:06:23.845Z,1.1520,2,SYNTH
2026-03-12 19:06:24.759Z,1.1521,1,SYNTH
2026-03-12 19:06:25.206Z,1.1509,2,SYNTH
2026-03-12 19:06:26.102Z,1.1514,1,SYNTH
2026-03-12 19:06:27.619Z,1.1507,2,SYNTH
2026-03-12 19:06:28.304Z,1.1499,2,SYNTH
2026-03-12 19:06:29.535Z,1.1506,3,SYNTH
2026-03-12 19:06:30.360Z,1.1522,2,SYNTH
2026-03-12 19:06:31.652Z,1.1526,2,SYNTH
2026-03-12 19:06:32.294Z,1.1508,2,SYNTH
2026-03-12 19:06:33.484Z,1.1539,2,SYNTH
2026-03-12 19:06:34.338Z,1.1538,2,SYNTH
2026-03-12 19:06:35.893Z,1.1540,2,SYNTH
2026-03-12 19:06:36.228Z,1.1515,1,SYNTH
2026-03-12 19:06:37.546Z,1.1543,3,SYNTH
2026-03-12 19:06:38.255Z,1.1529,1,SYNTH
2026-03-12 19:06:39.778Z,1.1552,1,SYNTH
2026-03-12 19:06:40.234Z,1.1556,1,SYNTH
2026-03-12 19:06:41.196Z,1.1571,2,SYNTH
2026-03-12 19:06:42.327Z,1.1577,2,SYNTH
2026-03-12 19:06:43.060Z,1.1588,1,SYNTH
2026-03-12 19:06:44.815Z,1.1616,1,SYNTH
2026-03-12 19:06:45.615Z,1.1638,1,SYNTH
2026-03-12 19:06:46.150Z,1.1650,1,SYNTH
2026-03-12 19:06:47.764Z,1.1661,1,SYNTH
2026-03-12 19:06:48.157Z,1.1682,2,SYNTH
2026-03-12 19:06:49.568Z,1.1685,1,SYNTH
2026-03-12 19:06:50.830Z,1.1718,1,SYNTH
2026-03-12 19:06:51.868Z,1.1725,1,SYNTH
2026-03-12 19:06:52.077Z,1.1730,1,SYNTH
2026-03-12 19:06:53.043Z,1.1744,1,SYNTH
2026-03-12 19:06:54.831Z,1.1758,2,SYNTH
2026-03-12 19:06:55.332Z,1.1748,2,SYNTH
2026-03-12 19:06:56.531Z,1.1753,2,SYNTH
2026-03-12 19:06:57.178Z,1.1741,2,SYNTH
2026-03-12 19:06:58.262Z,1.1756,2,SYNTH
2026-03-12 19:06:59.099Z,1.1733,2,SYNTH
2026-03-12 19:07:00.190Z,1.1717,1,SYNTH
2026-03-12 19:07:01.794Z,1.1721,1,SYNTH
2026-03-12 19:07:02.766Z,1.1708,1,SYNTH
2026-03-12 19:07:03.522Z,1.1704,3,SYNTH
2026-03-12 19:07:04.720Z,1.1725,3,SYNTH
2026-03-12 19:07:05.605Z,1.1717,2,SYNTH
2026-03-12 19:07:06.178Z,1.1711,2,SYNTH
2026-03-12 19:07:07.532Z,1.1718,2,SYNTH
2026-03-12 19:07:08.195Z,1.1701,1,SYNTH
2026-03-12 19:07:09.348Z,1.1697,1,SYNTH
2026-03-12 19:07:10.039Z,1.1687,1,SYNTH
2026-03-12 19:07:11.569Z,1.1671,1,SYNTH
2026-03-12 19:07:12.729Z,1.1658,1,SYNTH
2026-03-12 19:07:13.052Z,1.1656,2,SYNTH
2026-03-12 19:07:14.842Z,1.1659,2,SYNTH
2026-03-12 19:07:15.161Z,1.1649,2,SYNTH
2026-03-12 19:07:16.625Z,1.1670,1,SYNTH
2026-03-12 19:07:17.659Z,1.1634,2,SYNTH
2026-03-12 19:06:18.214Z,1.1604,4,SYNTH
2026-03-12 19:06:19.064Z,1.1588,5,SYNTH
2026-03-12 19:06:20.512Z,1.1613,9,SYNTH
2026-03-12 19:06:21.867Z,1.1620,5,SYNTH
2026-03-12 19:06:22.802Z,1.1621,8,SYNTH
2026-03-12 19:06:23.434Z,1.1590,5,SYNTH
2026-03-12 19:06:24.027Z,1.1610,5,SYNTH
2026-03-12 19:06:25.401Z,1.1612,7,SYNTH
2026-03-12 19:06:26.609Z,1.1593,6,SYNTH
2026-03-12 19:06:27.786Z,1.1606,4,SYNTH
2026-03-12 19:06:28.058Z,1.1593,6,SYNTH
2026-03-12 19:06:29.771Z,1.1617,15,SYNTH
2026-03-12 19:06:30.012Z,1.1613,11,SYNTH
2026-03-12 19:06:31.501Z,1.1583,8,SYNTH
2026-03-12 19:06:32.667Z,1.1602,6,SYNTH
2026-03-12 19:06:33.229Z,1.1604,3,SYNTH
2026-03-12 19:06:34.724Z,1.1587,8,SYNTH
2026-03-12 19:06:35.550Z,1.1590,11,SYNTH
2026-03-12 19:06:36.039Z,1.1610,11,SYNTH
2026-03-12 19:06:37.183Z,1.1604,5,SYNTH
2026-03-12 19:06:38.808Z,1.1616,4,SYNTH
2026-03-12 19:06:39.769Z,1.1625,3,SYNTH
2026-03-12 19:06:40.329Z,1.1643,3,SYNTH
2026-03-12 19:06:41.216Z,1.1653,4,SYNTH
2026-03-12 19:06:42.099Z,1.1651,4,SYNTH
2026-03-12 19:06:43.148Z,1.1676,3,SYNTH
2026-03-12 19:06:44.699Z,1.1676,3,SYNTH
2026-03-12 19:06:45.343Z,1.1695,4,SYNTH
2026-03-12 19:06:46.730Z,1.1704,5,SYNTH
2026-03-12 19:06:47.494Z,1.1722,2,SYNTH
2026-03-12 19:06:48.688Z,1.1732,6,SYNTH
2026-03-12 19:06:49.149Z,1.1750,5,SYNTH
2026-03-12 19:06:50.651Z,1.1768,5,SYNTH
2026-03-12 19:06:51.335Z,1.1775,5,SYNTH
2026-03-12 19:06:52.726Z,1.1779,4,SYNTH
2026-03-12 19:06:53.735Z,1.1798,3,SYNTH
2026-03-12 19:06:54.413Z,1.1795,4,SYNTH
2026-03-12 19:06:55.135Z,1.1819,7,SYNTH
2026-03-12 19:06:56.413Z,1.1793,7,SYNTH
2026-03-12 19:06:57.199Z,1.1814,12,SYNTH
2026-03-12 19:06:58.827Z,1.1785,9,SYNTH
2026-03-12 19:06:59.117Z,1.1774,4,SYNTH
2026-03-12 19:07:00.714Z,1.1781,3,SYNTH
2026-03-12 19:07:01.093Z,1.1771,4,SYNTH
2026-03-12 19:07:02.713Z,1.1755,5,SYNTH
2026-03-12 19:07:03.265Z,1.1765,8,SYNTH
2026-03-12 19:07:04.675Z,1.1758,6,SYNTH
2026-03-12 19:07:05.891Z,1.1767,9,SYNTH
2026-03-12 19:07:06.484Z,1.1747,3,SYNTH
2026-03-12 19:07:07.680Z,1.1755,4,SYNTH
2026-03-12 19:07:08.327Z,1.1761,4,SYNTH
2026-03-12 19:07:09.007Z,1.1764,5,SYNTH
2026-03-12 19:07:10.269Z,1.1749,6,SYNTH
2026-03-12 19:07:11.754Z,1.1756,4,SYNTH
2026-03-12 19:07:12.500Z,1.1734,4,SYNTH
2026-03-12 19:07:13.003Z,1.1761,8,SYNTH
2026-03-12 19:07:14.396Z,1.1741,4,SYNTH
2026-03-12 19:07:15.211Z,1.1766,6,SYNTH
2026-03-12 19:07:16.139Z,1.1744,8,SYNTH
2026-03-12 19:07:17.376Z,1.1757,7,SYNTH
2026-03-12 19:06:18.144Z,1.1758,3,SYNTH
2026-03-12 19:06:19.635Z,1.1766,2,SYNTH
2026-03-12 19:06:20.499Z,1.1728,3,SYNTH
2026-03-12 19:06:21.363Z,1.1738,3,SYNTH
2026-03-12 19:06:22.096Z,1.1721,1,SYNTH
2026-03-12 19:06:23.825Z,1.1750,2,SYNTH
2026-03-12 19:06:24.149Z,1.1712,2,SYNTH
2026-03-12 19:06:25.071Z,1.1732,2,SYNTH
2026-03-12 19:06:26.714Z,1.1709,2,SYNTH
2026-03-12 19:06:27.390Z,1.1714,1,SYNTH
2026-03-12 19:06:28.866Z,1.1706,2,SYNTH
2026-03-12 19:06:29.546Z,1.1725,4,SYNTH
2026-03-12 19:06:30.429Z,1.1727,3,SYNTH
2026-03-12 19:06:31.865Z,1.1719,3,SYNTH
2026-03-12 19:06:32.124Z,1.1716,2,SYNTH
2026-03-12 19:06:33.649Z,1.1736,1,SYNTH
2026-03-12 19:06:34.719Z,1.1737,3,SYNTH
2026-03-12 19:06:35.784Z,1.1715,2,SYNTH
2026-03-12 19:06:36.639Z,1.1739,3,SYNTH
2026-03-12 19:06:37.748Z,1.1733,3,SYNTH
2026-03-12 19:06:38.600Z,1.1742,2,SYNTH
2026-03-12 19:06:39.257Z,1.1750,1,SYNTH
2026-03-12 19:06:40.785Z,1.1750,1,SYNTH
2026-03-12 19:06:41.090Z,1.1754,2,SYNTH
2026-03-12 19:06:42.345Z,1.1747,1,SYNTH
2026-03-12 19:06:43.080Z,1.1748,1,SYNTH
2026-03-12 19:06:44.467Z,1.1755,1,SYNTH
2026-03-12 19:06:45.815Z,1.1764,1,SYNTH
2026-03-12 19:06:46.769Z,1.1774,2,SYNTH
2026-03-12 19:06:47.795Z,1.1781,1,SYNTH
2026-03-12 19:06:48.040Z,1.1790,2,SYNTH
2026-03-12 19:06:49.651Z,1.1791,2,SYNTH
2026-03-12 19:06:50.690Z,1.1790,1,SYNTH
2026-03-12 19:06:51.655Z,1.1805,1,SYNTH
2026-03-12 19:06:52.075Z,1.1809,1,SYNTH
2026-03-12 19:06:53.834Z,1.1802,1,SYNTH
2026-03-12 19:06:54.502Z,1.1797,1,SYNTH
2026-03-12 19:06:55.256Z,1.1803,2,SYNTH
2026-03-12 19:06:56.143Z,1.1808,3,SYNTH
2026-03-12 19:06:57.200Z,1.1818,3,SYNTH
2026-03-12 19:06:58.586Z,1.1808,4,SYNTH
2026-03-12 19:06:59.141Z,1.1797,1,SYNTH
2026-03-12 19:07:00.283Z,1.1816,1,SYNTH
2026-03-12 19:07:01.059Z,1.1773,2,SYNTH
2026-03-12 19:07:02.491Z,1.1783,2,SYNTH
2026-03-12 19:07:03.430Z,1.1781,2,SYNTH
2026-03-12 19:07:04.307Z,1.1783,2,SYNTH
2026-03-12 19:07:05.125Z,1.1807,3,SYNTH
2026-03-12 19:07:06.345Z,1.1782,1,SYNTH
2026-03-12 19:07:07.284Z,1.1771,2,SYNTH
2026-03-12 19:07:08.702Z,1.1789,1,SYNTH
2026-03-12 19:07:09.719Z,1.1776,2,SYNTH
2026-03-12 19:07:10.227Z,1.1766,2,SYNTH
2026-03-12 19:07:11.234Z,1.1761,2,SYNTH
2026-03-12 19:07:12.770Z,1.1778,1,SYNTH
2026-03-12 19:07:13.014Z,1.1742,2,SYNTH
2026-03-12 19:07:14.010Z,1.1751,3,SYNTH
2026-03-12 19:07:15.830Z,1.1732,1,SYNTH
2026-03-12 19:07:16.305Z,1.1742,3,SYNTH
2026-03-12 19:07:17.611Z,1.1764,2,SYNTH
2026-03-12 19:06:18.838Z,1.1759,2,SYNTH
2026-03-12 19:06:19.760Z,1.1739,2,SYNTH
2026-03-12 19:06:20.714Z,1.1752,1,SYNTH
2026-03-12 19:06:21.617Z,1.1735,2,SYNTH
2026-03-12 19:06:22.230Z,1.1757,2,SYNTH
2026-03-12 19:06:23.457Z,1.1739,1,SYNTH
2026-03-12 19:06:24.177Z,1.1757,2,SYNTH
2026-03-12 19:06:25.598Z,1.1753,2,SYNTH
2026-03-12 19:06:26.626Z,1.1766,2,SYNTH
2026-03-12 19:06:27.618Z,1.1747,1,SYNTH
2026-03-12 19:06:28.186Z,1.1731,2,SYNTH
2026-03-12 19:06:29.387Z,1.1769,2,SYNTH
2026-03-12 19:06:30.491Z,1.1759,3,SYNTH
2026-03-12 19:06:31.826Z,1.1740,4,SYNTH
2026-03-12 19:06:32.045Z,1.1744,1,SYNTH
2026-03-12 19:06:33.113Z,1.1764,1,SYNTH
2026-03-12 19:06:34.873Z,1.1760,3,SYNTH
2026-03-12 19:06:35.029Z,1.1751,3,SYNTH
2026-03-12 19:06:36.857Z,1.1743,3,SYNTH
2026-03-12 19:06:37.613Z,1.1767,2,SYNTH
2026-03-12 19:06:38.364Z,1.1767,1,SYNTH
2026-03-12 19:06:39.610Z,1.1750,2,SYNTH
2026-03-12 19:06:40.132Z,1.1750,2,SYNTH
2026-03-12 19:06:41.634Z,1.1734,1,SYNTH
2026-03-12 19:06:42.383Z,1.1760,2,SYNTH
2026-03-12 19:06:43.296Z,1.1771,1,SYNTH
2026-03-12 19:06:44.549Z,1.1735,1,SYNTH
2026-03-12 19:06:45.146Z,1.1767,1,SYNTH
2026-03-12 19:06:46.563Z,1.1746,1,SYNTH
2026-03-12 19:06:47.675Z,1.1769,1,SYNTH
2026-03-12 19:06:48.066Z,1.1735,1,SYNTH
2026-03-12 19:06:49.557Z,1.1757,1,SYNTH
2026-03-12 19:06:50.074Z,1.1759,1,SYNTH
2026-03-12 19:06:51.281Z,1.1746,1,SYNTH
2026-03-12 19:06:52.345Z,1.1763,1,SYNTH
2026-03-12 19:06:53.231Z,1.1765,1,SYNTH
2026-03-12 19:06:54.041Z,1.1769,1,SYNTH
2026-03-12 19:06:55.363Z,1.1763,3,SYNTH
2026-03-12 19:06:56.272Z,1.1743,3,SYNTH
2026-03-12 19:06:57.502Z,1.1763,3,SYNTH
2026-03-12 19:06:58.232Z,1.1764,5,SYNTH
2026-03-12 19:06:59.784Z,1.1731,2,SYNTH
2026-03-12 19:07:00.626Z,1.1734,1,SYNTH
2026-03-12 19:07:01.043Z,1.1770,2,SYNTH
2026-03-12 19:07:02.500Z,1.1740,1,SYNTH
2026-03-12 19:07:03.572Z,1.1752,2,SYNTH
2026-03-12 19:07:04.027Z,1.1738,3,SYNTH
2026-03-12 19:07:05.410Z,1.1753,3,SYNTH
2026-03-12 19:07:06.847Z,1.1771,2,SYNTH
2026-03-12 19:07:07.506Z,1.1739,2,SYNTH
2026-03-12 19:07:08.360Z,1.1770,2,SYNTH
2026-03-12 19:07:09.863Z,1.1747,1,SYNTH
2026-03-12 19:07:10.463Z,1.1749,2,SYNTH
2026-03-12 19:07:11.895Z,1.1769,2,SYNTH
2026-03-12 19:07:12.395Z,1.1752,2,SYNTH
2026-03-12 19:07:13.204Z,1.1748,2,SYNTH
2026-03-12 19:07:14.322Z,1.1767,2,SYNTH
2026-03-12 19:07:15.297Z,1.1739,2,SYNTH
2026-03-12 19:07:16.112Z,1.1761,2,SYNTH
2026-03-12 19:07:17.066Z,1.1769,2,SYNTH
2026-03-12 19:06:18.129Z,1.1805,5,SYNTH
2026-03-12 19:06:19.758Z,1.1811,5,SYNTH
2026-03-12 19:06:20.040Z,1.1797,4,SYNTH
2026-03-12 19:06:21.760Z,1.1807,4,SYNTH
2026-03-12 19:06:22.469Z,1.1782,5,SYNTH
2026-03-12 19:06:23.796Z,1.1817,4,SYNTH
2026-03-12 19:06:24.231Z,1.1791,4,SYNTH
2026-03-12 19:06:25.854Z,1.1808,4,SYNTH
2026-03-12 19:06:26.722Z,1.1814,3,SYNTH
2026-03-12 19:06:27.435Z,1.1796,2,SYNTH
2026-03-12 19:06:28.290Z,1.1791,4,SYNTH
2026-03-12 19:06:29.317Z,1.1786,11,SYNTH
2026-03-12 19:06:30.001Z,1.1805,7,SYNTH
2026-03-12 19:06:31.611Z,1.1798,7,SYNTH
2026-03-12 19:06:32.777Z,1.1788,3,SYNTH
2026-03-12 19:06:33.386Z,1.1818,3,SYNTH
2026-03-12 19:06:34.274Z,1.1786,5,SYNTH
2026-03-12 19:06:35.507Z,1.1805,4,SYNTH
2026-03-12 19:06:36.338Z,1.1809,5,SYNTH
2026-03-12 19:06:37.681Z,1.1823,5,SYNTH
2026-03-12 19:06:38.140Z,1.1803,3,SYNTH
2026-03-12 19:06:39.775Z,1.1816,3,SYNTH
2026-03-12 19:06:40.526Z,1.1820,4,SYNTH
2026-03-12 19:06:41.471Z,1.1839,2,SYNTH
2026-03-12 19:06:42.161Z,1.1846,4,SYNTH
2026-03-12 19:06:43.263Z,1.1861,3,SYNTH
2026-03-12 19:06:44.071Z,1.1863,3,SYNTH
2026-03-12 19:06:45.449Z,1.1878,2,SYNTH
2026-03-12 19:06:46.213Z,1.1886,4,SYNTH
2026-03-12 19:06:47.217Z,1.1902,2,SYNTH
2026-03-12 19:06:48.791Z,1.1910,3,SYNTH
2026-03-12 19:06:49.725Z,1.1920,4,SYNTH
2026-03-12 19:06:50.729Z,1.1918,2,SYNTH
2026-03-12 19:06:51.813Z,1.1939,2,SYNTH
2026-03-12 19:06:52.273Z,1.1943,3,SYNTH
2026-03-12 19:06:53.659Z,1.1950,4,SYNTH
2026-03-12 19:06:54.368Z,1.1962,3,SYNTH
2026-03-12 19:06:55.728Z,1.1962,9,SYNTH
2026-03-12 19:06:56.394Z,1.1964,8,SYNTH
2026-03-12 19:06:57.012Z,1.1963,8,SYNTH
2026-03-12 19:06:58.183Z,1.1939,7,SYNTH
2026-03-12 19:06:59.568Z,1.1946,3,SYNTH
2026-03-12 19:07:00.656Z,1.1925,2,SYNTH
2026-03-12 19:07:01.154Z,1.1922,4,SYNTH
2026-03-12 19:07:02.734Z,1.1915,2,SYNTH
2026-03-12 19:07:03.400Z,1.1916,5,SYNTH
2026-03-12 19:07:04.802Z,1.1932,4,SYNTH
2026-03-12 19:07:05.346Z,1.1934,6,SYNTH
2026-03-12 19:07:06.816Z,1.1906,2,SYNTH
2026-03-12 19:07:07.228Z,1.1940,4,SYNTH
2026-03-12 19:07:08.632Z,1.1921,2,SYNTH
2026-03-12 19:07:09.513Z,1.1903,5,SYNTH
2026-03-12 19:07:10.087Z,1.1896,2,SYNTH
2026-03-12 19:07:11.026Z,1.1910,4,SYNTH
2026-03-12 19:07:12.490Z,1.1894,4,SYNTH
2026-03-12 19:07:13.373Z,1.1925,5,SYNTH
2026-03-12 19:07:14.607Z,1.1895,5,SYNTH
2026-03-12 19:07:15.044Z,1.1913,2,SYNTH
2026-03-12 19:07:16.088Z,1.1907,5,SYNTH
2026-03-12 19:07:17.292Z,1.1881,3,SYNTH
2026-03-12 19:06:18.045Z,1.1951,2,SYNTH
2026-03-12 19:06:19.727Z,1.1969,1,SYNTH
2026-03-12 19:06:20.451Z,1.1941,2,SYNTH
2026-03-12 19:06:21.734Z,1.1955,2,SYNTH
2026-03-12 19:06:22.371Z,1.1965,1,SYNTH
2026-03-12 19:06:23.541Z,1.1970,1,SYNTH
2026-03-12 19:06:24.867Z,1.1929,2,SYNTH
2026-03-12 19:06:25.462Z,1.1960,2,SYNTH
2026-03-12 19:06:26.302Z,1.1929,1,SYNTH
2026-03-12 19:06:27.296Z,1.1966,1,SYNTH
2026-03-12 19:06:28.531Z,1.1956,1,SYNTH
2026-03-12 19:06:29.764Z,1.1940,2,SYNTH
2026-03-12 19:06:30.816Z,1.1947,5,SYNTH
2026-03-12 19:06:31.415Z,1.1955,3,SYNTH
2026-03-12 19:06:32.099Z,1.1945,1,SYNTH
2026-03-12 19:06:33.015Z,1.1953,2,SYNTH
2026-03-12 19:06:34.794Z,1.1954,2,SYNTH
2026-03-12 19:06:35.570Z,1.1931,2,SYNTH
2026-03-12 19:06:36.249Z,1.1964,3,SYNTH
2026-03-12 19:06:37.760Z,1.1944,1,SYNTH
2026-03-12 19:06:38.770Z,1.1967,1,SYNTH
2026-03-12 19:06:39.362Z,1.1959,2,SYNTH
2026-03-12 19:06:40.614Z,1.1969,1,SYNTH
2026-03-12 19:06:41.017Z,1.1961,1,SYNTH
2026-03-12 19:06:42.155Z,1.1977,1,SYNTH
2026-03-12 19:06:43.710Z,1.1968,1,SYNTH
2026-03-12 19:06:44.646Z,1.1976,1,SYNTH
2026-03-12 19:06:45.543Z,1.1987,1,SYNTH
2026-03-12 19:06:46.545Z,1.1985,1,SYNTH
2026-03-12 19:06:47.797Z,1.1988,1,SYNTH
2026-03-12 19:06:48.648Z,1.1991,1,SYNTH
2026-03-12 19:06:49.871Z,1.2003,1,SYNTH
2026-03-12 19:06:50.602Z,1.1999,1,SYNTH
2026-03-12 19:06:51.385Z,1.2011,1,SYNTH
2026-03-12 19:06:52.335Z,1.2007,1,SYNTH
2026-03-12 19:06:53.606Z,1.1998,1,SYNTH
2026-03-12 19:06:54.423Z,1.2004,1,SYNTH
2026-03-12 19:06:55.575Z,1.1986,4,SYNTH
2026-03-12 19:06:56.284Z,1.2003,2,SYNTH
2026-03-12 19:06:57.583Z,1.2002,2,SYNTH
2026-03-12 19:06:58.421Z,1.1983,3,SYNTH
2026-03-12 19:06:59.370Z,1.1993,1,SYNTH
2026-03-12 19:07:00.085Z,1.2005,1,SYNTH
2026-03-12 19:07:01.554Z,1.1993,2,SYNTH
2026-03-12 19:07:02.236Z,1.2009,1,SYNTH
2026-03-12 19:07:03.353Z,1.1993,3,SYNTH
2026-03-12 19:07:04.524Z,1.2007,1,SYNTH
2026-03-12 19:07:05.373Z,1.1993,1,SYNTH
2026-03-12 19:07:06.481Z,1.1982,1,SYNTH
2026-03-12 19:07:07.679Z,1.2010,2,SYNTH
2026-03-12 19:07:08.105Z,1.1990,2,SYNTH
2026-03-12 19:07:09.327Z,1.2010,2,SYNTH
2026-03-12 19:07:10.252Z,1.2000,2,SYNTH
2026-03-12 19:07:11.638Z,1.2018,2,SYNTH
2026-03-12 19:07:12.830Z,1.1984,2,SYNTH
2026-03-12 19:07:13.239Z,1.1994,1,SYNTH
2026-03-12 19:07:14.015Z,1.2014,1,SYNTH
2026-03-12 19:07:15.064Z,1.2005,1,SYNTH
2026-03-12 19:07:16.322Z,1.1993,2,SYNTH
2026-03-12 19:07:17.004Z,1.2014,2,SYNTH
2026-03-12 19:06:18.561Z,1.1960,4,SYNTH
2026-03-12 19:06:19.512Z,1.1937,4,SYNTH
2026-03-12 19:06:20.085Z,1.1965,6,SYNTH
2026-03-12 19:06:21.374Z,1.1934,6,SYNTH
2026-03-12 19:06:22.650Z,1.1935,3,SYNTH
2026-03-12 19:06:23.271Z,1.1920,4,SYNTH
2026-03-12 19:06:24.664Z,1.1908,3,SYNTH
2026-03-12 19:06:25.411Z,1.1909,4,SYNTH
2026-03-12 19:06:26.445Z,1.1898,5,SYNTH
2026-03-12 19:06:27.129Z,1.1889,4,SYNTH
2026-03-12 19:06:28.877Z,1.1888,2,SYNTH
2026-03-12 19:06:29.515Z,1.1882,11,SYNTH
2026-03-12 19:06:30.371Z,1.1918,10,SYNTH
2026-03-12 19:06:31.446Z,1.1912,9,SYNTH
2026-03-12 19:06:32.309Z,1.1909,3,SYNTH
2026-03-12 19:06:33.829Z,1.1921,5,SYNTH
2026-03-12 19:06:34.694Z,1.1915,4,SYNTH
2026-03-12 19:06:35.318Z,1.1921,7,SYNTH
2026-03-12 19:06:36.741Z,1.1914,7,SYNTH
2026-03-12 19:06:37.854Z,1.1929,5,SYNTH
2026-03-12 19:06:38.557Z,1.1929,5,SYNTH
2026-03-12 19:06:39.344Z,1.1927,4,SYNTH
2026-03-12 19:06:40.501Z,1.1931,2,SYNTH
2026-03-12 19:06:41.613Z,1.1936,3,SYNTH
2026-03-12 19:06:42.509Z,1.1946,4,SYNTH
2026-03-12 19:06:43.159Z,1.1938,2,SYNTH
2026-03-12 19:06:44.253Z,1.1947,4,SYNTH
2026-03-12 19:06:45.797Z,1.1968,3,SYNTH
2026-03-12 19:06:46.635Z,1.1958,4,SYNTH
2026-03-12 19:06:47.897Z,1.1972,3,SYNTH
2026-03-12 19:06:48.312Z,1.1972,2,SYNTH
2026-03-12 19:06:49.470Z,1.1987,3,SYNTH
2026-03-12 19:06:50.326Z,1.1985,2,SYNTH
2026-03-12 19:06:51.290Z,1.1995,4,SYNTH
2026-03-12 19:06:52.614Z,1.2002,4,SYNTH
2026-03-12 19:06:53.289Z,1.2007,4,SYNTH
2026-03-12 19:06:54.551Z,1.2013,4,SYNTH
2026-03-12 19:06:55.359Z,1.2011,10,SYNTH
2026-03-12 19:06:56.411Z,1.2012,9,SYNTH
2026-03-12 19:06:57.884Z,1.1992,10,SYNTH
2026-03-12 19:06:58.244Z,1.1992,7,SYNTH
2026-03-12 19:06:59.894Z,1.2015,4,SYNTH
2026-03-12 19:07:00.576Z,1.1994,3,SYNTH
2026-03-12 19:07:01.273Z,1.1988,3,SYNTH
2026-03-12 19:07:02.880Z,1.1969,2,SYNTH
2026-03-12 19:07:03.282Z,1.2004,4,SYNTH
2026-03-12 19:07:04.812Z,1.1971,5,SYNTH
2026-03-12 19:07:05.135Z,1.2006,6,SYNTH
2026-03-12 19:07:06.552Z,1.1982,2,SYNTH
2026-03-12 19:07:07.645Z,1.1966,3,SYNTH
2026-03-12 19:07:08.719Z,1.1996,4,SYNTH
2026-03-12 19:07:09.339Z,1.1961,5,SYNTH
2026-03-12 19:07:10.734Z,1.1948,3,SYNTH
2026-03-12 19:07:11.876Z,1.1962,3,SYNTH
2026-03-12 19:07:12.669Z,1.1943,4,SYNTH
2026-03-12 19:07:13.557Z,1.1946,4,SYNTH
2026-03-12 19:07:14.461Z,1.1954,3,SYNTH
2026-03-12 19:07:15.804Z,1.1975,3,SYNTH
2026-03-12 19:07:16.474Z,1.1931,3,SYNTH
2026-03-12 19:07:17.747Z,1.1950,3,SYNTH
2026-03-12 19:06:18.655Z,1.1969,1,SYNTH
2026-03-12 19:06:19.612Z,1.1933,1,SYNTH
2026-03-12 19:06:20.690Z,1.1960,1,SYNTH
2026-03-12 19:06:21.878Z,1.1946,1,SYNTH
2026-03-12 19:06:22.176Z,1.1963,1,SYNTH
2026-03-12 19:06:23.254Z,1.1972,1,SYNTH
2026-03-12 19:06:24.743Z,1.1960,1,SYNTH
2026-03-12 19:06:25.228Z,1.1946,1,SYNTH
2026-03-12 19:06:26.169Z,1.1954,1,SYNTH
2026-03-12 19:06:27.137Z,1.1938,1,SYNTH
2026-03-12 19:06:28.686Z,1.1969,1,SYNTH
2026-03-12 19:06:29.431Z,1.1942,2,SYNTH
2026-03-12 19:06:30.012Z,1.1961,2,SYNTH
2026-03-12 19:06:31.491Z,1.1934,2,SYNTH
2026-03-12 19:06:32.674Z,1.1967,1,SYNTH
2026-03-12 19:06:33.019Z,1.1942,1,SYNTH
2026-03-12 19:06:34.518Z,1.1957,2,SYNTH
2026-03-12 19:06:35.547Z,1.1947,2,SYNTH
2026-03-12 19:06:36.400Z,1.1967,2,SYNTH
2026-03-12 19:06:37.874Z,1.1963,2,SYNTH
2026-03-12 19:06:38.761Z,1.1971,1,SYNTH
2026-03-12 19:06:39.250Z,1.1975,1,SYNTH
2026-03-12 19:06:40.617Z,1.1967,1,SYNTH
2026-03-12 19:06:41.669Z,1.1993,1,SYNTH
2026-03-12 19:06:42.890Z,1.2000,1,SYNTH
2026-03-12 19:06:43.447Z,1.2007,1,SYNTH
2026-03-12 19:06:44.861Z,1.2015,1,SYNTH
2026-03-12 19:06:45.879Z,1.2032,1,SYNTH
2026-03-12 19:06:46.620Z,1.2033,1,SYNTH
2026-03-12 19:06:47.801Z,1.2036,1,SYNTH
2026-03-12 19:06:48.530Z,1.2055,1,SYNTH
2026-03-12 19:06:49.194Z,1.2064,1,SYNTH
2026-03-12 19:06:50.094Z,1.2082,1,SYNTH
2026-03-12 19:06:51.741Z,1.2080,1,SYNTH
2026-03-12 19:06:52.622Z,1.2087,1,SYNTH
2026-03-12 19:06:53.492Z,1.2108,1,SYNTH
2026-03-12 19:06:54.222Z,1.2096,1,SYNTH
2026-03-12 19:06:55.033Z,1.2109,2,SYNTH
2026-03-12 19:06:56.879Z,1.2118,2,SYNTH
2026-03-12 19:06:57.129Z,1.2110,1,SYNTH
2026-03-12 19:06:58.717Z,1.2086,2,SYNTH
2026-03-12 19:06:59.020Z,1.2075,1,SYNTH
2026-03-12 19:07:00.431Z,1.2090,1,SYNTH
2026-03-12 19:07:01.192Z,1.2085,1,SYNTH
2026-03-12 19:07:02.535Z,1.2065,1,SYNTH
2026-03-12 19:07:03.552Z,1.2102,1,SYNTH
2026-03-12 19:07:04.503Z,1.2063,2,SYNTH
2026-03-12 19:07:05.525Z,1.2086,2,SYNTH
2026-03-12 19:07:06.033Z,1.2106,1,SYNTH
2026-03-12 19:07:07.807Z,1.2100,1,SYNTH
2026-03-12 19:07:08.109Z,1.2104,1,SYNTH
2026-03-12 19:07:09.132Z,1.2083,1,SYNTH
2026-03-12 19:07:10.055Z,1.2100,1,SYNTH
2026-03-12 19:07:11.514Z,1.2100,1,SYNTH
2026-03-12 19:07:12.242Z,1.2113,1,SYNTH
2026-03-12 19:07:13.590Z,1.2080,1,SYNTH
2026-03-12 19:07:14.464Z,1.2091,1,SYNTH
2026-03-12 19:07:15.460Z,1.2119,1,SYNTH
2026-03-12 19:07:16.597Z,1.2102,1,SYNTH
2026-03-12 19:07:17.874Z,1.2089,1,SYNTH
2026-03-12 19:06:18.217Z,1.2109,1,SYNTH
2026-03-12 19:06:19.804Z,1.2109,1,SYNTH
2026-03-12 19:06:20.208Z,1.2099,1,SYNTH
2026-03-12 19:06:21.325Z,1.2109,1,SYNTH
2026-03-12 19:06:22.321Z,1.2102,1,SYNTH
2026-03-12 19:06:23.705Z,1.2096,1,SYNTH
2026-03-12 19:06:24.251Z,1.2115,1,SYNTH
2026-03-12 19:06:25.616Z,1.2121,1,SYNTH
2026-03-12 19:06:26.088Z,1.2095,1,SYNTH
2026-03-12 19:06:27.881Z,1.2110,1,SYNTH
2026-03-12 19:06:28.562Z,1.2122,1,SYNTH
2026-03-12 19:06:29.004Z,1.2113,1,SYNTH
2026-03-12 19:06:30.458Z,1.2122,1,SYNTH
2026-03-12 19:06:31.633Z,1.2105,1,SYNTH
2026-03-12 19:06:32.554Z,1.2083,1,SYNTH
2026-03-12 19:06:33.299Z,1.2127,1,SYNTH
2026-03-12 19:06:34.805Z,1.2084,1,SYNTH
2026-03-12 19:06:35.717Z,1.2120,1,SYNTH
2026-03-12 19:06:36.584Z,1.2092,1,SYNTH
2026-03-12 19:06:37.758Z,1.2126,1,SYNTH
2026-03-12 19:06:38.624Z,1.2101,1,SYNTH
2026-03-12 19:06:39.583Z,1.2096,1,SYNTH
2026-03-12 19:06:40.250Z,1.2119,1,SYNTH
2026-03-12 19:06:41.293Z,1.2088,1,SYNTH
2026-03-12 19:06:42.010Z,1.2093,1,SYNTH
2026-03-12 19:06:43.512Z,1.2112,1,SYNTH
2026-03-12 19:06:44.891Z,1.2115,1,SYNTH
2026-03-12 19:06:45.835Z,1.2119,1,SYNTH
2026-03-12 19:06:46.287Z,1.2096,1,SYNTH
2026-03-12 19:06:47.389Z,1.2112,1,SYNTH
2026-03-12 19:06:48.649Z,1.2130,1,SYNTH
2026-03-12 19:06:49.698Z,1.2115,1,SYNTH
2026-03-12 19:06:50.694Z,1.2123,1,SYNTH
2026-03-12 19:06:51.847Z,1.2127,1,SYNTH
2026-03-12 19:06:52.872Z,1.2109,1,SYNTH
2026-03-12 19:06:53.455Z,1.2133,1,SYNTH
2026-03-12 19:06:54.821Z,1.2123,1,SYNTH
2026-03-12 19:06:55.555Z,1.2127,1,SYNTH
2026-03-12 19:06:56.785Z,1.2106,1,SYNTH
2026-03-12 19:06:57.366Z,1.2124,1,SYNTH
2026-03-12 19:06:58.783Z,1.2118,1,SYNTH
2026-03-12 19:06:59.132Z,1.2102,1,SYNTH
2026-03-12 19:07:00.183Z,1.2122,1,SYNTH
2026-03-12 19:07:01.529Z,1.2114,1,SYNTH
2026-03-12 19:07:02.852Z,1.2129,1,SYNTH
2026-03-12 19:07:03.585Z,1.2122,1,SYNTH
2026-03-12 19:07:04.818Z,1.2117,1,SYNTH
2026-03-12 19:07:05.244Z,1.2100,1,SYNTH
2026-03-12 19:07:06.238Z,1.2121,1,SYNTH
2026-03-12 19:07:07.281Z,1.2092,1,SYNTH
2026-03-12 19:07:08.148Z,1.2120,1,SYNTH
2026-03-12 19:07:09.823Z,1.2121,1,SYNTH
2026-03-12 19:07:10.853Z,1.2126,1,SYNTH
2026-03-12 19:07:11.111Z,1.2091,1,SYNTH
2026-03-12 19:07:12.852Z,1.2125,1,SYNTH
2026-03-12 19:07:13.596Z,1.2125,1,SYNTH
2026-03-12 19:07:14.793Z,1.2121,1,SYNTH
2026-03-12 19:07:15.885Z,1.2121,1,SYNTH
2026-03-12 19:07:16.186Z,1.2103,1,SYNTH
2026-03-12 19:07:17.162Z,1.2097,1,SYNTH
2026-03-12 19:06:18.007Z,1.2156,2,SYNTH
2026-03-12 19:06:19.093Z,1.2131,2,SYNTH
2026-03-12 19:06:20.412Z,1.2137,2,SYNTH
2026-03-12 19:06:21.334Z,1.2122,2,SYNTH
2026-03-12 19:06:22.060Z,1.2126,2,SYNTH
2026-03-12 19:06:23.108Z,1.2131,2,SYNTH
2026-03-12 19:06:24.243Z,1.2103,1,SYNTH
2026-03-12 19:06:25.062Z,1.2113,3,SYNTH
2026-03-12 19:06:26.045Z,1.2099,1,SYNTH
2026-03-12 19:06:27.768Z,1.2101,3,SYNTH
2026-03-12 19:06:28.003Z,1.2089,3,SYNTH
2026-03-12 19:06:29.593Z,1.2081,5,SYNTH
2026-03-12 19:06:30.250Z,1.2116,6,SYNTH
2026-03-12 19:06:31.405Z,1.2116,3,SYNTH
2026-03-12 19:06:32.224Z,1.2083,1,SYNTH
2026-03-12 19:06:33.090Z,1.2123,2,SYNTH
2026-03-12 19:06:34.378Z,1.2129,2,SYNTH
2026-03-12 19:06:35.063Z,1.2122,2,SYNTH
2026-03-12 19:06:36.866Z,1.2100,4,SYNTH
2026-03-12 19:06:37.475Z,1.2132,2,SYNTH
2026-03-12 19:06:38.128Z,1.2129,2,SYNTH
2026-03-12 19:06:39.155Z,1.2130,1,SYNTH
2026-03-12 19:06:40.720Z,1.2146,2,SYNTH
2026-03-12 19:06:41.619Z,1.2150,1,SYNTH
2026-03-12 19:06:42.153Z,1.2155,1,SYNTH
2026-03-12 19:06:43.119Z,1.2165,1,SYNTH
2026-03-12 19:06:44.302Z,1.2174,1,SYNTH
2026-03-12 19:06:45.634Z,1.2185,2,SYNTH
2026-03-12 19:06:46.836Z,1.2192,2,SYNTH
2026-03-12 19:06:47.211Z,1.2203,2,SYNTH
2026-03-12 19:06:48.200Z,1.2214,2,SYNTH
2026-03-12 19:06:49.126Z,1.2215,2,SYNTH
2026-03-12 19:06:50.532Z,1.2239,2,SYNTH
2026-03-12 19:06:51.791Z,1.2229,2,SYNTH
2026-03-12 19:06:52.514Z,1.2253,2,SYNTH
2026-03-12 19:06:53.643Z,1.2247,1,SYNTH
2026-03-12 19:06:54.313Z,1.2252,1,SYNTH
2026-03-12 19:06:55.572Z,1.2258,4,SYNTH
2026-03-12 19:06:56.370Z,1.2231,3,SYNTH
2026-03-12 19:06:57.315Z,1.2267,2,SYNTH
2026-03-12 19:06:58.574Z,1.2233,4,SYNTH
2026-03-12 19:06:59.325Z,1.2251,1,SYNTH
2026-03-12 19:07:00.834Z,1.2247,1,SYNTH
2026-03-12 19:07:01.054Z,1.2230,2,SYNTH
2026-03-12 19:07:02.151Z,1.2232,2,SYNTH
2026-03-12 19:07:03.499Z,1.2251,2,SYNTH
2026-03-12 19:07:04.517Z,1.2233,1,SYNTH
2026-03-12 19:07:05.146Z,1.2258,3,SYNTH
2026-03-12 19:07:06.287Z,1.2251,1,SYNTH
2026-03-12 19:07:07.164Z,1.2243,2,SYNTH
2026-03-12 19:07:08.521Z,1.2255,1,SYNTH
2026-03-12 19:07:09.604Z,1.2258,2,SYNTH
2026-03-12 19:07:10.723Z,1.2231,1,SYNTH
2026-03-12 19:07:11.061Z,1.2261,1,SYNTH
2026-03-12 19:07:12.776Z,1.2265,1,SYNTH
2026-03-12 19:07:13.537Z,1.2235,3,SYNTH
2026-03-12 19:07:14.778Z,1.2268,3,SYNTH
2026-03-12 19:07:15.851Z,1.2254,2,SYNTH
2026-03-12 19:07:16.557Z,1.2231,1,SYNTH
2026-03-12 19:07:17.024Z,1.2257,2,SYNTH
2026-03-12 19:06:18.720Z,1.2268,1,SYNTH
2026-03-12 19:06:19.814Z,1.2265,1,SYNTH
2026-03-12 19:06:20.355Z,1.2244,1,SYNTH
2026-03-12 19:06:21.228Z,1.2270,1,SYNTH
2026-03-12 19:06:22.856Z,1.2263,1,SYNTH
2026-03-12 19:06:23.614Z,1.2255,1,SYNTH
2026-03-12 19:06:24.573Z,1.2248,1,SYNTH
2026-03-12 19:06:25.445Z,1.2256,1,SYNTH
2026-03-12 19:06:26.430Z,1.2233,1,SYNTH
2026-03-12 19:06:27.767Z,1.2261,1,SYNTH
2026-03-12 19:06:28.855Z,1.2228,1,SYNTH
2026-03-12 19:06:29.419Z,1.2255,1,SYNTH
2026-03-12 19:06:30.552Z,1.2253,1,SYNTH
2026-03-12 19:06:31.499Z,1.2258,1,SYNTH
2026-03-12 19:06:32.600Z,1.2240,1,SYNTH
2026-03-12 19:06:33.653Z,1.2242,1,SYNTH
2026-03-12 19:06:34.633Z,1.2252,1,SYNTH
2026-03-12 19:06:35.397Z,1.2260,1,SYNTH
2026-03-12 19:06:36.176Z,1.2240,1,SYNTH
2026-03-12 19:06:37.845Z,1.2260,1,SYNTH
2026-03-12 19:06:38.196Z,1.2267,1,SYNTH
2026-03-12 19:06:39.286Z,1.2259,1,SYNTH
2026-03-12 19:06:40.686Z,1.2238,1,SYNTH
2026-03-12 19:06:41.644Z,1.2264,1,SYNTH
2026-03-12 19:06:42.769Z,1.2253,1,SYNTH
2026-03-12 19:06:43.318Z,1.2261,1,SYNTH
2026-03-12 19:06:44.316Z,1.2238,1,SYNTH
2026-03-12 19:06:45.383Z,1.2268,1,SYNTH
2026-03-12 19:06:46.075Z,1.2243,1,SYNTH
2026-03-12 19:06:47.456Z,1.2265,1,SYNTH
2026-03-12 19:06:48.377Z,1.2263,1,SYNTH
2026-03-12 19:06:49.746Z,1.2259,1,SYNTH
2026-03-12 19:06:50.850Z,1.2272,1,SYNTH
2026-03-12 19:06:51.095Z,1.2232,1,SYNTH
2026-03-12 19:06:52.452Z,1.2262,1,SYNTH
2026-03-12 19:06:53.570Z,1.2239,1,SYNTH
2026-03-12 19:06:54.160Z,1.2254,1,SYNTH
2026-03-12 19:06:55.753Z,1.2266,1,SYNTH
2026-03-12 19:06:56.537Z,1.2245,1,SYNTH
2026-03-12 19:06:57.799Z,1.2265,1,SYNTH
2026-03-12 19:06:58.338Z,1.2233,1,SYNTH
2026-03-12 19:06:59.225Z,1.2251,1,SYNTH
2026-03-12 19:07:00.593Z,1.2255,1,SYNTH
2026-03-12 19:07:01.436Z,1.2255,1,SYNTH
2026-03-12 19:07:02.046Z,1.2238,1,SYNTH
2026-03-12 19:07:03.682Z,1.2263,1,SYNTH
2026-03-12 19:07:04.681Z,1.2254,1,SYNTH
2026-03-12 19:07:05.506Z,1.2266,1,SYNTH
2026-03-12 19:07:06.865Z,1.2269,1,SYNTH
2026-03-12 19:07:07.276Z,1.2257,1,SYNTH
2026-03-12 19:07:08.622Z,1.2261,1,SYNTH
2026-03-12 19:07:09.379Z,1.2263,1,SYNTH
2026-03-12 19:07:10.802Z,1.2259,1,SYNTH
2026-03-12 19:07:11.164Z,1.2241,1,SYNTH
2026-03-12 19:07:12.065Z,1.2255,1,SYNTH
2026-03-12 19:07:13.872Z,1.2255,1,SYNTH
2026-03-12 19:07:14.001Z,1.2229,1,SYNTH
2026-03-12 19:07:15.810Z,1.2266,1,SYNTH
2026-03-12 19:07:16.565Z,1.2247,1,SYNTH
2026-03-12 19:07:17.822Z,1.2266,1,SYNTH
2026-03-12 19:06:18.641Z,1.2269,1,SYNTH
2026-03-12 19:06:19.505Z,1.2262,1,SYNTH
2026-03-12 19:06:20.000Z,1.2249,1,SYNTH
2026-03-12 19:06:21.781Z,1.2257,1,SYNTH
2026-03-12 19:06:22.493Z,1.2262,1,SYNTH
2026-03-12 19:06:23.088Z,1.2247,1,SYNTH
2026-03-12 19:06:24.793Z,1.2249,1,SYNTH
2026-03-12 19:06:25.801Z,1.2264,1,SYNTH
2026-03-12 19:06:26.274Z,1.2264,1,SYNTH
2026-03-12 19:06:27.871Z,1.2244,1,SYNTH
2026-03-12 19:06:28.063Z,1.2268,1,SYNTH
2026-03-12 19:06:29.590Z,1.2246,1,SYNTH
2026-03-12 19:06:30.494Z,1.2262,1,SYNTH
2026-03-12 19:06:31.201Z,1.2231,1,SYNTH
2026-03-12 19:06:32.613Z,1.2254,1,SYNTH
2026-03-12 19:06:33.393Z,1.2263,1,SYNTH
2026-03-12 19:06:34.291Z,1.2242,1,SYNTH
2026-03-12 19:06:35.224Z,1.2255,1,SYNTH
2026-03-12 19:06:36.105Z,1.2255,1,SYNTH
2026-03-12 19:06:37.554Z,1.2260,1,SYNTH
2026-03-12 19:06:38.423Z,1.2259,1,SYNTH
2026-03-12 19:06:39.446Z,1.2268,1,SYNTH
2026-03-12 19:06:40.276Z,1.2249,1,SYNTH
2026-03-12 19:06:41.780Z,1.2273,1,SYNTH
2026-03-12 19:06:42.857Z,1.2294,1,SYNTH
2026-03-12 19:06:43.044Z,1.2289,1,SYNTH
2026-03-12 19:06:44.812Z,1.2288,1,SYNTH
2026-03-12 19:06:45.632Z,1.2295,1,SYNTH
2026-03-12 19:06:46.370Z,1.2297,1,SYNTH
2026-03-12 19:06:47.817Z,1.2311,1,SYNTH
2026-03-12 19:06:48.148Z,1.2321,1,SYNTH
2026-03-12 19:06:49.837Z,1.2322,1,SYNTH
2026-03-12 19:06:50.366Z,1.2339,1,SYNTH
2026-03-12 19:06:51.604Z,1.2350,1,SYNTH
2026-03-12 19:06:52.524Z,1.2356,1,SYNTH
2026-03-12 19:06:53.843Z,1.2343,1,SYNTH
2026-03-12 19:06:54.498Z,1.2351,1,SYNTH
2026-03-12 19:06:55.653Z,1.2352,1,SYNTH
2026-03-12 19:06:56.578Z,1.2343,1,SYNTH
2026-03-12 19:06:57.485Z,1.2357,1,SYNTH
2026-03-12 19:06:58.057Z,1.2340,1,SYNTH
2026-03-12 19:06:59.528Z,1.2358,1,SYNTH
2026-03-12 19:07:00.403Z,1.2338,1,SYNTH
2026-03-12 19:07:01.573Z,1.2338,1,SYNTH
2026-03-12 19:07:02.417Z,1.2347,1,SYNTH
2026-03-12 19:07:03.064Z,1.2329,1,SYNTH
2026-03-12 19:07:04.017Z,1.2320,1,SYNTH
2026-03-12 19:07:05.134Z,1.2333,1,SYNTH
2026-03-12 19:07:06.749Z,1.2330,1,SYNTH
2026-03-12 19:07:07.885Z,1.2339,1,SYNTH
2026-03-12 19:07:08.313Z,1.2356,1,SYNTH
2026-03-12 19:07:09.678Z,1.2350,1,SYNTH
2026-03-12 19:07:10.444Z,1.2354,1,SYNTH
2026-03-12 19:07:11.565Z,1.2355,1,SYNTH
2026-03-12 19:07:12.071Z,1.2367,1,SYNTH
2026-03-12 19:07:13.548Z,1.2330,1,SYNTH
2026-03-12 19:07:14.645Z,1.2352,1,SYNTH
2026-03-12 19:07:15.242Z,1.2356,1,SYNTH
2026-03-12 19:07:16.188Z,1.2335,1,SYNTH
2026-03-12 19:07:17.219Z,1.2351,1,SYNTH
2026-03-12 19:06:18.097Z,1.2419,1,SYNTH
2026-03-12 19:06:19.250Z,1.2397,1,SYNTH
2026-03-12 19:06:20.487Z,1.2415,1,SYNTH
2026-03-12 19:06:21.058Z,1.2408,2,SYNTH
2026-03-12 19:06:22.393Z,1.2412,2,SYNTH
2026-03-12 19:06:23.622Z,1.2394,2,SYNTH
2026-03-12 19:06:24.874Z,1.2413,2,SYNTH
2026-03-12 19:06:25.160Z,1.2390,2,SYNTH
2026-03-12 19:06:26.589Z,1.2382,1,SYNTH
2026-03-12 19:06:27.319Z,1.2408,2,SYNTH
2026-03-12 19:06:28.715Z,1.2411,2,SYNTH
2026-03-12 19:06:29.579Z,1.2382,4,SYNTH
2026-03-12 19:06:30.487Z,1.2402,4,SYNTH
2026-03-12 19:06:31.152Z,1.2395,3,SYNTH
2026-03-12 19:06:32.243Z,1.2417,2,SYNTH
2026-03-12 19:06:33.754Z,1.2406,1,SYNTH
2026-03-12 19:06:34.386Z,1.2398,3,SYNTH
2026-03-12 19:06:35.555Z,1.2396,2,SYNTH
2026-03-12 19:06:36.058Z,1.2400,2,SYNTH
2026-03-12 19:06:37.849Z,1.2404,3,SYNTH
2026-03-12 19:06:38.243Z,1.2382,1,SYNTH
2026-03-12 19:06:39.709Z,1.2413,1,SYNTH
2026-03-12 19:06:40.416Z,1.2421,1,SYNTH
2026-03-12 19:06:41.037Z,1.2418,1,SYNTH
2026-03-12 19:06:42.847Z,1.2427,1,SYNTH
2026-03-12 19:06:43.441Z,1.2409,1,SYNTH
2026-03-12 19:06:44.055Z,1.2433,1,SYNTH
2026-03-12 19:06:45.384Z,1.2426,1,SYNTH
2026-03-12 19:06:46.165Z,1.2436,1,SYNTH
2026-03-12 19:06:47.455Z,1.2447,1,SYNTH
2026-03-12 19:06:48.388Z,1.2435,1,SYNTH
2026-03-12 19:06:49.865Z,1.2446,1,SYNTH
2026-03-12 19:06:50.240Z,1.2446,1,SYNTH
2026-03-12 19:06:51.416Z,1.2448,1,SYNTH
2026-03-12 19:06:52.566Z,1.2446,1,SYNTH
2026-03-12 19:06:53.160Z,1.2451,1,SYNTH
2026-03-12 19:06:54.463Z,1.2434,1,SYNTH
2026-03-12 19:06:55.150Z,1.2468,3,SYNTH
2026-03-12 19:06:56.324Z,1.2447,3,SYNTH
2026-03-12 19:06:57.230Z,1.2472,3,SYNTH
2026-03-12 19:06:58.267Z,1.2434,2,SYNTH
2026-03-12 19:06:59.254Z,1.2445,1,SYNTH
2026-03-12 19:07:00.569Z,1.2426,1,SYNTH
2026-03-12 19:07:01.683Z,1.2454,1,SYNTH
2026-03-12 19:07:02.445Z,1.2426,1,SYNTH
2026-03-12 19:07:03.067Z,1.2467,1,SYNTH
2026-03-12 19:07:04.184Z,1.2444,2,SYNTH
2026-03-12 19:07:05.164Z,1.2429,1,SYNTH
2026-03-12 19:07:06.260Z,1.2431,1,SYNTH
2026-03-12 19:07:07.434Z,1.2450,2,SYNTH
2026-03-12 19:07:08.223Z,1.2458,2,SYNTH
2026-03-12 19:07:09.568Z,1.2431,1,SYNTH
2026-03-12 19:07:10.287Z,1.2462,2,SYNTH
2026-03-12 19:07:11.320Z,1.2443,1,SYNTH
2026-03-12 19:07:12.610Z,1.2446,1,SYNTH
2026-03-12 19:07:13.514Z,1.2461,2,SYNTH
2026-03-12 19:07:14.540Z,1.2466,2,SYNTH
2026-03-12 19:07:15.276Z,1.2434,1,SYNTH
2026-03-12 19:07:16.393Z,1.2467,1,SYNTH
2026-03-12 19:07:17.131Z,1.2469,2,SYNTH
2026-03-12 19:06:18.692Z,1.2453,7,SYNTH
2026-03-12 19:06:19.106Z,1.2434,7,SYNTH
2026-03-12 19:06:20.545Z,1.2457,5,SYNTH
2026-03-12 19:06:21.792Z,1.2467,5,SYNTH
2026-03-12 19:06:22.350Z,1.2435,4,SYNTH
2026-03-12 19:06:23.636Z,1.2453,7,SYNTH
2026-03-12 19:06:24.742Z,1.2457,5,SYNTH
2026-03-12 19:06:25.055Z,1.2460,4,SYNTH
2026-03-12 19:06:26.515Z,1.2471,6,SYNTH
2026-03-12 19:06:27.467Z,1.2442,4,SYNTH
2026-03-12 19:06:28.854Z,1.2464,4,SYNTH
2026-03-12 19:06:29.678Z,1.2460,8,SYNTH
2026-03-12 19:06:30.373Z,1.2460,9,SYNTH
2026-03-12 19:06:31.225Z,1.2436,7,SYNTH
2026-03-12 19:06:32.575Z,1.2453,4,SYNTH
2026-03-12 19:06:33.487Z,1.2443,5,SYNTH
2026-03-12 19:06:34.444Z,1.2459,8,SYNTH
2026-03-12 19:06:35.570Z,1.2439,6,SYNTH
2026-03-12 19:06:36.824Z,1.2469,6,SYNTH
2026-03-12 19:06:37.719Z,1.2467,8,SYNTH
2026-03-12 19:06:38.677Z,1.2452,2,SYNTH
2026-03-12 19:06:39.006Z,1.2468,3,SYNTH
2026-03-12 19:06:40.458Z,1.2485,3,SYNTH
2026-03-12 19:06:41.001Z,1.2490,4,SYNTH
2026-03-12 19:06:42.354Z,1.2492,5,SYNTH
2026-03-12 19:06:43.596Z,1.2499,2,SYNTH
2026-03-12 19:06:44.504Z,1.2504,3,SYNTH
2026-03-12 19:06:45.809Z,1.2522,3,SYNTH
2026-03-12 19:06:46.757Z,1.2545,3,SYNTH
2026-03-12 19:06:47.083Z,1.2553,4,SYNTH
2026-03-12 19:06:48.654Z,1.2549,3,SYNTH
2026-03-12 19:06:49.157Z,1.2563,3,SYNTH
2026-03-12 19:06:50.067Z,1.2582,3,SYNTH
2026-03-12 19:06:51.811Z,1.2576,3,SYNTH
2026-03-12 19:06:52.650Z,1.2604,4,SYNTH
2026-03-12 19:06:53.169Z,1.2592,3,SYNTH
2026-03-12 19:06:54.132Z,1.2607,2,SYNTH
2026-03-12 19:06:55.105Z,1.2618,11,SYNTH
2026-03-12 19:06:56.843Z,1.2581,13,SYNTH
2026-03-12 19:06:57.868Z,1.2602,5,SYNTH
2026-03-12 19:06:58.158Z,1.2580,9,SYNTH
2026-03-12 19:06:59.372Z,1.2575,3,SYNTH
2026-03-12 19:07:00.852Z,1.2572,4,SYNTH
2026-03-12 19:07:01.304Z,1.2574,3,SYNTH
2026-03-12 19:07:02.080Z,1.2586,4,SYNTH
2026-03-12 19:07:03.828Z,1.2582,5,SYNTH
2026-03-12 19:07:04.639Z,1.2560,7,SYNTH
2026-03-12 19:07:05.865Z,1.2558,4,SYNTH
2026-03-12 19:07:06.794Z,1.2572,3,SYNTH
2026-03-12 19:07:07.770Z,1.2567,5,SYNTH
2026-03-12 19:07:08.417Z,1.2560,4,SYNTH
2026-03-12 19:07:09.494Z,1.2541,5,SYNTH
2026-03-12 19:07:10.250Z,1.2530,6,SYNTH
2026-03-12 19:07:11.481Z,1.2520,5,SYNTH
2026-03-12 19:07:12.037Z,1.2517,5,SYNTH
2026-03-12 19:07:13.462Z,1.2500,5,SYNTH
2026-03-12 19:07:14.823Z,1.2504,5,SYNTH
2026-03-12 19:07:15.856Z,1.2493,6,SYNTH
2026-03-12 19:07:16.222Z,1.2498,6,SYNTH
2026-03-12 19:07:17.774Z,1.2508,4,SYNTH
2026-03-12 19:06:18.022Z,1.2462,1,SYNTH
2026-03-12 19:06:19.551Z,1.2456,1,SYNTH
2026-03-12 19:06:20.896Z,1.2468,1,SYNTH
2026-03-12 19:06:21.255Z,1.2468,1,SYNTH
2026-03-12 19:06:22.632Z,1.2461,1,SYNTH
2026-03-12 19:06:23.309Z,1.2432,1,SYNTH
2026-03-12 19:06:24.792Z,1.2471,1,SYNTH
2026-03-12 19:06:25.565Z,1.2448,1,SYNTH
2026-03-12 19:06:26.784Z,1.2465,1,SYNTH
2026-03-12 19:06:27.873Z,1.2447,1,SYNTH
2026-03-12 19:06:28.540Z,1.2464,1,SYNTH
2026-03-12 19:06:29.784Z,1.2433,1,SYNTH
2026-03-12 19:06:30.663Z,1.2456,1,SYNTH
2026-03-12 19:06:31.578Z,1.2430,1,SYNTH
2026-03-12 19:06:32.642Z,1.2469,1,SYNTH
2026-03-12 19:06:33.677Z,1.2439,1,SYNTH
2026-03-12 19:06:34.621Z,1.2441,1,SYNTH
2026-03-12 19:06:35.488Z,1.2451,1,SYNTH
2026-03-12 19:06:36.456Z,1.2457,1,SYNTH
2026-03-12 19:06:37.241Z,1.2430,1,SYNTH
2026-03-12 19:06:38.695Z,1.2457,1,SYNTH
2026-03-12 19:06:39.866Z,1.2473,1,SYNTH
2026-03-12 19:06:40.487Z,1.2470,1,SYNTH
2026-03-12 19:06:41.756Z,1.2454,1,SYNTH
2026-03-12 19:06:42.362Z,1.2472,1,SYNTH
2026-03-12 19:06:43.300Z,1.2477,1,SYNTH
2026-03-12 19:06:44.116Z,1.2484,1,SYNTH
2026-03-12 19:06:45.064Z,1.2487,1,SYNTH
2026-03-12 19:06:46.459Z,1.2487,1,SYNTH
2026-03-12 19:06:47.800Z,1.2463,1,SYNTH
2026-03-12 19:06:48.311Z,1.2495,1,SYNTH
2026-03-12 19:06:49.057Z,1.2505,1,SYNTH
2026-03-12 19:06:50.000Z,1.2505,1,SYNTH
2026-03-12 19:06:51.141Z,1.2479,1,SYNTH
2026-03-12 19:06:52.507Z,1.2501,1,SYNTH
2026-03-12 19:06:53.169Z,1.2513,1,SYNTH
2026-03-12 19:06:54.660Z,1.2505,1,SYNTH
2026-03-12 19:06:55.404Z,1.2514,1,SYNTH
2026-03-12 19:06:56.868Z,1.2491,1,SYNTH
2026-03-12 19:06:57.185Z,1.2507,1,SYNTH
2026-03-12 19:06:58.413Z,1.2495,1,SYNTH
2026-03-12 19:06:59.027Z,1.2486,1,SYNTH
2026-03-12 19:07:00.155Z,1.2504,1,SYNTH
2026-03-12 19:07:01.010Z,1.2480,1,SYNTH
2026-03-12 19:07:02.441Z,1.2483,1,SYNTH
2026-03-12 19:07:03.543Z,1.2495,1,SYNTH
2026-03-12 19:07:04.083Z,1.2477,1,SYNTH
2026-03-12 19:07:05.542Z,1.2501,1,SYNTH
2026-03-12 19:07:06.539Z,1.2482,1,SYNTH
2026-03-12 19:07:07.673Z,1.2506,1,SYNTH
2026-03-12 19:07:08.550Z,1.2514,1,SYNTH
2026-03-12 19:07:09.660Z,1.2501,1,SYNTH
2026-03-12 19:07:10.809Z,1.2484,1,SYNTH
2026-03-12 19:07:11.064Z,1.2509,1,SYNTH
2026-03-12 19:07:12.010Z,1.2490,1,SYNTH
2026-03-12 19:07:13.000Z,1.2517,1,SYNTH
2026-03-12 19:07:14.160Z,1.2490,1,SYNTH
2026-03-12 19:07:15.494Z,1.2511,1,SYNTH
2026-03-12 19:07:16.297Z,1.2508,1,SYNTH
2026-03-12 19:07:17.358Z,1.2488,1,SYNTH
2026-03-12 19:06:18.284Z,1.2451,2,SYNTH
2026-03-12 19:06:19.060Z,1.2443,2,SYNTH
2026-03-12 19:06:20.191Z,1.2457,1,SYNTH
2026-03-12 19:06:21.027Z,1.2429,2,SYNTH
2026-03-12 19:06:22.514Z,1.2461,1,SYNTH
2026-03-12 19:06:23.452Z,1.2440,1,SYNTH
2026-03-12 19:06:24.195Z,1.2469,1,SYNTH
2026-03-12 19:06:25.204Z,1.2459,1,SYNTH
2026-03-12 19:06:26.689Z,1.2444,2,SYNTH
2026-03-12 19:06:27.003Z,1.2452,1,SYNTH
2026-03-12 19:06:28.639Z,1.2463,1,SYNTH
2026-03-12 19:06:29.033Z,1.2439,3,SYNTH
2026-03-12 19:06:30.333Z,1.2463,2,SYNTH
2026-03-12 19:06:31.739Z,1.2431,3,SYNTH
2026-03-12 19:06:32.526Z,1.2456,2,SYNTH
2026-03-12 19:06:33.751Z,1.2437,2,SYNTH
2026-03-12 19:06:34.788Z,1.2465,3,SYNTH
2026-03-12 19:06:35.028Z,1.2468,2,SYNTH
2026-03-12 19:06:36.746Z,1.2427,1,SYNTH
2026-03-12 19:06:37.406Z,1.2467,2,SYNTH
2026-03-12 19:06:38.436Z,1.2439,1,SYNTH
2026-03-12 19:06:39.356Z,1.2443,1,SYNTH
2026-03-12 19:06:40.791Z,1.2437,1,SYNTH
2026-03-12 19:06:41.465Z,1.2452,1,SYNTH
2026-03-12 19:06:42.309Z,1.2422,1,SYNTH
2026-03-12 19:06:43.899Z,1.2430,1,SYNTH
2026-03-12 19:06:44.050Z,1.2430,1,SYNTH
2026-03-12 19:06:45.034Z,1.2415,1,SYNTH
2026-03-12 19:06:46.112Z,1.2425,1,SYNTH
2026-03-12 19:06:47.449Z,1.2413,1,SYNTH
2026-03-12 19:06:48.307Z,1.2406,1,SYNTH
2026-03-12 19:06:49.022Z,1.2404,1,SYNTH
2026-03-12 19:06:50.223Z,1.2403,1,SYNTH
2026-03-12 19:06:51.557Z,1.2424,1,SYNTH
2026-03-12 19:06:52.308Z,1.2392,1,SYNTH
2026-03-12 19:06:53.724Z,1.2397,1,SYNTH
2026-03-12 19:06:54.703Z,1.2412,1,SYNTH
2026-03-12 19:06:55.278Z,1.2398,2,SYNTH
2026-03-12 19:06:56.275Z,1.2404,2,SYNTH
2026-03-12 19:06:57.453Z,1.2386,2,SYNTH
2026-03-12 19:06:58.426Z,1.2405,4,SYNTH
2026-03-12 19:06:59.101Z,1.2417,1,SYNTH
2026-03-12 19:07:00.813Z,1.2393,1,SYNTH
2026-03-12 19:07:01.390Z,1.2412,1,SYNTH
2026-03-12 19:07:02.692Z,1.2391,1,SYNTH
2026-03-12 19:07:03.433Z,1.2425,2,SYNTH
2026-03-12 19:07:04.212Z,1.2392,2,SYNTH
2026-03-12 19:07:05.280Z,1.2390,2,SYNTH
2026-03-12 19:07:06.156Z,1.2408,2,SYNTH
2026-03-12 19:07:07.660Z,1.2394,2,SYNTH
2026-03-12 19:07:08.781Z,1.2418,1,SYNTH
2026-03-12 19:07:09.406Z,1.2398,2,SYNTH
2026-03-12 19:07:10.626Z,1.2392,2,SYNTH
2026-03-12 19:07:11.230Z,1.2413,2,SYNTH
2026-03-12 19:07:12.093Z,1.2387,1,SYNTH
2026-03-12 19:07:13.157Z,1.2392,1,SYNTH
2026-03-12 19:07:14.433Z,1.2397,1,SYNTH
2026-03-12 19:07:15.134Z,1.2420,1,SYNTH
2026-03-12 19:07:16.449Z,1.2417,1,SYNTH
2026-03-12 19:07:17.655Z,1.2396,1,SYNTH
2026-03-12 19:06:18.662Z,1.2508,1,SYNTH
2026-03-12 19:06:19.219Z,1.2507,1,SYNTH
2026-03-12 19:06:20.110Z,1.2495,1,SYNTH
2026-03-12 19:06:21.382Z,1.2507,1,SYNTH
2026-03-12 19:06:22.404Z,1.2519,1,SYNTH
2026-03-12 19:06:23.800Z,1.2496,1,SYNTH
2026-03-12 19:06:24.507Z,1.2512,1,SYNTH
2026-03-12 19:06:25.180Z,1.2488,1,SYNTH
2026-03-12 19:06:26.282Z,1.2505,1,SYNTH
2026-03-12 19:06:27.465Z,1.2502,1,SYNTH
2026-03-12 19:06:28.769Z,1.2518,1,SYNTH
2026-03-12 19:06:29.440Z,1.2491,2,SYNTH
2026-03-12 19:06:30.350Z,1.2492,1,SYNTH
2026-03-12 19:06:31.777Z,1.2513,1,SYNTH
2026-03-12 19:06:32.817Z,1.2504,1,SYNTH
2026-03-12 19:06:33.421Z,1.2488,1,SYNTH
2026-03-12 19:06:34.025Z,1.2479,1,SYNTH
2026-03-12 19:06:35.174Z,1.2500,1,SYNTH
2026-03-12 19:06:36.306Z,1.2502,1,SYNTH
2026-03-12 19:06:37.395Z,1.2488,1,SYNTH
2026-03-12 19:06:38.498Z,1.2480,1,SYNTH
2026-03-12 19:06:39.593Z,1.2482,1,SYNTH
2026-03-12 19:06:40.080Z,1.2507,1,SYNTH
2026-03-12 19:06:41.244Z,1.2481,1,SYNTH
2026-03-12 19:06:42.533Z,1.2472,1,SYNTH
2026-03-12 19:06:43.722Z,1.2477,1,SYNTH
2026-03-12 19:06:44.682Z,1.2476,1,SYNTH
2026-03-12 19:06:45.585Z,1.2467,1,SYNTH
2026-03-12 19:06:46.776Z,1.2476,1,SYNTH
2026-03-12 19:06:47.743Z,1.2465,1,SYNTH
2026-03-12 19:06:48.701Z,1.2463,1,SYNTH
2026-03-12 19:06:49.748Z,1.2450,1,SYNTH
2026-03-12 19:06:50.631Z,1.2474,1,SYNTH
2026-03-12 19:06:51.509Z,1.2453,1,SYNTH
2026-03-12 19:06:52.325Z,1.2448,1,SYNTH
2026-03-12 19:06:53.298Z,1.2463,1,SYNTH
2026-03-12 19:06:54.707Z,1.2451,1,SYNTH
2026-03-12 19:06:55.259Z,1.2448,2,SYNTH
2026-03-12 19:06:56.870Z,1.2442,2,SYNTH
2026-03-12 19:06:57.877Z,1.2457,1,SYNTH
2026-03-12 19:06:58.518Z,1.2458,1,SYNTH
2026-03-12 19:06:59.299Z,1.2460,1,SYNTH
2026-03-12 19:07:00.658Z,1.2464,1,SYNTH
2026-03-12 19:07:01.898Z,1.2462,1,SYNTH
2026-03-12 19:07:02.000Z,1.2475,1,SYNTH
2026-03-12 19:07:03.171Z,1.2447,1,SYNTH
2026-03-12 19:07:04.154Z,1.2472,1,SYNTH
2026-03-12 19:07:05.849Z,1.2467,1,SYNTH
2026-03-12 19:07:06.214Z,1.2440,1,SYNTH
2026-03-12 19:07:07.480Z,1.2449,1,SYNTH
2026-03-12 19:07:08.387Z,1.2463,1,SYNTH
2026-03-12 19:07:09.007Z,1.2439,1,SYNTH
2026-03-12 19:07:10.296Z,1.2436,1,SYNTH
2026-03-12 19:07:11.226Z,1.2465,1,SYNTH
2026-03-12 19:07:12.278Z,1.2431,1,SYNTH
2026-03-12 19:07:13.775Z,1.2457,1,SYNTH
2026-03-12 19:07:14.236Z,1.2458,1,SYNTH
2026-03-12 19:07:15.008Z,1.2444,1,SYNTH
2026-03-12 19:07:16.153Z,1.2453,1,SYNTH
2026-03-12 19:07:17.186Z,1.2469,1,SYNTH
2026-03-12 19:06:18.718Z,1.2452,1,SYNTH
2026-03-12 19:06:19.872Z,1.2433,1,SYNTH
2026-03-12 19:06:20.392Z,1.2460,1,SYNTH
2026-03-12 19:06:21.493Z,1.2460,1,SYNTH
2026-03-12 19:06:22.203Z,1.2450,1,SYNTH
2026-03-12 19:06:23.587Z,1.2457,1,SYNTH
2026-03-12 19:06:24.365Z,1.2437,1,SYNTH
2026-03-12 19:06:25.861Z,1.2460,1,SYNTH
2026-03-12 19:06:26.775Z,1.2439,1,SYNTH
2026-03-12 19:06:27.390Z,1.2467,1,SYNTH
2026-03-12 19:06:28.651Z,1.2467,1,SYNTH
2026-03-12 19:06:29.859Z,1.2435,3,SYNTH
2026-03-12 19:06:30.450Z,1.2471,1,SYNTH
2026-03-12 19:06:31.522Z,1.2441,1,SYNTH
2026-03-12 19:06:32.821Z,1.2461,1,SYNTH
2026-03-12 19:06:33.166Z,1.2440,1,SYNTH
2026-03-12 19:06:34.678Z,1.2438,1,SYNTH
2026-03-12 19:06:35.752Z,1.2457,2,SYNTH
2026-03-12 19:06:36.621Z,1.2448,2,SYNTH
2026-03-12 19:06:37.843Z,1.2446,1,SYNTH
2026-03-12 19:06:38.115Z,1.2444,1,SYNTH
2026-03-12 19:06:39.211Z,1.2434,1,SYNTH
2026-03-12 19:06:40.597Z,1.2426,1,SYNTH
2026-03-12 19:06:41.498Z,1.2405,1,SYNTH
2026-03-12 19:06:42.024Z,1.2416,1,SYNTH
2026-03-12 19:06:43.310Z,1.2401,1,SYNTH
2026-03-12 19:06:44.144Z,1.2384,1,SYNTH
2026-03-12 19:06:45.259Z,1.2374,1,SYNTH
2026-03-12 19:06:46.211Z,1.2368,1,SYNTH
2026-03-12 19:06:47.625Z,1.2353,1,SYNTH
2026-03-12 19:06:48.191Z,1.2349,1,SYNTH
2026-03-12 19:06:49.226Z,1.2334,1,SYNTH
2026-03-12 19:06:50.624Z,1.2326,1,SYNTH
2026-03-12 19:06:51.046Z,1.2313,1,SYNTH
2026-03-12 19:06:52.693Z,1.2313,1,SYNTH
2026-03-12 19:06:53.463Z,1.2292,1,SYNTH
2026-03-12 19:06:54.125Z,1.2293,1,SYNTH
2026-03-12 19:06:55.174Z,1.2282,2,SYNTH
2026-03-12 19:06:56.470Z,1.2290,2,SYNTH
2026-03-12 19:06:57.297Z,1.2312,1,SYNTH
2026-03-12 19:06:58.754Z,1.2315,2,SYNTH
2026-03-12 19:06:59.564Z,1.2313,1,SYNTH
2026-03-12 19:07:00.663Z,1.2323,1,SYNTH
2026-03-12 19:07:01.100Z,1.2326,1,SYNTH
2026-03-12 19:07:02.706Z,1.2339,1,SYNTH
2026-03-12 19:07:03.160Z,1.2336,1,SYNTH
2026-03-12 19:07:04.686Z,1.2333,2,SYNTH
2026-03-12 19:07:05.478Z,1.2343,1,SYNTH
2026-03-12 19:07:06.264Z,1.2315,1,SYNTH
2026-03-12 19:07:07.347Z,1.2317,1,SYNTH
2026-03-12 19:07:08.470Z,1.2349,1,SYNTH
2026-03-12 19:07:09.037Z,1.2341,1,SYNTH
2026-03-12 19:07:10.006Z,1.2351,1,SYNTH
2026-03-12 19:07:11.039Z,1.2357,1,SYNTH
2026-03-12 19:07:12.759Z,1.2341,1,SYNTH
2026-03-12 19:07:13.744Z,1.2356,1,SYNTH
2026-03-12 19:07:14.476Z,1.2366,1,SYNTH
2026-03-12 19:07:15.823Z,1.2332,1,SYNTH
2026-03-12 19:07:16.612Z,1.2362,1,SYNTH
2026-03-12 19:07:17.079Z,1.2356,1,SYNTH
2026-03-12 19:06:18.182Z,1.2356,1,SYNTH
2026-03-12 19:06:19.616Z,1.2364,1,SYNTH
2026-03-12 19:06:20.661Z,1.2348,1,SYNTH
2026-03-12 19:06:21.122Z,1.2370,1,SYNTH
2026-03-12 19:06:22.284Z,1.2331,1,SYNTH
2026-03-12 19:06:23.598Z,1.2331,1,SYNTH
2026-03-12 19:06:24.110Z,1.2348,1,SYNTH
2026-03-12 19:06:25.298Z,1.2343,1,SYNTH
2026-03-12 19:06:26.491Z,1.2363,1,SYNTH
2026-03-12 19:06:27.172Z,1.2366,1,SYNTH
2026-03-12 19:06:28.224Z,1.2355,1,SYNTH
2026-03-12 19:06:29.150Z,1.2365,1,SYNTH
2026-03-12 19:06:30.533Z,1.2361,1,SYNTH
2026-03-12 19:06:31.104Z,1.2340,1,SYNTH
2026-03-12 19:06:32.098Z,1.2357,1,SYNTH
2026-03-12 19:06:33.476Z,1.2372,1,SYNTH
2026-03-12 19:06:34.119Z,1.2351,1,SYNTH
2026-03-12 19:06:35.082Z,1.2348,1,SYNTH
2026-03-12 19:06:36.560Z,1.2357,1,SYNTH
2026-03-12 19:06:37.074Z,1.2343,1,SYNTH
2026-03-12 19:06:38.169Z,1.2365,1,SYNTH
2026-03-12 19:06:39.081Z,1.2344,1,SYNTH
2026-03-12 19:06:40.490Z,1.2359,1,SYNTH
2026-03-12 19:06:41.156Z,1.2355,1,SYNTH
2026-03-12 19:06:42.053Z,1.2367,1,SYNTH
2026-03-12 19:06:43.025Z,1.2359,1,SYNTH
2026-03-12 19:06:44.369Z,1.2347,1,SYNTH
2026-03-12 19:06:45.068Z,1.2370,1,SYNTH
2026-03-12 19:06:46.249Z,1.2338,1,SYNTH
2026-03-12 19:06:47.030Z,1.2353,1,SYNTH
2026-03-12 19:06:48.779Z,1.2343,1,SYNTH
2026-03-12 19:06:49.569Z,1.2365,1,SYNTH
2026-03-12 19:06:50.319Z,1.2335,1,SYNTH
2026-03-12 19:06:51.443Z,1.2357,1,SYNTH
2026-03-12 19:06:52.204Z,1.2349,1,SYNTH
2026-03-12 19:06:53.196Z,1.2370,1,SYNTH
2026-03-12 19:06:54.541Z,1.2338,1,SYNTH
2026-03-12 19:06:55.089Z,1.2352,1,SYNTH
2026-03-12 19:06:56.204Z,1.2362,1,SYNTH
2026-03-12 19:06:57.437Z,1.2343,1,SYNTH
2026-03-12 19:06:58.196Z,1.2366,1,SYNTH
2026-03-12 19:06:59.810Z,1.2359,1,SYNTH
2026-03-12 19:07:00.475Z,1.2330,1,SYNTH
2026-03-12 19:07:01.174Z,1.2333,1,SYNTH
2026-03-12 19:07:02.113Z,1.2357,1,SYNTH
2026-03-12 19:07:03.355Z,1.2342,1,SYNTH
2026-03-12 19:07:04.398Z,1.2365,1,SYNTH
2026-03-12 19:07:05.211Z,1.2340,1,SYNTH
2026-03-12 19:07:06.399Z,1.2363,1,SYNTH
2026-03-12 19:07:07.055Z,1.2334,1,SYNTH
2026-03-12 19:07:08.043Z,1.2362,1,SYNTH
2026-03-12 19:07:09.131Z,1.2335,1,SYNTH
2026-03-12 19:07:10.096Z,1.2368,1,SYNTH
2026-03-12 19:07:11.176Z,1.2344,1,SYNTH
2026-03-12 19:07:12.464Z,1.2367,1,SYNTH
2026-03-12 19:07:13.391Z,1.2330,1,SYNTH
2026-03-12 19:07:14.555Z,1.2361,1,SYNTH
2026-03-12 19:07:15.548Z,1.2339,1,SYNTH
2026-03-12 19:07:16.871Z,1.2337,1,SYNTH
2026-03-12 19:07:17.863Z,1.2358,1,SYNTH
2026-03-12 19:06:18.220Z,1.2351,2,SYNTH
2026-03-12 19:06:19.633Z,1.2368,1,SYNTH
2026-03-12 19:06:20.799Z,1.2370,1,SYNTH
2026-03-12 19:06:21.497Z,1.2370,2,SYNTH
2026-03-12 19:06:22.502Z,1.2378,2,SYNTH
2026-03-12 19:06:23.356Z,1.2386,1,SYNTH
2026-03-12 19:06:24.189Z,1.2385,1,SYNTH
2026-03-12 19:06:25.625Z,1.2384,1,SYNTH
2026-03-12 19:06:26.175Z,1.2409,2,SYNTH
2026-03-12 19:06:27.629Z,1.2403,1,SYNTH
2026-03-12 19:06:28.647Z,1.2402,1,SYNTH
2026-03-12 19:06:29.694Z,1.2415,2,SYNTH
2026-03-12 19:06:30.765Z,1.2415,4,SYNTH
2026-03-12 19:06:31.716Z,1.2397,3,SYNTH
2026-03-12 19:06:32.731Z,1.2403,1,SYNTH
2026-03-12 19:06:33.400Z,1.2371,1,SYNTH
2026-03-12 19:06:34.335Z,1.2412,2,SYNTH
2026-03-12 19:06:35.284Z,1.2381,2,SYNTH
2026-03-12 19:06:36.311Z,1.2393,2,SYNTH
2026-03-12 19:06:37.683Z,1.2365,3,SYNTH
2026-03-12 19:06:38.044Z,1.2370,1,SYNTH
2026-03-12 19:06:39.108Z,1.2369,1,SYNTH
2026-03-12 19:06:40.500Z,1.2353,1,SYNTH
2026-03-12 19:06:41.436Z,1.2341,1,SYNTH
2026-03-12 19:06:42.083Z,1.2336,1,SYNTH
2026-03-12 19:06:43.267Z,1.2325,1,SYNTH
2026-03-12 19:06:44.514Z,1.2299,1,SYNTH
2026-03-12 19:06:45.730Z,1.2306,1,SYNTH
2026-03-12 19:06:46.563Z,1.2280,1,SYNTH
2026-03-12 19:06:47.554Z,1.2274,1,SYNTH
2026-03-12 19:06:48.814Z,1.2252,1,SYNTH
2026-03-12 19:06:49.472Z,1.2243,1,SYNTH
2026-03-12 19:06:50.545Z,1.2231,1,SYNTH
2026-03-12 19:06:51.060Z,1.2221,1,SYNTH
2026-03-12 19:06:52.505Z,1.2215,1,SYNTH
2026-03-12 19:06:53.381Z,1.2192,1,SYNTH
2026-03-12 19:06:54.849Z,1.2199,1,SYNTH
2026-03-12 19:06:55.442Z,1.2195,3,SYNTH
2026-03-12 19:06:56.430Z,1.2184,3,SYNTH
2026-03-12 19:06:57.100Z,1.2206,3,SYNTH
2026-03-12 19:06:58.532Z,1.2188,2,SYNTH
2026-03-12 19:06:59.601Z,1.2218,1,SYNTH
2026-03-12 19:07:00.700Z,1.2220,1,SYNTH
2026-03-12 19:07:01.119Z,1.2230,1,SYNTH
2026-03-12 19:07:02.684Z,1.2241,1,SYNTH
2026-03-12 19:07:03.721Z,1.2212,1,SYNTH
2026-03-12 19:07:04.688Z,1.2229,1,SYNTH
2026-03-12 19:07:05.773Z,1.2239,2,SYNTH
2026-03-12 19:07:06.339Z,1.2214,1,SYNTH
2026-03-12 19:07:07.059Z,1.2221,2,SYNTH
2026-03-12 19:07:08.016Z,1.2204,1,SYNTH
2026-03-12 19:07:09.614Z,1.2203,1,SYNTH
2026-03-12 19:07:10.662Z,1.2233,1,SYNTH
2026-03-12 19:07:11.898Z,1.2198,2,SYNTH
2026-03-12 19:07:12.653Z,1.2219,2,SYNTH
2026-03-12 19:07:13.856Z,1.2203,1,SYNTH
2026-03-12 19:07:14.122Z,1.2195,2,SYNTH
2026-03-12 19:07:15.837Z,1.2196,2,SYNTH
2026-03-12 19:07:16.212Z,1.2206,1,SYNTH
2026-03-12 19:07:17.650Z,1.2195,2,SYNTH
2026-03-12 19:06:18.867Z,1.2205,1,SYNTH
2026-03-12 19:06:19.365Z,1.2217,2,SYNTH
2026-03-12 19:06:20.560Z,1.2188,1,SYNTH
2026-03-12 19:06:21.006Z,1.2192,1,SYNTH
2026-03-12 19:06:22.353Z,1.2218,1,SYNTH
2026-03-12 19:06:23.364Z,1.2198,1,SYNTH
2026-03-12 19:06:24.006Z,1.2216,1,SYNTH
2026-03-12 19:06:25.359Z,1.2194,1,SYNTH
2026-03-12 19:06:26.256Z,1.2218,1,SYNTH
2026-03-12 19:06:27.096Z,1.2179,1,SYNTH
2026-03-12 19:06:28.571Z,1.2206,1,SYNTH
2026-03-12 19:06:29.029Z,1.2196,2,SYNTH
2026-03-12 19:06:30.186Z,1.2215,3,SYNTH
2026-03-12 19:06:31.617Z,1.2203,2,SYNTH
2026-03-12 19:06:32.489Z,1.2188,1,SYNTH
2026-03-12 19:06:33.363Z,1.2215,1,SYNTH
2026-03-12 19:06:34.129Z,1.2207,1,SYNTH
2026-03-12 19:06:35.118Z,1.2217,1,SYNTH
2026-03-12 19:06:36.791Z,1.2187,1,SYNTH
2026-03-12 19:06:37.137Z,1.2202,2,SYNTH
2026-03-12 19:06:38.385Z,1.2213,1,SYNTH
2026-03-12 19:06:39.025Z,1.2196,1,SYNTH
2026-03-12 19:06:40.524Z,1.2218,1,SYNTH
2026-03-12 19:06:41.719Z,1.2224,1,SYNTH
2026-03-12 19:06:42.488Z,1.2192,1,SYNTH
2026-03-12 19:06:43.523Z,1.2220,1,SYNTH
2026-03-12 19:06:44.204Z,1.2225,1,SYNTH
2026-03-12 19:06:45.427Z,1.2228,1,SYNTH
2026-03-12 19:06:46.264Z,1.2225,1,SYNTH
2026-03-12 19:06:47.630Z,1.2244,1,SYNTH
2026-03-12 19:06:48.733Z,1.2219,1,SYNTH
2026-03-12 19:06:49.000Z,1.2256,1,SYNTH
2026-03-12 19:06:50.324Z,1.2227,1,SYNTH
2026-03-12 19:06:51.712Z,1.2247,1,SYNTH
2026-03-12 19:06:52.400Z,1.2253,1,SYNTH
2026-03-12 19:06:53.638Z,1.2257,1,SYNTH
2026-03-12 19:06:54.381Z,1.2261,1,SYNTH
2026-03-12 19:06:55.298Z,1.2233,2,SYNTH
2026-03-12 19:06:56.372Z,1.2244,2,SYNTH
2026-03-12 19:06:57.693Z,1.2256,2,SYNTH
2026-03-12 19:06:58.536Z,1.2232,2,SYNTH
2026-03-12 19:06:59.566Z,1.2241,1,SYNTH
2026-03-12 19:07:00.451Z,1.2255,1,SYNTH
2026-03-12 19:07:01.447Z,1.2228,1,SYNTH
2026-03-12 19:07:02.085Z,1.2238,1,SYNTH
2026-03-12 19:07:03.099Z,1.2231,2,SYNTH
2026-03-12 19:07:04.162Z,1.2233,1,SYNTH
2026-03-12 19:07:05.373Z,1.2254,1,SYNTH
2026-03-12 19:07:06.601Z,1.2230,1,SYNTH
2026-03-12 19:07:07.634Z,1.2243,1,SYNTH
2026-03-12 19:07:08.473Z,1.2213,1,SYNTH
2026-03-12 19:07:09.853Z,1.2207,1,SYNTH
2026-03-12 19:07:10.114Z,1.2215,1,SYNTH
2026-03-12 19:07:11.830Z,1.2196,1,SYNTH
2026-03-12 19:07:12.470Z,1.2225,1,SYNTH
2026-03-12 19:07:13.138Z,1.2188,2,SYNTH
2026-03-12 19:07:14.790Z,1.2185,1,SYNTH
2026-03-12 19:07:15.567Z,1.2201,2,SYNTH
2026-03-12 19:07:16.356Z,1.2218,1,SYNTH
2026-03-12 19:07:17.077Z,1.2196,1,SYNTH
2026-03-12 19:06:18.815Z,1.2211,1,SYNTH
2026-03-12 19:06:19.708Z,1.2218,1,SYNTH
2026-03-12 19:06:20.175Z,1.2219,1,SYNTH
2026-03-12 19:06:21.481Z,1.2191,1,SYNTH
2026-03-12 19:06:22.276Z,1.2208,1,SYNTH
2026-03-12 19:06:23.482Z,1.2205,1,SYNTH
2026-03-12 19:06:24.120Z,1.2189,1,SYNTH
2026-03-12 19:06:25.515Z,1.2212,1,SYNTH
2026-03-12 19:06:26.188Z,1.2209,1,SYNTH
2026-03-12 19:06:27.652Z,1.2180,1,SYNTH
2026-03-12 19:06:28.293Z,1.2181,1,SYNTH
2026-03-12 19:06:29.432Z,1.2204,1,SYNTH
2026-03-12 19:06:30.509Z,1.2192,1,SYNTH
2026-03-12 19:06:31.040Z,1.2204,1,SYNTH
2026-03-12 19:06:32.324Z,1.2184,1,SYNTH
2026-03-12 19:06:33.309Z,1.2210,1,SYNTH
2026-03-12 19:06:34.401Z,1.2218,1,SYNTH
2026-03-12 19:06:35.882Z,1.2206,1,SYNTH
2026-03-12 19:06:36.635Z,1.2186,1,SYNTH
2026-03-12 19:06:37.284Z,1.2186,1,SYNTH
2026-03-12 19:06:38.282Z,1.2214,1,SYNTH
2026-03-12 19:06:39.481Z,1.2218,1,SYNTH
2026-03-12 19:06:40.872Z,1.2219,1,SYNTH
2026-03-12 19:06:41.555Z,1.2225,1,SYNTH
2026-03-12 19:06:42.842Z,1.2221,1,SYNTH
2026-03-12 19:06:43.642Z,1.2237,1,SYNTH
2026-03-12 19:06:44.500Z,1.2226,1,SYNTH
2026-03-12 19:06:45.499Z,1.2227,1,SYNTH
2026-03-12 19:06:46.792Z,1.2228,1,SYNTH
2026-03-12 19:06:47.828Z,1.2242,1,SYNTH
2026-03-12 19:06:48.217Z,1.2244,1,SYNTH
2026-03-12 19:06:49.374Z,1.2253,1,SYNTH
2026-03-12 19:06:50.205Z,1.2244,1,SYNTH
2026-03-12 19:06:51.662Z,1.2241,1,SYNTH
2026-03-12 19:06:52.815Z,1.2260,1,SYNTH
2026-03-12 19:06:53.097Z,1.2261,1,SYNTH
2026-03-12 19:06:54.104Z,1.2242,1,SYNTH
2026-03-12 19:06:55.318Z,1.2265,1,SYNTH
2026-03-12 19:06:56.013Z,1.2254,1,SYNTH
2026-03-12 19:06:57.825Z,1.2238,1,SYNTH
2026-03-12 19:06:58.373Z,1.2265,1,SYNTH
2026-03-12 19:06:59.547Z,1.2235,1,SYNTH
2026-03-12 19:07:00.356Z,1.2264,1,SYNTH
2026-03-12 19:07:01.198Z,1.2267,1,SYNTH
2026-03-12 19:07:02.874Z,1.2225,1,SYNTH
2026-03-12 19:07:03.478Z,1.2243,1,SYNTH
2026-03-12 19:07:04.883Z,1.2250,1,SYNTH
2026-03-12 19:07:05.460Z,1.2226,1,SYNTH
2026-03-12 19:07:06.744Z,1.2256,1,SYNTH
2026-03-12 19:07:07.704Z,1.2241,1,SYNTH
2026-03-12 19:07:08.682Z,1.2256,1,SYNTH
2026-03-12 19:07:09.116Z,1.2249,1,SYNTH
2026-03-12 19:07:10.542Z,1.2232,1,SYNTH
2026-03-12 19:07:11.546Z,1.2254,1,SYNTH
2026-03-12 19:07:12.553Z,1.2249,1,SYNTH
2026-03-12 19:07:13.147Z,1.2253,1,SYNTH
2026-03-12 19:07:14.687Z,1.2256,1,SYNTH
2026-03-12 19:07:15.482Z,1.2229,1,SYNTH
2026-03-12 19:07:16.300Z,1.2260,1,SYNTH
2026-03-12 19:07:17.030Z,1.2267,1,SYNTH
2026-03-12 19:06:18.196Z,1.2203,1,SYNTH
2026-03-12 19:06:19.008Z,1.2207,1,SYNTH
2026-03-12 19:06:20.737Z,1.2178,1,SYNTH
2026-03-12 19:06:21.339Z,1.2200,1,SYNTH
2026-03-12 19:06:22.040Z,1.2204,1,SYNTH
2026-03-12 19:06:23.894Z,1.2218,1,SYNTH
2026-03-12 19:06:24.371Z,1.2222,1,SYNTH
2026-03-12 19:06:25.486Z,1.2196,1,SYNTH
2026-03-12 19:06:26.121Z,1.2207,1,SYNTH
2026-03-12 19:06:27.278Z,1.2213,1,SYNTH
2026-03-12 19:06:28.297Z,1.2201,1,SYNTH
2026-03-12 19:06:29.641Z,1.2180,2,SYNTH
2026-03-12 19:06:30.285Z,1.2215,1,SYNTH
2026-03-12 19:06:31.603Z,1.2187,1,SYNTH
2026-03-12 19:06:32.271Z,1.2218,1,SYNTH
2026-03-12 19:06:33.603Z,1.2202,1,SYNTH
2026-03-12 19:06:34.513Z,1.2189,1,SYNTH
2026-03-12 19:06:35.307Z,1.2208,1,SYNTH
2026-03-12 19:06:36.238Z,1.2189,1,SYNTH
2026-03-12 19:06:37.547Z,1.2209,1,SYNTH
2026-03-12 19:06:38.807Z,1.2206,1,SYNTH
2026-03-12 19:06:39.785Z,1.2213,1,SYNTH
2026-03-12 19:06:40.819Z,1.2198,1,SYNTH
2026-03-12 19:06:41.602Z,1.2225,1,SYNTH
2026-03-12 19:06:42.777Z,1.2224,1,SYNTH
2026-03-12 19:06:43.652Z,1.2231,1,SYNTH
2026-03-12 19:06:44.802Z,1.2233,1,SYNTH
2026-03-12 19:06:45.850Z,1.2251,1,SYNTH
2026-03-12 19:06:46.312Z,1.2256,1,SYNTH
2026-03-12 19:06:47.856Z,1.2270,1,SYNTH
2026-03-12 19:06:48.683Z,1.2273,1,SYNTH
2026-03-12 19:06:49.341Z,1.2276,1,SYNTH
2026-03-12 19:06:50.823Z,1.2277,1,SYNTH
2026-03-12 19:06:51.890Z,1.2289,1,SYNTH
2026-03-12 19:06:52.245Z,1.2283,1,SYNTH
2026-03-12 19:06:53.561Z,1.2294,1,SYNTH
2026-03-12 19:06:54.578Z,1.2301,1,SYNTH
2026-03-12 19:06:55.614Z,1.2304,1,SYNTH
2026-03-12 19:06:56.116Z,1.2308,1,SYNTH
2026-03-12 19:06:57.093Z,1.2303,1,SYNTH
2026-03-12 19:06:58.841Z,1.2285,1,SYNTH
2026-03-12 19:06:59.630Z,1.2270,1,SYNTH
2026-03-12 19:07:00.266Z,1.2278,1,SYNTH
2026-03-12 19:07:01.136Z,1.2273,1,SYNTH
2026-03-12 19:07:02.648Z,1.2265,1,SYNTH
2026-03-12 19:07:03.557Z,1.2253,1,SYNTH
2026-03-12 19:07:04.632Z,1.2281,1,SYNTH
2026-03-12 19:07:05.562Z,1.2269,1,SYNTH
2026-03-12 19:07:06.171Z,1.2259,1,SYNTH
2026-03-12 19:07:07.362Z,1.2255,1,SYNTH
2026-03-12 19:07:08.771Z,1.2250,1,SYNTH
2026-03-12 19:07:09.025Z,1.2250,1,SYNTH
2026-03-12 19:07:10.677Z,1.2230,1,SYNTH
2026-03-12 19:07:11.502Z,1.2219,1,SYNTH
2026-03-12 19:07:12.354Z,1.2217,1,SYNTH
2026-03-12 19:07:13.531Z,1.2199,1,SYNTH
2026-03-12 19:07:14.518Z,1.2194,1,SYNTH
2026-03-12 19:07:15.642Z,1.2193,1,SYNTH
2026-03-12 19:07:16.853Z,1.2185,1,SYNTH
2026-03-12 19:07:17.012Z,1.2198,1,SYNTH
2026-03-12 19:06:18.436Z,1.2201,5,SYNTH
2026-03-12 19:06:19.761Z,1.2195,4,SYNTH
2026-03-12 19:06:20.841Z,1.2210,3,SYNTH
2026-03-12 19:06:21.361Z,1.2212,3,SYNTH
2026-03-12 19:06:22.094Z,1.2216,3,SYNTH
2026-03-12 19:06:23.172Z,1.2191,3,SYNTH
2026-03-12 19:06:24.428Z,1.2193,4,SYNTH
2026-03-12 19:06:25.182Z,1.2195,4,SYNTH
2026-03-12 19:06:26.177Z,1.2212,4,SYNTH
2026-03-12 19:06:27.181Z,1.2209,2,SYNTH
2026-03-12 19:06:28.132Z,1.2191,3,SYNTH
2026-03-12 19:06:29.579Z,1.2217,5,SYNTH
2026-03-12 19:06:30.591Z,1.2185,9,SYNTH
2026-03-12 19:06:31.652Z,1.2207,4,SYNTH
2026-03-12 19:06:32.876Z,1.2208,2,SYNTH
2026-03-12 19:06:33.783Z,1.2189,3,SYNTH
2026-03-12 19:06:34.046Z,1.2211,5,SYNTH
2026-03-12 19:06:35.227Z,1.2183,4,SYNTH
2026-03-12 19:06:36.216Z,1.2206,5,SYNTH
2026-03-12 19:06:37.710Z,1.2221,4,SYNTH
2026-03-12 19:06:38.271Z,1.2185,3,SYNTH
2026-03-12 19:06:39.884Z,1.2188,3,SYNTH
2026-03-12 19:06:40.445Z,1.2183,3,SYNTH
2026-03-12 19:06:41.653Z,1.2163,2,SYNTH
2026-03-12 19:06:42.285Z,1.2158,3,SYNTH
2026-03-12 19:06:43.209Z,1.2163,3,SYNTH
2026-03-12 19:06:44.542Z,1.2148,3,SYNTH
2026-03-12 19:06:45.792Z,1.2146,2,SYNTH
2026-03-12 19:06:46.175Z,1.2145,3,SYNTH
2026-03-12 19:06:47.237Z,1.2135,3,SYNTH
2026-03-12 19:06:48.382Z,1.2129,2,SYNTH
2026-03-12 19:06:49.279Z,1.2109,3,SYNTH
2026-03-12 19:06:50.292Z,1.2105,2,SYNTH
2026-03-12 19:06:51.211Z,1.2114,2,SYNTH
2026-03-12 19:06:52.479Z,1.2109,3,SYNTH
2026-03-12 19:06:53.717Z,1.2103,2,SYNTH
2026-03-12 19:06:54.501Z,1.2089,3,SYNTH
2026-03-12 19:06:55.051Z,1.2100,7,SYNTH
2026-03-12 19:06:56.355Z,1.2105,6,SYNTH
2026-03-12 19:06:57.707Z,1.2089,5,SYNTH
2026-03-12 19:06:58.776Z,1.2124,8,SYNTH
2026-03-12 19:06:59.081Z,1.2098,2,SYNTH
2026-03-12 19:07:00.480Z,1.2115,3,SYNTH
2026-03-12 19:07:01.359Z,1.2112,2,SYNTH
2026-03-12 19:07:02.463Z,1.2122,3,SYNTH
2026-03-12 19:07:03.606Z,1.2115,2,SYNTH
2026-03-12 19:07:04.444Z,1.2113,5,SYNTH
2026-03-12 19:07:05.282Z,1.2117,3,SYNTH
2026-03-12 19:07:06.300Z,1.2123,3,SYNTH
2026-03-12 19:07:07.879Z,1.2132,3,SYNTH
2026-03-12 19:07:08.268Z,1.2137,2,SYNTH
2026-03-12 19:07:09.607Z,1.2132,4,SYNTH
2026-03-12 19:07:10.798Z,1.2136,3,SYNTH
2026-03-12 19:07:11.813Z,1.2139,4,SYNTH
2026-03-12 19:07:12.583Z,1.2150,4,SYNTH
2026-03-12 19:07:13.405Z,1.2155,2,SYNTH
2026-03-12 19:07:14.331Z,1.2138,4,SYNTH
2026-03-12 19:07:15.231Z,1.2151,4,SYNTH
2026-03-12 19:07:16.485Z,1.2153,4,SYNTH
2026-03-12 19:07:17.582Z,1.2159,4,SYNTH
2026-03-12 19:06:18.447Z,1.2161,1,SYNTH
2026-03-12 19:06:19.720Z,1.2164,1,SYNTH
2026-03-12 19:06:20.511Z,1.2143,1,SYNTH
2026-03-12 19:06:21.857Z,1.2171,1,SYNTH
2026-03-12 19:06:22.624Z,1.2132,1,SYNTH
2026-03-12 19:06:23.712Z,1.2167,1,SYNTH
2026-03-12 19:06:24.616Z,1.2154,1,SYNTH
2026-03-12 19:06:25.693Z,1.2138,1,SYNTH
2026-03-12 19:06:26.383Z,1.2136,1,SYNTH
2026-03-12 19:06:27.175Z,1.2153,1,SYNTH
2026-03-12 19:06:28.590Z,1.2147,1,SYNTH
2026-03-12 19:06:29.666Z,1.2167,1,SYNTH
2026-03-12 19:06:30.769Z,1.2170,1,SYNTH
2026-03-12 19:06:31.578Z,1.2152,1,SYNTH
2026-03-12 19:06:32.689Z,1.2161,1,SYNTH
2026-03-12 19:06:33.785Z,1.2172,1,SYNTH
2026-03-12 19:06:34.181Z,1.2135,1,SYNTH
2026-03-12 19:06:35.604Z,1.2135,1,SYNTH
2026-03-12 19:06:36.679Z,1.2161,1,SYNTH
2026-03-12 19:06:37.661Z,1.2168,1,SYNTH
2026-03-12 19:06:38.504Z,1.2141,1,SYNTH
2026-03-12 19:06:39.254Z,1.2156,1,SYNTH
2026-03-12 19:06:40.174Z,1.2167,1,SYNTH
2026-03-12 19:06:41.325Z,1.2160,1,SYNTH
2026-03-12 19:06:42.811Z,1.2163,1,SYNTH
2026-03-12 19:06:43.740Z,1.2173,1,SYNTH
2026-03-12 19:06:44.116Z,1.2172,1,SYNTH
2026-03-12 19:06:45.888Z,1.2182,1,SYNTH
2026-03-12 19:06:46.068Z,1.2172,1,SYNTH
2026-03-12 19:06:47.839Z,1.2175,1,SYNTH
2026-03-12 19:06:48.530Z,1.2194,1,SYNTH
2026-03-12 19:06:49.274Z,1.2192,1,SYNTH
2026-03-12 19:06:50.099Z,1.2200,1,SYNTH
2026-03-12 19:06:51.685Z,1.2193,1,SYNTH
2026-03-12 19:06:52.540Z,1.2185,1,SYNTH
2026-03-12 19:06:53.802Z,1.2195,1,SYNTH
2026-03-12 19:06:54.676Z,1.2194,1,SYNTH
2026-03-12 19:06:55.151Z,1.2194,1,SYNTH
2026-03-12 19:06:56.300Z,1.2209,1,SYNTH
2026-03-12 19:06:57.455Z,1.2180,1,SYNTH
2026-03-12 19:06:58.354Z,1.2179,1,SYNTH
2026-03-12 19:06:59.781Z,1.2185,1,SYNTH
2026-03-12 19:07:00.389Z,1.2182,1,SYNTH
2026-03-12 19:07:01.344Z,1.2179,1,SYNTH
2026-03-12 19:07:02.495Z,1.2166,1,SYNTH
2026-03-12 19:07:03.183Z,1.2193,1,SYNTH
2026-03-12 19:07:04.641Z,1.2204,1,SYNTH
2026-03-12 19:07:05.841Z,1.2167,1,SYNTH
2026-03-12 19:07:06.109Z,1.2196,1,SYNTH
2026-03-12 19:07:07.457Z,1.2165,1,SYNTH
2026-03-12 19:07:08.106Z,1.2173,1,SYNTH
2026-03-12 19:07:09.384Z,1.2161,1,SYNTH
2026-03-12 19:07:10.606Z,1.2156,1,SYNTH
2026-03-12 19:07:11.594Z,1.2161,1,SYNTH
2026-03-12 19:07:12.666Z,1.2154,1,SYNTH
2026-03-12 19:07:13.521Z,1.2150,1,SYNTH
2026-03-12 19:07:14.869Z,1.2143,1,SYNTH
2026-03-12 19:07:15.589Z,1.2162,1,SYNTH
2026-03-12 19:07:16.538Z,1.2142,1,SYNTH
2026-03-12 19:07:17.655Z,1.2170,1,SYNTH
2026-03-12 19:06:18.140Z,1.2166,1,SYNTH
2026-03-12 19:06:19.845Z,1.2164,1,SYNTH
2026-03-12 19:06:20.556Z,1.2168,1,SYNTH
2026-03-12 19:06:21.896Z,1.2161,1,SYNTH
2026-03-12 19:06:22.084Z,1.2134,1,SYNTH
2026-03-12 19:06:23.718Z,1.2155,1,SYNTH
2026-03-12 19:06:24.251Z,1.2166,1,SYNTH
2026-03-12 19:06:25.788Z,1.2157,1,SYNTH
2026-03-12 19:06:26.123Z,1.2153,1,SYNTH
2026-03-12 19:06:27.066Z,1.2167,1,SYNTH
2026-03-12 19:06:28.331Z,1.2136,1,SYNTH
2026-03-12 19:06:29.720Z,1.2150,1,SYNTH
2026-03-12 19:06:30.079Z,1.2158,1,SYNTH
2026-03-12 19:06:31.026Z,1.2148,1,SYNTH
2026-03-12 19:06:32.693Z,1.2135,1,SYNTH
2026-03-12 19:06:33.231Z,1.2155,1,SYNTH
2026-03-12 19:06:34.071Z,1.2150,1,SYNTH
2026-03-12 19:06:35.379Z,1.2152,1,SYNTH
2026-03-12 19:06:36.451Z,1.2158,1,SYNTH
2026-03-12 19:06:37.191Z,1.2134,1,SYNTH
2026-03-12 19:06:38.824Z,1.2130,1,SYNTH
2026-03-12 19:06:39.663Z,1.2131,1,SYNTH
2026-03-12 19:06:40.434Z,1.2168,1,SYNTH
2026-03-12 19:06:41.351Z,1.2173,1,SYNTH
2026-03-12 19:06:42.174Z,1.2140,1,SYNTH
2026-03-12 19:06:43.420Z,1.2132,1,SYNTH
2026-03-12 19:06:44.520Z,1.2156,1,SYNTH
2026-03-12 19:06:45.521Z,1.2159,1,SYNTH
2026-03-12 19:06:46.357Z,1.2142,1,SYNTH
2026-03-12 19:06:47.696Z,1.2171,1,SYNTH
2026-03-12 19:06:48.016Z,1.2146,1,SYNTH
2026-03-12 19:06:49.665Z,1.2163,1,SYNTH
2026-03-12 19:06:50.789Z,1.2164,1,SYNTH
2026-03-12 19:06:51.483Z,1.2134,1,SYNTH
2026-03-12 19:06:52.355Z,1.2159,1,SYNTH
2026-03-12 19:06:53.688Z,1.2166,1,SYNTH
2026-03-12 19:06:54.382Z,1.2130,1,SYNTH
2026-03-12 19:06:55.780Z,1.2165,1,SYNTH
2026-03-12 19:06:56.768Z,1.2139,1,SYNTH
2026-03-12 19:06:57.793Z,1.2153,1,SYNTH
2026-03-12 19:06:58.692Z,1.2142,1,SYNTH
2026-03-12 19:06:59.346Z,1.2154,1,SYNTH
2026-03-12 19:07:00.349Z,1.2130,1,SYNTH
2026-03-12 19:07:01.194Z,1.2167,1,SYNTH
2026-03-12 19:07:02.285Z,1.2141,1,SYNTH
2026-03-12 19:07:03.629Z,1.2144,1,SYNTH
2026-03-12 19:07:04.637Z,1.2147,1,SYNTH
2026-03-12 19:07:05.097Z,1.2143,1,SYNTH
2026-03-12 19:07:06.881Z,1.2155,1,SYNTH
2026-03-12 19:07:07.542Z,1.2155,1,SYNTH
2026-03-12 19:07:08.448Z,1.2144,1,SYNTH
2026-03-12 19:07:09.490Z,1.2170,1,SYNTH
2026-03-12 19:07:10.543Z,1.2137,1,SYNTH
2026-03-12 19:07:11.779Z,1.2128,1,SYNTH
2026-03-12 19:07:12.498Z,1.2164,1,SYNTH
2026-03-12 19:07:13.411Z,1.2171,1,SYNTH
2026-03-12 19:07:14.422Z,1.2132,1,SYNTH
2026-03-12 19:07:15.818Z,1.2159,1,SYNTH
2026-03-12 19:07:16.825Z,1.2130,1,SYNTH
2026-03-12 19:07:17.316Z,1.2158,1,SYNTH
2026-03-12 19:06:18.265Z,1.2151,2,SYNTH
2026-03-12 19:06:19.600Z,1.2130,2,SYNTH
2026-03-12 19:06:20.143Z,1.2157,1,SYNTH
2026-03-12 19:06:21.508Z,1.2146,2,SYNTH
2026-03-12 19:06:22.590Z,1.2155,2,SYNTH
2026-03-12 19:06:23.657Z,1.2157,1,SYNTH
2026-03-12 19:06:24.220Z,1.2142,2,SYNTH
2026-03-12 19:06:25.077Z,1.2162,1,SYNTH
2026-03-12 19:06:26.620Z,1.2153,1,SYNTH
2026-03-12 19:06:27.624Z,1.2133,1,SYNTH
2026-03-12 19:06:28.129Z,1.2144,1,SYNTH
2026-03-12 19:06:29.741Z,1.2157,3,SYNTH
2026-03-12 19:06:30.840Z,1.2145,4,SYNTH
2026-03-12 19:06:31.607Z,1.2155,3,SYNTH
2026-03-12 19:06:32.155Z,1.2156,1,SYNTH
2026-03-12 19:06:33.190Z,1.2145,1,SYNTH
2026-03-12 19:06:34.240Z,1.2132,1,SYNTH
2026-03-12 19:06:35.523Z,1.2166,2,SYNTH
2026-03-12 19:06:36.574Z,1.2144,1,SYNTH
2026-03-12 19:06:37.808Z,1.2162,2,SYNTH
2026-03-12 19:06:38.414Z,1.2173,1,SYNTH
2026-03-12 19:06:39.640Z,1.2170,1,SYNTH
2026-03-12 19:06:40.759Z,1.2160,1,SYNTH
2026-03-12 19:06:41.016Z,1.2169,1,SYNTH
2026-03-12 19:06:42.407Z,1.2185,1,SYNTH
2026-03-12 19:06:43.621Z,1.2187,1,SYNTH
2026-03-12 19:06:44.102Z,1.2192,1,SYNTH
2026-03-12 19:06:45.621Z,1.2200,1,SYNTH
2026-03-12 19:06:46.150Z,1.2223,1,SYNTH
2026-03-12 19:06:47.155Z,1.2218,1,SYNTH
2026-03-12 19:06:48.660Z,1.2236,1,SYNTH
2026-03-12 19:06:49.097Z,1.2230,1,SYNTH
2026-03-12 19:06:50.365Z,1.2239,1,SYNTH
2026-03-12 19:06:51.602Z,1.2243,1,SYNTH
2026-03-12 19:06:52.257Z,1.2238,1,SYNTH
2026-03-12 19:06:53.299Z,1.2251,1,SYNTH
2026-03-12 19:06:54.523Z,1.2256,1,SYNTH
2026-03-12 19:06:55.578Z,1.2254,3,SYNTH
2026-03-12 19:06:56.572Z,1.2271,3,SYNTH
2026-03-12 19:06:57.042Z,1.2237,3,SYNTH
2026-03-12 19:06:58.642Z,1.2236,2,SYNTH
2026-03-12 19:06:59.634Z,1.2260,1,SYNTH
2026-03-12 19:07:00.707Z,1.2237,1,SYNTH
2026-03-12 19:07:01.103Z,1.2235,1,SYNTH
2026-03-12 19:07:02.638Z,1.2227,1,SYNTH
2026-03-12 19:07:03.833Z,1.2210,2,SYNTH
2026-03-12 19:07:04.802Z,1.2246,2,SYNTH
2026-03-12 19:07:05.659Z,1.2250,2,SYNTH
2026-03-12 19:07:06.043Z,1.2218,1,SYNTH
2026-03-12 19:07:07.308Z,1.2227,1,SYNTH
2026-03-12 19:07:08.275Z,1.2216,2,SYNTH
2026-03-12 19:07:09.453Z,1.2211,1,SYNTH
2026-03-12 19:07:10.811Z,1.2210,1,SYNTH
2026-03-12 19:07:11.865Z,1.2212,1,SYNTH
2026-03-12 19:07:12.850Z,1.2230,2,SYNTH
2026-03-12 19:07:13.679Z,1.2197,1,SYNTH
2026-03-12 19:07:14.088Z,1.2197,1,SYNTH
2026-03-12 19:07:15.380Z,1.2185,1,SYNTH
2026-03-12 19:07:16.008Z,1.2221,2,SYNTH
2026-03-12 19:07:17.772Z,1.2187,1,SYNTH
2026-03-12 19:06:18.342Z,1.2316,1,SYNTH
2026-03-12 19:06:19.241Z,1.2315,1,SYNTH
2026-03-12 19:06:20.133Z,1.2322,1,SYNTH
2026-03-12 19:06:21.306Z,1.2325,1,SYNTH
2026-03-12 19:06:22.674Z,1.2331,1,SYNTH
2026-03-12 19:06:23.122Z,1.2338,1,SYNTH
2026-03-12 19:06:24.618Z,1.2341,1,SYNTH
2026-03-12 19:06:25.118Z,1.2346,1,SYNTH
2026-03-12 19:06:26.347Z,1.2353,1,SYNTH
2026-03-12 19:06:27.161Z,1.2359,1,SYNTH
2026-03-12 19:06:28.018Z,1.2368,1,SYNTH
2026-03-12 19:06:29.668Z,1.2362,2,SYNTH
2026-03-12 19:06:30.216Z,1.2367,2,SYNTH
2026-03-12 19:06:31.746Z,1.2363,2,SYNTH
2026-03-12 19:06:32.671Z,1.2337,1,SYNTH
2026-03-12 19:06:33.798Z,1.2333,1,SYNTH
2026-03-12 19:06:34.563Z,1.2333,1,SYNTH
2026-03-12 19:06:35.656Z,1.2315,1,SYNTH
2026-03-12 19:06:36.041Z,1.2343,1,SYNTH
2026-03-12 19:06:37.712Z,1.2331,1,SYNTH
2026-03-12 19:06:38.660Z,1.2313,1,SYNTH
2026-03-12 19:06:39.237Z,1.2332,1,SYNTH
2026-03-12 19:06:40.335Z,1.2308,1,SYNTH
2026-03-12 19:06:41.748Z,1.2301,1,SYNTH
2026-03-12 19:06:42.094Z,1.2331,1,SYNTH
2026-03-12 19:06:43.063Z,1.2308,1,SYNTH
2026-03-12 19:06:44.331Z,1.2300,1,SYNTH
2026-03-12 19:06:45.375Z,1.2294,1,SYNTH
2026-03-12 19:06:46.089Z,1.2286,1,SYNTH
2026-03-12 19:06:47.552Z,1.2279,1,SYNTH
2026-03-12 19:06:48.278Z,1.2277,1,SYNTH
2026-03-12 19:06:49.617Z,1.2254,1,SYNTH
2026-03-12 19:06:50.165Z,1.2265,1,SYNTH
2026-03-12 19:06:51.623Z,1.2255,1,SYNTH
2026-03-12 19:06:52.719Z,1.2239,1,SYNTH
2026-03-12 19:06:53.601Z,1.2278,1,SYNTH
2026-03-12 19:06:54.221Z,1.2242,1,SYNTH
2026-03-12 19:06:55.540Z,1.2234,1,SYNTH
2026-03-12 19:06:56.418Z,1.2260,2,SYNTH
2026-03-12 19:06:57.617Z,1.2271,1,SYNTH
2026-03-12 19:06:58.745Z,1.2245,2,SYNTH
2026-03-12 19:06:59.505Z,1.2230,1,SYNTH
2026-03-12 19:07:00.480Z,1.2269,1,SYNTH
2026-03-12 19:07:01.355Z,1.2259,1,SYNTH
2026-03-12 19:07:02.032Z,1.2261,1,SYNTH
2026-03-12 19:07:03.838Z,1.2244,1,SYNTH
2026-03-12 19:07:04.509Z,1.2259,1,SYNTH
2026-03-12 19:07:05.019Z,1.2252,1,SYNTH
2026-03-12 19:07:06.164Z,1.2268,1,SYNTH
2026-03-12 19:07:07.723Z,1.2259,1,SYNTH
2026-03-12 19:07:08.360Z,1.2256,1,SYNTH
2026-03-12 19:07:09.760Z,1.2250,1,SYNTH
2026-03-12 19:07:10.702Z,1.2265,1,SYNTH
2026-03-12 19:07:11.463Z,1.2272,1,SYNTH
2026-03-12 19:07:12.360Z,1.2253,1,SYNTH
2026-03-12 19:07:13.340Z,1.2237,1,SYNTH
2026-03-12 19:07:14.604Z,1.2273,1,SYNTH
2026-03-12 19:07:15.336Z,1.2238,1,SYNTH
2026-03-12 19:07:16.771Z,1.2231,1,SYNTH
2026-03-12 19:07:17.752Z,1.2253,1,SYNTH
2026-03-12 19:06:18.689Z,1.2250,1,SYNTH
2026-03-12 19:06:19.064Z,1.2261,1,SYNTH
2026-03-12 19:06:20.461Z,1.2262,1,SYNTH
2026-03-12 19:06:21.384Z,1.2255,1,SYNTH
2026-03-12 19:06:22.381Z,1.2258,1,SYNTH
2026-03-12 19:06:23.662Z,1.2239,1,SYNTH
2026-03-12 19:06:24.293Z,1.2238,1,SYNTH
2026-03-12 19:06:25.332Z,1.2251,1,SYNTH
2026-03-12 19:06:26.499Z,1.2255,1,SYNTH
2026-03-12 19:06:27.447Z,1.2246,1,SYNTH
2026-03-12 19:06:28.612Z,1.2252,1,SYNTH
2026-03-12 19:06:29.542Z,1.2259,2,SYNTH
2026-03-12 19:06:30.464Z,1.2233,2,SYNTH
2026-03-12 19:06:31.245Z,1.2251,2,SYNTH
2026-03-12 19:06:32.437Z,1.2263,1,SYNTH
2026-03-12 19:06:33.197Z,1.2268,1,SYNTH
2026-03-12 19:06:34.410Z,1.2246,2,SYNTH
2026-03-12 19:06:35.428Z,1.2246,2,SYNTH
2026-03-12 19:06:36.585Z,1.2260,1,SYNTH
2026-03-12 19:06:37.442Z,1.2269,1,SYNTH
2026-03-12 19:06:38.032Z,1.2234,1,SYNTH
2026-03-12 19:06:39.105Z,1.2265,1,SYNTH
2026-03-12 19:06:40.391Z,1.2269,1,SYNTH
2026-03-12 19:06:41.398Z,1.2247,1,SYNTH
2026-03-12 19:06:42.681Z,1.2239,1,SYNTH
2026-03-12 19:06:43.724Z,1.2251,1,SYNTH
2026-03-12 19:06:44.413Z,1.2263,1,SYNTH
2026-03-12 19:06:45.845Z,1.2241,1,SYNTH
2026-03-12 19:06:46.367Z,1.2257,1,SYNTH
2026-03-12 19:06:47.479Z,1.2251,1,SYNTH
2026-03-12 19:06:48.828Z,1.2252,1,SYNTH
2026-03-12 19:06:49.749Z,1.2259,1,SYNTH
2026-03-12 19:06:50.481Z,1.2234,1,SYNTH
2026-03-12 19:06:51.254Z,1.2268,1,SYNTH
2026-03-12 19:06:52.286Z,1.2234,1,SYNTH
2026-03-12 19:06:53.242Z,1.2268,1,SYNTH
2026-03-12 19:06:54.561Z,1.2256,1,SYNTH
2026-03-12 19:06:55.294Z,1.2246,2,SYNTH
2026-03-12 19:06:56.373Z,1.2252,1,SYNTH
2026-03-12 19:06:57.751Z,1.2255,1,SYNTH
2026-03-12 19:06:58.414Z,1.2247,2,SYNTH
2026-03-12 19:06:59.130Z,1.2245,1,SYNTH
2026-03-12 19:07:00.228Z,1.2266,1,SYNTH
2026-03-12 19:07:01.407Z,1.2249,1,SYNTH
2026-03-12 19:07:02.866Z,1.2260,1,SYNTH
2026-03-12 19:07:03.439Z,1.2239,2,SYNTH
2026-03-12 19:07:04.598Z,1.2263,1,SYNTH
2026-03-12 19:07:05.042Z,1.2253,1,SYNTH
2026-03-12 19:07:06.220Z,1.2241,1,SYNTH
2026-03-12 19:07:07.805Z,1.2263,1,SYNTH
2026-03-12 19:07:08.261Z,1.2232,1,SYNTH
2026-03-12 19:07:09.576Z,1.2259,1,SYNTH
2026-03-12 19:07:10.894Z,1.2235,1,SYNTH
2026-03-12 19:07:11.703Z,1.2245,1,SYNTH
2026-03-12 19:07:12.095Z,1.2267,1,SYNTH
2026-03-12 19:07:13.875Z,1.2241,1,SYNTH
2026-03-12 19:07:14.667Z,1.2254,1,SYNTH
2026-03-12 19:07:15.814Z,1.2270,1,SYNTH
2026-03-12 19:07:16.258Z,1.2231,1,SYNTH
2026-03-12 19:07:17.075Z,1.2267,1,SYNTH
2026-03-12 19:06:18.513Z,1.2260,1,SYNTH
2026-03-12 19:06:19.113Z,1.2255,1,SYNTH
2026-03-12 19:06:20.198Z,1.2267,1,SYNTH
2026-03-12 19:06:21.348Z,1.2238,1,SYNTH
2026-03-12 19:06:22.510Z,1.2255,1,SYNTH
2026-03-12 19:06:23.036Z,1.2251,1,SYNTH
2026-03-12 19:06:24.358Z,1.2255,1,SYNTH
2026-03-12 19:06:25.103Z,1.2235,1,SYNTH
2026-03-12 19:06:26.358Z,1.2266,1,SYNTH
2026-03-12 19:06:27.733Z,1.2270,1,SYNTH
2026-03-12 19:06:28.716Z,1.2245,1,SYNTH
2026-03-12 19:06:29.705Z,1.2239,1,SYNTH
2026-03-12 19:06:30.229Z,1.2267,1,SYNTH
2026-03-12 19:06:31.801Z,1.2243,1,SYNTH
2026-03-12 19:06:32.482Z,1.2252,1,SYNTH
2026-03-12 19:06:33.804Z,1.2240,1,SYNTH
2026-03-12 19:06:34.550Z,1.2256,1,SYNTH
2026-03-12 19:06:35.358Z,1.2235,1,SYNTH
2026-03-12 19:06:36.272Z,1.2229,1,SYNTH
2026-03-12 19:06:37.363Z,1.2267,1,SYNTH
2026-03-12 19:06:38.331Z,1.2235,1,SYNTH
2026-03-12 19:06:39.625Z,1.2268,1,SYNTH
2026-03-12 19:06:40.755Z,1.2247,1,SYNTH
2026-03-12 19:06:41.498Z,1.2260,1,SYNTH
2026-03-12 19:06:42.722Z,1.2260,1,SYNTH
2026-03-12 19:06:43.120Z,1.2245,1,SYNTH
2026-03-12 19:06:44.541Z,1.2232,1,SYNTH
2026-03-12 19:06:45.377Z,1.2262,1,SYNTH
2026-03-12 19:06:46.869Z,1.2263,1,SYNTH
2026-03-12 19:06:47.439Z,1.2239,1,SYNTH
2026-03-12 19:06:48.747Z,1.2228,1,SYNTH
2026-03-12 19:06:49.152Z,1.2253,1,SYNTH
2026-03-12 19:06:50.377Z,1.2256,1,SYNTH
2026-03-12 19:06:51.713Z,1.2235,1,SYNTH
2026-03-12 19:06:52.054Z,1.2263,1,SYNTH
2026-03-12 19:06:53.472Z,1.2245,1,SYNTH
2026-03-12 19:06:54.307Z,1.2264,1,SYNTH
2026-03-12 19:06:55.577Z,1.2247,1,SYNTH
2026-03-12 19:06:56.778Z,1.2254,1,SYNTH
2026-03-12 19:06:57.010Z,1.2242,1,SYNTH
2026-03-12 19:06:58.283Z,1.2262,1,SYNTH
2026-03-12 19:06:59.636Z,1.2241,1,SYNTH
2026-03-12 19:07:00.254Z,1.2247,1,SYNTH
2026-03-12 19:07:01.364Z,1.2260,1,SYNTH
2026-03-12 19:07:02.867Z,1.2263,1,SYNTH
2026-03-12 19:07:03.115Z,1.2261,1,SYNTH
2026-03-12 19:07:04.643Z,1.2241,1,SYNTH
2026-03-12 19:07:05.144Z,1.2255,1,SYNTH
2026-03-12 19:07:06.285Z,1.2244,1,SYNTH
2026-03-12 19:07:07.139Z,1.2266,1,SYNTH
2026-03-12 19:07:08.257Z,1.2242,1,SYNTH
2026-03-12 19:07:09.787Z,1.2257,1,SYNTH
2026-03-12 19:07:10.414Z,1.2268,1,SYNTH
2026-03-12 19:07:11.411Z,1.2242,1,SYNTH
2026-03-12 19:07:12.233Z,1.2255,1,SYNTH
2026-03-12 19:07:13.217Z,1.2235,1,SYNTH
2026-03-12 19:07:14.529Z,1.2251,1,SYNTH
2026-03-12 19:07:15.513Z,1.2267,1,SYNTH
2026-03-12 19:07:16.561Z,1.2244,1,SYNTH
2026-03-12 19:07:17.132Z,1.2255,1,SYNTH
2026-03-12 19:06:18.007Z,1.2252,1,SYNTH
2026-03-12 19:06:19.341Z,1.2253,1,SYNTH
2026-03-12 19:06:20.344Z,1.2247,1,SYNTH
2026-03-12 19:06:21.651Z,1.2256,1,SYNTH
2026-03-12 19:06:22.099Z,1.2245,1,SYNTH
2026-03-12 19:06:23.804Z,1.2236,1,SYNTH
2026-03-12 19:06:24.556Z,1.2260,1,SYNTH
2026-03-12 19:06:25.148Z,1.2231,1,SYNTH
2026-03-12 19:06:26.853Z,1.2256,1,SYNTH
2026-03-12 19:06:27.084Z,1.2241,1,SYNTH
2026-03-12 19:06:28.856Z,1.2264,1,SYNTH
2026-03-12 19:06:29.008Z,1.2256,1,SYNTH
2026-03-12 19:06:30.602Z,1.2261,1,SYNTH
2026-03-12 19:06:31.608Z,1.2244,1,SYNTH
2026-03-12 19:06:32.579Z,1.2255,1,SYNTH
2026-03-12 19:06:33.245Z,1.2264,1,SYNTH
2026-03-12 19:06:34.244Z,1.2240,1,SYNTH
2026-03-12 19:06:35.427Z,1.2236,1,SYNTH
2026-03-12 19:06:36.743Z,1.2256,1,SYNTH
2026-03-12 19:06:37.448Z,1.2239,1,SYNTH
2026-03-12 19:06:38.007Z,1.2267,1,SYNTH
2026-03-12 19:06:39.546Z,1.2256,1,SYNTH
2026-03-12 19:06:40.707Z,1.2246,1,SYNTH
2026-03-12 19:06:41.654Z,1.2270,1,SYNTH
2026-03-12 19:06:42.107Z,1.2245,1,SYNTH
2026-03-12 19:06:43.056Z,1.2263,1,SYNTH
2026-03-12 19:06:44.510Z,1.2261,1,SYNTH
2026-03-12 19:06:45.251Z,1.2244,1,SYNTH
2026-03-12 19:06:46.727Z,1.2263,1,SYNTH
2026-03-12 19:06:47.422Z,1.2265,1,SYNTH
2026-03-12 19:06:48.647Z,1.2239,1,SYNTH
2026-03-12 19:06:49.530Z,1.2247,1,SYNTH
2026-03-12 19:06:50.616Z,1.2267,1,SYNTH
2026-03-12 19:06:51.041Z,1.2266,1,SYNTH
2026-03-12 19:06:52.534Z,1.2235,1,SYNTH
2026-03-12 19:06:53.116Z,1.2239,1,SYNTH
2026-03-12 19:06:54.348Z,1.2271,1,SYNTH
2026-03-12 19:06:55.510Z,1.2247,1,SYNTH
2026-03-12 19:06:56.726Z,1.2254,1,SYNTH
2026-03-12 19:06:57.264Z,1.2263,1,SYNTH
2026-03-12 19:06:58.840Z,1.2231,1,SYNTH
2026-03-12 19:06:59.298Z,1.2235,1,SYNTH
2026-03-12 19:07:00.415Z,1.2263,1,SYNTH
2026-03-12 19:07:01.812Z,1.2233,1,SYNTH
2026-03-12 19:07:02.810Z,1.2268,1,SYNTH
2026-03-12 19:07:03.628Z,1.2246,1,SYNTH
2026-03-12 19:07:04.441Z,1.2237,1,SYNTH
2026-03-12 19:07:05.538Z,1.2262,1,SYNTH
2026-03-12 19:07:06.706Z,1.2260,1,SYNTH
2026-03-12 19:07:07.081Z,1.2255,1,SYNTH
2026-03-12 19:07:08.467Z,1.2264,1,SYNTH
2026-03-12 19:07:09.020Z,1.2237,1,SYNTH
2026-03-12 19:07:10.825Z,1.2270,1,SYNTH
2026-03-12 19:07:11.869Z,1.2248,1,SYNTH
2026-03-12 19:07:12.466Z,1.2259,1,SYNTH
2026-03-12 19:07:13.232Z,1.2267,1,SYNTH
2026-03-12 19:07:14.064Z,1.2259,1,SYNTH
2026-03-12 19:07:15.566Z,1.2261,1,SYNTH
2026-03-12 19:07:16.110Z,1.2267,1,SYNTH
2026-03-12 19:07:17.549Z,1.2240,1,SYNTH
2026-03-12 19:06:18.713Z,1.2263,1,SYNTH
2026-03-12 19:06:19.503Z,1.2232,1,SYNTH
2026-03-12 19:06:20.575Z,1.2269,1,SYNTH
2026-03-12 19:06:21.223Z,1.2270,1,SYNTH
2026-03-12 19:06:22.346Z,1.2270,1,SYNTH
2026-03-12 19:06:23.353Z,1.2253,1,SYNTH
2026-03-12 19:06:24.424Z,1.2233,1,SYNTH
2026-03-12 19:06:25.817Z,1.2251,1,SYNTH
2026-03-12 19:06:26.848Z,1.2257,1,SYNTH
2026-03-12 19:06:27.417Z,1.2231,1,SYNTH
2026-03-12 19:06:28.695Z,1.2268,1,SYNTH
2026-03-12 19:06:29.230Z,1.2233,1,SYNTH
2026-03-12 19:06:30.135Z,1.2263,1,SYNTH
2026-03-12 19:06:31.009Z,1.2270,1,SYNTH
2026-03-12 19:06:32.597Z,1.2251,1,SYNTH
2026-03-12 19:06:33.037Z,1.2261,1,SYNTH
2026-03-12 19:06:34.096Z,1.2257,1,SYNTH
2026-03-12 19:06:35.203Z,1.2247,1,SYNTH
2026-03-12 19:06:36.164Z,1.2269,1,SYNTH
2026-03-12 19:06:37.352Z,1.2259,1,SYNTH
2026-03-12 19:06:38.511Z,1.2237,1,SYNTH
2026-03-12 19:06:39.088Z,1.2266,1,SYNTH
2026-03-12 19:06:40.711Z,1.2255,1,SYNTH
2026-03-12 19:06:41.175Z,1.2241,1,SYNTH
2026-03-12 19:06:42.678Z,1.2268,1,SYNTH
2026-03-12 19:06:43.641Z,1.2239,1,SYNTH
2026-03-12 19:06:44.240Z,1.2266,1,SYNTH
2026-03-12 19:06:45.308Z,1.2255,1,SYNTH
2026-03-12 19:06:46.461Z,1.2231,1,SYNTH
2026-03-12 19:06:47.247Z,1.2268,1,SYNTH
2026-03-12 19:06:48.689Z,1.2241,1,SYNTH
2026-03-12 19:06:49.640Z,1.2267,1,SYNTH
2026-03-12 19:06:50.118Z,1.2244,1,SYNTH
2026-03-12 19:06:51.264Z,1.2245,1,SYNTH
2026-03-12 19:06:52.561Z,1.2247,1,SYNTH
2026-03-12 19:06:53.799Z,1.2259,1,SYNTH
2026-03-12 19:06:54.879Z,1.2244,1,SYNTH
2026-03-12 19:06:55.042Z,1.2255,1,SYNTH
2026-03-12 19:06:56.419Z,1.2247,1,SYNTH
2026-03-12 19:06:57.639Z,1.2267,1,SYNTH
2026-03-12 19:06:58.190Z,1.2254,1,SYNTH
2026-03-12 19:06:59.070Z,1.2242,1,SYNTH
2026-03-12 19:07:00.375Z,1.2266,1,SYNTH
2026-03-12 19:07:01.626Z,1.2263,1,SYNTH
2026-03-12 19:07:02.802Z,1.2236,1,SYNTH
2026-03-12 19:07:03.278Z,1.2257,1,SYNTH
2026-03-12 19:07:04.361Z,1.2258,1,SYNTH
2026-03-12 19:07:05.282Z,1.2244,1,SYNTH
2026-03-12 19:07:06.734Z,1.2268,1,SYNTH
2026-03-12 19:07:07.684Z,1.2235,1,SYNTH
2026-03-12 19:07:08.295Z,1.2269,1,SYNTH
2026-03-12 19:07:09.461Z,1.2245,1,SYNTH
2026-03-12 19:07:10.127Z,1.2232,1,SYNTH
2026-03-12 19:07:11.747Z,1.2257,1,SYNTH
2026-03-12 19:07:12.457Z,1.2267,1,SYNTH
2026-03-12 19:07:13.755Z,1.2240,1,SYNTH
2026-03-12 19:07:14.237Z,1.2269,1,SYNTH
2026-03-12 19:07:15.051Z,1.2269,1,SYNTH
2026-03-12 19:07:16.093Z,1.2245,1,SYNTH
2026-03-12 19:07:17.667Z,1.2249,1,SYNTH
2026-03-12 19:06:18.007Z,1.2257,1,SYNTH
2026-03-12 19:06:19.171Z,1.2263,1,SYNTH
2026-03-12 19:06:20.523Z,1.2265,1,SYNTH
2026-03-12 19:06:21.625Z,1.2241,1,SYNTH
2026-03-12 19:06:22.873Z,1.2233,1,SYNTH
2026-03-12 19:06:23.770Z,1.2268,1,SYNTH
2026-03-12 19:06:24.029Z,1.2267,1,SYNTH
2026-03-12 19:06:25.796Z,1.2240,1,SYNTH
2026-03-12 19:06:26.213Z,1.2260,1,SYNTH
2026-03-12 19:06:27.831Z,1.2264,1,SYNTH
2026-03-12 19:06:28.496Z,1.2270,1,SYNTH
2026-03-12 19:06:29.041Z,1.2262,1,SYNTH
2026-03-12 19:06:30.846Z,1.2241,1,SYNTH
2026-03-12 19:06:31.793Z,1.2245,1,SYNTH
2026-03-12 19:06:32.060Z,1.2259,1,SYNTH
2026-03-12 19:06:33.826Z,1.2234,1,SYNTH
2026-03-12 19:06:34.169Z,1.2256,1,SYNTH
2026-03-12 19:06:35.706Z,1.2243,1,SYNTH
2026-03-12 19:06:36.530Z,1.2266,1,SYNTH
2026-03-12 19:06:37.443Z,1.2265,1,SYNTH
2026-03-12 19:06:38.104Z,1.2265,1,SYNTH
2026-03-12 19:06:39.397Z,1.2250,1,SYNTH
2026-03-12 19:06:40.471Z,1.2235,1,SYNTH
2026-03-12 19:06:41.283Z,1.2266,1,SYNTH
2026-03-12 19:06:42.424Z,1.2233,1,SYNTH
2026-03-12 19:06:43.802Z,1.2268,1,SYNTH
2026-03-12 19:06:44.029Z,1.2235,1,SYNTH
2026-03-12 19:06:45.640Z,1.2245,1,SYNTH
2026-03-12 19:06:46.689Z,1.2253,1,SYNTH
2026-03-12 19:06:47.529Z,1.2235,1,SYNTH
2026-03-12 19:06:48.178Z,1.2253,1,SYNTH
2026-03-12 19:06:49.168Z,1.2243,1,SYNTH
2026-03-12 19:06:50.271Z,1.2268,1,SYNTH
2026-03-12 19:06:51.306Z,1.2261,1,SYNTH
2026-03-12 19:06:52.596Z,1.2228,1,SYNTH
2026-03-12 19:06:53.540Z,1.2262,1,SYNTH
2026-03-12 19:06:54.239Z,1.2263,1,SYNTH
2026-03-12 19:06:55.003Z,1.2249,1,SYNTH
2026-03-12 19:06:56.803Z,1.2264,1,SYNTH
2026-03-12 19:06:57.574Z,1.2247,1,SYNTH
2026-03-12 19:06:58.734Z,1.2266,1,SYNTH
2026-03-12 19:06:59.213Z,1.2237,1,SYNTH
2026-03-12 19:07:00.267Z,1.2256,1,SYNTH
2026-03-12 19:07:01.392Z,1.2268,1,SYNTH
2026-03-12 19:07:02.668Z,1.2242,1,SYNTH
2026-03-12 19:07:03.070Z,1.2258,1,SYNTH
2026-03-12 19:07:04.141Z,1.2267,1,SYNTH
2026-03-12 19:07:05.779Z,1.2236,1,SYNTH
2026-03-12 19:07:06.086Z,1.2266,1,SYNTH
2026-03-12 19:07:07.177Z,1.2232,1,SYNTH
2026-03-12 19:07:08.348Z,1.2252,1,SYNTH
2026-03-12 19:07:09.895Z,1.2262,1,SYNTH
2026-03-12 19:07:10.617Z,1.2260,1,SYNTH
2026-03-12 19:07:11.352Z,1.2239,1,SYNTH
2026-03-12 19:07:12.296Z,1.2270,1,SYNTH
2026-03-12 19:07:13.803Z,1.2238,1,SYNTH
2026-03-12 19:07:14.791Z,1.2269,1,SYNTH
2026-03-12 19:07:15.320Z,1.2265,1,SYNTH
2026-03-12 19:07:16.426Z,1.2262,1,SYNTH
2026-03-12 19:07:17.235Z,1.2256,1,SYNTH
2026-03-12 19:06:18.614Z,1.2264,1,SYNTH
2026-03-12 19:06:19.373Z,1.2246,1,SYNTH
2026-03-12 19:06:20.725Z,1.2260,1,SYNTH
2026-03-12 19:06:21.675Z,1.2248,1,SYNTH
2026-03-12 19:06:22.097Z,1.2230,1,SYNTH
2026-03-12 19:06:23.049Z,1.2251,1,SYNTH
2026-03-12 19:06:24.584Z,1.2269,1,SYNTH
2026-03-12 19:06:25.778Z,1.2232,1,SYNTH
2026-03-12 19:06:26.674Z,1.2259,1,SYNTH
2026-03-12 19:06:27.476Z,1.2236,1,SYNTH
2026-03-12 19:06:28.030Z,1.2259,1,SYNTH
2026-03-12 19:06:29.688Z,1.2240,1,SYNTH
2026-03-12 19:06:30.866Z,1.2257,1,SYNTH
2026-03-12 19:06:31.076Z,1.2239,1,SYNTH
2026-03-12 19:06:32.173Z,1.2251,1,SYNTH
2026-03-12 19:06:33.719Z,1.2261,1,SYNTH
2026-03-12 19:06:34.215Z,1.2254,1,SYNTH
2026-03-12 19:06:35.139Z,1.2255,1,SYNTH
2026-03-12 19:06:36.515Z,1.2232,1,SYNTH
2026-03-12 19:06:37.478Z,1.2253,1,SYNTH
2026-03-12 19:06:38.127Z,1.2257,1,SYNTH
2026-03-12 19:06:39.009Z,1.2245,1,SYNTH
2026-03-12 19:06:40.161Z,1.2235,1,SYNTH
2026-03-12 19:06:41.396Z,1.2253,1,SYNTH
2026-03-12 19:06:42.275Z,1.2273,1,SYNTH
2026-03-12 19:06:43.023Z,1.2265,1,SYNTH
2026-03-12 19:06:44.012Z,1.2238,1,SYNTH
2026-03-12 19:06:45.266Z,1.2252,1,SYNTH
2026-03-12 19:06:46.375Z,1.2249,1,SYNTH
2026-03-12 19:06:47.156Z,1.2245,1,SYNTH
2026-03-12 19:06:48.883Z,1.2272,1,SYNTH
2026-03-12 19:06:49.415Z,1.2234,1,SYNTH
2026-03-12 19:06:50.615Z,1.2264,1,SYNTH
2026-03-12 19:06:51.072Z,1.2231,1,SYNTH
2026-03-12 19:06:52.248Z,1.2267,1,SYNTH
2026-03-12 19:06:53.560Z,1.2245,1,SYNTH
2026-03-12 19:06:54.131Z,1.2240,1,SYNTH
2026-03-12 19:06:55.475Z,1.2268,1,SYNTH
2026-03-12 19:06:56.093Z,1.2235,1,SYNTH
2026-03-12 19:06:57.819Z,1.2270,1,SYNTH
2026-03-12 19:06:58.073Z,1.2239,1,SYNTH
2026-03-12 19:06:59.740Z,1.2256,1,SYNTH
2026-03-12 19:07:00.200Z,1.2254,1,SYNTH
2026-03-12 19:07:01.380Z,1.2232,1,SYNTH
2026-03-12 19:07:02.635Z,1.2270,1,SYNTH
2026-03-12 19:07:03.005Z,1.2267,1,SYNTH
2026-03-12 19:07:04.396Z,1.2267,1,SYNTH
2026-03-12 19:07:05.635Z,1.2246,1,SYNTH
2026-03-12 19:07:06.298Z,1.2266,1,SYNTH
2026-03-12 19:07:07.211Z,1.2271,1,SYNTH
2026-03-12 19:07:08.443Z,1.2256,1,SYNTH
2026-03-12 19:07:09.776Z,1.2240,1,SYNTH
2026-03-12 19:07:10.688Z,1.2267,1,SYNTH
2026-03-12 19:07:11.662Z,1.2259,1,SYNTH
2026-03-12 19:07:12.891Z,1.2247,1,SYNTH
2026-03-12 19:07:13.326Z,1.2267,1,SYNTH
2026-03-12 19:07:14.089Z,1.2234,1,SYNTH
2026-03-12 19:07:15.877Z,1.2266,1,SYNTH
2026-03-12 19:07:16.729Z,1.2251,1,SYNTH
2026-03-12 19:07:17.533Z,1.2250,1,SYNTH
2026-03-12 19:06:18.727Z,1.2212,1,SYNTH
2026-03-12 19:06:19.494Z,1.2209,1,SYNTH
2026-03-12 19:06:20.598Z,1.2216,1,SYNTH
2026-03-12 19:06:21.647Z,1.2191,1,SYNTH
2026-03-12 19:06:22.616Z,1.2210,1,SYNTH
2026-03-12 19:06:23.848Z,1.2198,1,SYNTH
2026-03-12 19:06:24.721Z,1.2218,1,SYNTH
2026-03-12 19:06:25.720Z,1.2215,1,SYNTH
2026-03-12 19:06:26.544Z,1.2203,1,SYNTH
2026-03-12 19:06:27.326Z,1.2205,1,SYNTH
2026-03-12 19:06:28.660Z,1.2211,1,SYNTH
2026-03-12 19:06:29.783Z,1.2192,1,SYNTH
2026-03-12 19:06:30.730Z,1.2213,1,SYNTH
2026-03-12 19:06:31.401Z,1.2196,1,SYNTH
2026-03-12 19:06:32.670Z,1.2177,1,SYNTH
2026-03-12 19:06:33.053Z,1.2199,1,SYNTH
2026-03-12 19:06:34.899Z,1.2204,1,SYNTH
2026-03-12 19:06:35.013Z,1.2221,1,SYNTH
2026-03-12 19:06:36.135Z,1.2220,1,SYNTH
2026-03-12 19:06:37.397Z,1.2190,1,SYNTH
2026-03-12 19:06:38.470Z,1.2183,1,SYNTH
2026-03-12 19:06:39.613Z,1.2206,1,SYNTH
2026-03-12 19:06:40.426Z,1.2188,1,SYNTH
2026-03-12 19:06:41.242Z,1.2182,1,SYNTH
2026-03-12 19:06:42.361Z,1.2182,1,SYNTH
2026-03-12 19:06:43.389Z,1.2179,1,SYNTH
2026-03-12 19:06:44.644Z,1.2171,1,SYNTH
2026-03-12 19:06:45.249Z,1.2168,1,SYNTH
2026-03-12 19:06:46.227Z,1.2186,1,SYNTH
2026-03-12 19:06:47.131Z,1.2164,1,SYNTH
2026-03-12 19:06:48.593Z,1.2151,1,SYNTH
2026-03-12 19:06:49.239Z,1.2163,1,SYNTH
2026-03-12 19:06:50.384Z,1.2156,1,SYNTH
2026-03-12 19:06:51.449Z,1.2149,1,SYNTH
2026-03-12 19:06:52.152Z,1.2144,1,SYNTH
2026-03-12 19:06:53.758Z,1.2143,1,SYNTH
2026-03-12 19:06:54.640Z,1.2149,1,SYNTH
2026-03-12 19:06:55.726Z,1.2133,1,SYNTH
2026-03-12 19:06:56.041Z,1.2155,1,SYNTH
2026-03-12 19:06:57.139Z,1.2149,1,SYNTH
2026-03-12 19:06:58.381Z,1.2137,1,SYNTH
2026-03-12 19:06:59.770Z,1.2160,1,SYNTH
2026-03-12 19:07:00.199Z,1.2133,1,SYNTH
2026-03-12 19:07:01.092Z,1.2172,1,SYNTH
2026-03-12 19:07:02.036Z,1.2164,1,SYNTH
2026-03-12 19:07:03.612Z,1.2140,1,SYNTH
2026-03-12 19:07:04.824Z,1.2136,1,SYNTH
2026-03-12 19:07:05.084Z,1.2157,1,SYNTH
2026-03-12 19:07:06.733Z,1.2154,1,SYNTH
2026-03-12 19:07:07.847Z,1.2152,1,SYNTH
2026-03-12 19:07:08.030Z,1.2173,1,SYNTH
2026-03-12 19:07:09.248Z,1.2169,1,SYNTH
2026-03-12 19:07:10.298Z,1.2138,1,SYNTH
2026-03-12 19:07:11.535Z,1.2155,1,SYNTH
2026-03-12 19:07:12.292Z,1.2129,1,SYNTH
2026-03-12 19:07:13.646Z,1.2136,1,SYNTH
2026-03-12 19:07:14.373Z,1.2157,1,SYNTH
2026-03-12 19:07:15.299Z,1.2170,1,SYNTH
2026-03-12 19:07:16.242Z,1.2146,1,SYNTH
2026-03-12 19:07:17.111Z,1.2138,1,SYNTH
2026-03-12 19:06:18.464Z,1.2155,1,SYNTH
2026-03-12 19:06:19.123Z,1.2144,1,SYNTH
2026-03-12 19:06:20.447Z,1.2164,1,SYNTH
2026-03-12 19:06:21.779Z,1.2154,1,SYNTH
2026-03-12 19:06:22.237Z,1.2129,1,SYNTH
2026-03-12 19:06:23.070Z,1.2156,1,SYNTH
2026-03-12 19:06:24.335Z,1.2157,1,SYNTH
2026-03-12 19:06:25.480Z,1.2143,1,SYNTH
2026-03-12 19:06:26.547Z,1.2165,1,SYNTH
2026-03-12 19:06:27.269Z,1.2165,1,SYNTH
2026-03-12 19:06:28.211Z,1.2141,1,SYNTH
2026-03-12 19:06:29.282Z,1.2153,1,SYNTH
2026-03-12 19:06:30.286Z,1.2137,1,SYNTH
2026-03-12 19:06:31.559Z,1.2155,1,SYNTH
2026-03-12 19:06:32.898Z,1.2143,1,SYNTH
2026-03-12 19:06:33.238Z,1.2146,1,SYNTH
2026-03-12 19:06:34.108Z,1.2153,1,SYNTH
2026-03-12 19:06:35.521Z,1.2147,1,SYNTH
2026-03-12 19:06:36.622Z,1.2159,1,SYNTH
2026-03-12 19:06:37.327Z,1.2132,1,SYNTH
2026-03-12 19:06:38.578Z,1.2161,1,SYNTH
2026-03-12 19:06:39.747Z,1.2135,1,SYNTH
2026-03-12 19:06:40.256Z,1.2153,1,SYNTH
2026-03-12 19:06:41.541Z,1.2169,1,SYNTH
2026-03-12 19:06:42.701Z,1.2139,1,SYNTH
2026-03-12 19:06:43.348Z,1.2133,1,SYNTH
2026-03-12 19:06:44.880Z,1.2129,1,SYNTH
2026-03-12 19:06:45.446Z,1.2156,1,SYNTH
2026-03-12 19:06:46.505Z,1.2142,1,SYNTH
2026-03-12 19:06:47.405Z,1.2168,1,SYNTH
2026-03-12 19:06:48.555Z,1.2137,1,SYNTH
2026-03-12 19:06:49.038Z,1.2157,1,SYNTH
2026-03-12 19:06:50.768Z,1.2136,1,SYNTH
2026-03-12 19:06:51.155Z,1.2164,1,SYNTH
2026-03-12 19:06:52.293Z,1.2134,1,SYNTH
2026-03-12 19:06:53.189Z,1.2169,1,SYNTH
2026-03-12 19:06:54.407Z,1.2163,1,SYNTH
2026-03-12 19:06:55.154Z,1.2152,1,SYNTH
2026-03-12 19:06:56.152Z,1.2135,1,SYNTH
2026-03-12 19:06:57.626Z,1.2159,1,SYNTH
2026-03-12 19:06:58.292Z,1.2161,1,SYNTH
2026-03-12 19:06:59.629Z,1.2133,1,SYNTH
2026-03-12 19:07:00.729Z,1.2166,1,SYNTH
2026-03-12 19:07:01.650Z,1.2133,1,SYNTH
2026-03-12 19:07:02.676Z,1.2136,1,SYNTH
2026-03-12 19:07:03.713Z,1.2159,1,SYNTH
2026-03-12 19:07:04.526Z,1.2165,1,SYNTH
2026-03-12 19:07:05.730Z,1.2170,1,SYNTH
2026-03-12 19:07:06.204Z,1.2134,1,SYNTH
2026-03-12 19:07:07.420Z,1.2164,1,SYNTH
2026-03-12 19:07:08.363Z,1.2144,1,SYNTH
2026-03-12 19:07:09.564Z,1.2164,1,SYNTH
2026-03-12 19:07:10.322Z,1.2164,1,SYNTH
2026-03-12 19:07:11.411Z,1.2146,1,SYNTH
2026-03-12 19:07:12.854Z,1.2168,1,SYNTH
2026-03-12 19:07:13.895Z,1.2171,1,SYNTH
2026-03-12 19:07:14.875Z,1.2133,1,SYNTH
2026-03-12 19:07:15.359Z,1.2152,1,SYNTH
2026-03-12 19:07:16.443Z,1.2162,1,SYNTH
2026-03-12 19:07:17.682Z,1.2146,1,SYNTH
2026-03-12 19:06:18.589Z,1.2157,1,SYNTH
2026-03-12 19:06:19.669Z,1.2164,1,SYNTH
2026-03-12 19:06:20.801Z,1.2161,1,SYNTH
2026-03-12 19:06:21.383Z,1.2159,1,SYNTH
2026-03-12 19:06:22.110Z,1.2169,1,SYNTH
2026-03-12 19:06:23.560Z,1.2170,1,SYNTH
2026-03-12 19:06:24.462Z,1.2130,1,SYNTH
2026-03-12 19:06:25.085Z,1.2163,1,SYNTH
2026-03-12 19:06:26.349Z,1.2171,1,SYNTH
2026-03-12 19:06:27.789Z,1.2164,1,SYNTH
2026-03-12 19:06:28.142Z,1.2146,1,SYNTH
2026-03-12 19:06:29.043Z,1.2165,1,SYNTH
2026-03-12 19:06:30.455Z,1.2153,1,SYNTH
2026-03-12 19:06:31.476Z,1.2137,1,SYNTH
2026-03-12 19:06:32.489Z,1.2171,1,SYNTH
2026-03-12 19:06:33.255Z,1.2172,1,SYNTH
2026-03-12 19:06:34.498Z,1.2146,1,SYNTH
2026-03-12 19:06:35.009Z,1.2129,1,SYNTH
2026-03-12 19:06:36.663Z,1.2128,1,SYNTH
2026-03-12 19:06:37.363Z,1.2156,1,SYNTH
2026-03-12 19:06:38.225Z,1.2150,1,SYNTH
2026-03-12 19:06:39.819Z,1.2160,1,SYNTH
2026-03-12 19:06:40.795Z,1.2133,1,SYNTH
2026-03-12 19:06:41.543Z,1.2130,1,SYNTH
2026-03-12 19:06:42.172Z,1.2165,1,SYNTH
2026-03-12 19:06:43.589Z,1.2140,1,SYNTH
2026-03-12 19:06:44.842Z,1.2164,1,SYNTH
2026-03-12 19:06:45.301Z,1.2143,1,SYNTH
2026-03-12 19:06:46.307Z,1.2152,1,SYNTH
2026-03-12 19:06:47.643Z,1.2160,1,SYNTH
2026-03-12 19:06:48.424Z,1.2133,1,SYNTH
2026-03-12 19:06:49.144Z,1.2157,1,SYNTH
2026-03-12 19:06:50.638Z,1.2162,1,SYNTH
2026-03-12 19:06:51.329Z,1.2145,1,SYNTH
2026-03-12 19:06:52.818Z,1.2164,1,SYNTH
2026-03-12 19:06:53.273Z,1.2147,1,SYNTH
2026-03-12 19:06:54.380Z,1.2151,1,SYNTH
2026-03-12 19:06:55.578Z,1.2161,1,SYNTH
2026-03-12 19:06:56.176Z,1.2152,1,SYNTH
2026-03-12 19:06:57.683Z,1.2146,1,SYNTH
2026-03-12 19:06:58.646Z,1.2138,1,SYNTH
2026-03-12 19:06:59.390Z,1.2145,1,SYNTH
2026-03-12 19:07:00.119Z,1.2167,1,SYNTH
2026-03-12 19:07:01.746Z,1.2169,1,SYNTH
2026-03-12 19:07:02.348Z,1.2140,1,SYNTH
2026-03-12 19:07:03.321Z,1.2148,1,SYNTH
2026-03-12 19:07:04.289Z,1.2155,1,SYNTH
2026-03-12 19:07:05.829Z,1.2142,1,SYNTH
2026-03-12 19:07:06.009Z,1.2157,1,SYNTH
2026-03-12 19:07:07.746Z,1.2157,1,SYNTH
2026-03-12 19:07:08.594Z,1.2137,1,SYNTH
2026-03-12 19:07:09.491Z,1.2156,1,SYNTH
2026-03-12 19:07:10.726Z,1.2143,1,SYNTH
2026-03-12 19:07:11.260Z,1.2154,1,SYNTH
2026-03-12 19:07:12.242Z,1.2145,1,SYNTH
2026-03-12 19:07:13.552Z,1.2143,1,SYNTH
2026-03-12 19:07:14.051Z,1.2155,1,SYNTH
2026-03-12 19:07:15.116Z,1.2164,1,SYNTH
2026-03-12 19:07:16.403Z,1.2170,1,SYNTH
2026-03-12 19:07:17.039Z,1.2133,1,SYNTH
2026-03-12 19:06:18.364Z,1.2158,1,SYNTH
2026-03-12 19:06:19.141Z,1.2161,1,SYNTH
2026-03-12 19:06:20.766Z,1.2165,1,SYNTH
2026-03-12 19:06:21.231Z,1.2131,2,SYNTH
2026-03-12 19:06:22.854Z,1.2143,1,SYNTH
2026-03-12 19:06:23.245Z,1.2150,1,SYNTH
2026-03-12 19:06:24.678Z,1.2135,1,SYNTH
2026-03-12 19:06:25.221Z,1.2171,1,SYNTH
2026-03-12 19:06:26.525Z,1.2154,2,SYNTH
2026-03-12 19:06:27.615Z,1.2139,2,SYNTH
2026-03-12 19:06:28.310Z,1.2170,2,SYNTH
2026-03-12 19:06:29.220Z,1.2132,5,SYNTH
2026-03-12 19:06:30.060Z,1.2141,3,SYNTH
2026-03-12 19:06:31.195Z,1.2135,4,SYNTH
2026-03-12 19:06:32.863Z,1.2159,1,SYNTH
2026-03-12 19:06:33.020Z,1.2154,2,SYNTH
2026-03-12 19:06:34.548Z,1.2141,3,SYNTH
2026-03-12 19:06:35.669Z,1.2153,2,SYNTH
2026-03-12 19:06:36.596Z,1.2169,3,SYNTH
2026-03-12 19:06:37.310Z,1.2146,3,SYNTH
2026-03-12 19:06:38.026Z,1.2139,1,SYNTH
2026-03-12 19:06:39.863Z,1.2141,1,SYNTH
2026-03-12 19:06:40.511Z,1.2129,1,SYNTH
2026-03-12 19:06:41.530Z,1.2132,2,SYNTH
2026-03-12 19:06:42.003Z,1.2124,2,SYNTH
2026-03-12 19:06:43.141Z,1.2106,1,SYNTH
2026-03-12 19:06:44.453Z,1.2094,1,SYNTH
2026-03-12 19:06:45.068Z,1.2104,1,SYNTH
2026-03-12 19:06:46.163Z,1.2094,1,SYNTH
2026-03-12 19:06:47.759Z,1.2080,1,SYNTH
2026-03-12 19:06:48.115Z,1.2080,1,SYNTH
2026-03-12 19:06:49.432Z,1.2070,1,SYNTH
2026-03-12 19:06:50.579Z,1.2059,1,SYNTH
2026-03-12 19:06:51.411Z,1.2058,2,SYNTH
2026-03-12 19:06:52.128Z,1.2053,2,SYNTH
2026-03-12 19:06:53.338Z,1.2055,2,SYNTH
2026-03-12 19:06:54.522Z,1.2031,2,SYNTH
2026-03-12 19:06:55.822Z,1.2041,4,SYNTH
2026-03-12 19:06:56.323Z,1.2030,2,SYNTH
2026-03-12 19:06:57.512Z,1.2030,4,SYNTH
2026-03-12 19:06:58.832Z,1.2051,2,SYNTH
2026-03-12 19:06:59.255Z,1.2064,1,SYNTH
2026-03-12 19:07:00.563Z,1.2075,2,SYNTH
2026-03-12 19:07:01.426Z,1.2043,1,SYNTH
2026-03-12 19:07:02.625Z,1.2061,1,SYNTH
2026-03-12 19:07:03.263Z,1.2039,3,SYNTH
2026-03-12 19:07:04.327Z,1.2076,2,SYNTH
2026-03-12 19:07:05.753Z,1.2075,2,SYNTH
2026-03-12 19:07:06.349Z,1.2058,2,SYNTH
2026-03-12 19:07:07.009Z,1.2072,2,SYNTH
2026-03-12 19:07:08.834Z,1.2048,1,SYNTH
2026-03-12 19:07:09.850Z,1.2054,1,SYNTH
2026-03-12 19:07:10.788Z,1.2036,2,SYNTH
2026-03-12 19:07:11.183Z,1.2033,2,SYNTH
2026-03-12 19:07:12.534Z,1.2054,2,SYNTH
2026-03-12 19:07:13.723Z,1.2030,2,SYNTH
2026-03-12 19:07:14.173Z,1.2054,1,SYNTH
2026-03-12 19:07:15.241Z,1.2050,1,SYNTH
2026-03-12 19:07:16.368Z,1.2046,3,SYNTH
2026-03-12 19:07:17.467Z,1.2065,2,SYNTH
2026-03-12 19:06:18.336Z,1.2057,1,SYNTH
2026-03-12 19:06:19.510Z,1.2056,1,SYNTH
2026-03-12 19:06:20.580Z,1.2031,1,SYNTH
2026-03-12 19:06:21.863Z,1.2062,1,SYNTH
2026-03-12 19:06:22.650Z,1.2056,1,SYNTH
2026-03-12 19:06:23.215Z,1.2053,1,SYNTH
2026-03-12 19:06:24.709Z,1.2043,1,SYNTH
2026-03-12 19:06:25.653Z,1.2053,1,SYNTH
2026-03-12 19:06:26.005Z,1.2063,1,SYNTH
2026-03-12 19:06:27.853Z,1.2041,1,SYNTH
2026-03-12 19:06:28.687Z,1.2063,1,SYNTH
2026-03-12 19:06:29.857Z,1.2031,1,SYNTH
2026-03-12 19:06:30.772Z,1.2061,1,SYNTH
2026-03-12 19:06:31.633Z,1.2062,1,SYNTH
2026-03-12 19:06:32.112Z,1.2042,1,SYNTH
2026-03-12 19:06:33.010Z,1.2057,1,SYNTH
2026-03-12 19:06:34.459Z,1.2058,1,SYNTH
2026-03-12 19:06:35.582Z,1.2066,1,SYNTH
2026-03-12 19:06:36.430Z,1.2058,1,SYNTH
2026-03-12 19:06:37.646Z,1.2047,1,SYNTH
2026-03-12 19:06:38.747Z,1.2061,1,SYNTH
2026-03-12 19:06:39.577Z,1.2040,1,SYNTH
2026-03-12 19:06:40.860Z,1.2063,1,SYNTH
2026-03-12 19:06:41.277Z,1.2068,1,SYNTH
2026-03-12 19:06:42.171Z,1.2028,1,SYNTH
2026-03-12 19:06:43.439Z,1.2068,1,SYNTH
2026-03-12 19:06:44.433Z,1.2061,1,SYNTH
2026-03-12 19:06:45.302Z,1.2043,1,SYNTH
2026-03-12 19:06:46.303Z,1.2044,1,SYNTH
2026-03-12 19:06:47.650Z,1.2070,1,SYNTH
2026-03-12 19:06:48.744Z,1.2043,1,SYNTH
2026-03-12 19:06:49.467Z,1.2051,1,SYNTH
2026-03-12 19:06:50.815Z,1.2030,1,SYNTH
2026-03-12 19:06:51.477Z,1.2054,1,SYNTH
2026-03-12 19:06:52.890Z,1.2062,1,SYNTH
2026-03-12 19:06:53.131Z,1.2037,1,SYNTH
2026-03-12 19:06:54.107Z,1.2051,1,SYNTH
2026-03-12 19:06:55.002Z,1.2049,1,SYNTH
2026-03-12 19:06:56.075Z,1.2065,1,SYNTH
2026-03-12 19:06:57.624Z,1.2054,1,SYNTH
2026-03-12 19:06:58.044Z,1.2046,1,SYNTH
2026-03-12 19:06:59.125Z,1.2062,1,SYNTH
2026-03-12 19:07:00.063Z,1.2047,1,SYNTH
2026-03-12 19:07:01.655Z,1.2051,1,SYNTH
2026-03-12 19:07:02.118Z,1.2032,1,SYNTH
2026-03-12 19:07:03.588Z,1.2067,1,SYNTH
2026-03-12 19:07:04.767Z,1.2033,1,SYNTH
2026-03-12 19:07:05.896Z,1.2044,1,SYNTH
2026-03-12 19:07:06.869Z,1.2070,1,SYNTH
2026-03-12 19:07:07.639Z,1.2032,1,SYNTH
2026-03-12 19:07:08.149Z,1.2052,1,SYNTH
2026-03-12 19:07:09.814Z,1.2033,1,SYNTH
2026-03-12 19:07:10.434Z,1.2066,1,SYNTH
2026-03-12 19:07:11.332Z,1.2048,1,SYNTH
2026-03-12 19:07:12.689Z,1.2032,1,SYNTH
2026-03-12 19:07:13.797Z,1.2038,1,SYNTH
2026-03-12 19:07:14.705Z,1.2065,1,SYNTH
2026-03-12 19:07:15.476Z,1.2036,1,SYNTH
2026-03-12 19:07:16.724Z,1.2058,1,SYNTH
2026-03-12 19:07:17.718Z,1.2061,1,SYNTH
2026-03-12 19:06:18.653Z,1.2112,2,SYNTH
2026-03-12 19:06:19.876Z,1.2115,2,SYNTH
2026-03-12 19:06:20.194Z,1.2075,2,SYNTH
2026-03-12 19:06:21.872Z,1.2078,3,SYNTH
2026-03-12 19:06:22.285Z,1.2078,2,SYNTH
2026-03-12 19:06:23.479Z,1.2059,2,SYNTH
2026-03-12 19:06:24.222Z,1.2066,2,SYNTH
2026-03-12 19:06:25.496Z,1.2048,2,SYNTH
2026-03-12 19:06:26.506Z,1.2057,2,SYNTH
2026-03-12 19:06:27.062Z,1.2036,2,SYNTH
2026-03-12 19:06:28.038Z,1.2036,1,SYNTH
2026-03-12 19:06:29.518Z,1.2033,4,SYNTH
2026-03-12 19:06:30.435Z,1.2041,5,SYNTH
2026-03-12 19:06:31.604Z,1.2063,4,SYNTH
2026-03-12 19:06:32.566Z,1.2073,2,SYNTH
2026-03-12 19:06:33.384Z,1.2073,2,SYNTH
2026-03-12 19:06:34.510Z,1.2080,2,SYNTH
2026-03-12 19:06:35.498Z,1.2080,2,SYNTH
2026-03-12 19:06:36.401Z,1.2074,4,SYNTH
2026-03-12 19:06:37.599Z,1.2065,3,SYNTH
2026-03-12 19:06:38.148Z,1.2077,1,SYNTH
2026-03-12 19:06:39.137Z,1.2063,1,SYNTH
2026-03-12 19:06:40.411Z,1.2081,1,SYNTH
2026-03-12 19:06:41.059Z,1.2097,1,SYNTH
2026-03-12 19:06:42.708Z,1.2086,2,SYNTH
2026-03-12 19:06:43.327Z,1.2091,1,SYNTH
2026-03-12 19:06:44.862Z,1.2106,2,SYNTH
2026-03-12 19:06:45.461Z,1.2116,1,SYNTH
2026-03-12 19:06:46.268Z,1.2118,1,SYNTH
2026-03-12 19:06:47.079Z,1.2123,2,SYNTH
2026-03-12 19:06:48.794Z,1.2124,2,SYNTH
2026-03-12 19:06:49.457Z,1.2129,1,SYNTH
2026-03-12 19:06:50.805Z,1.2144,1,SYNTH
2026-03-12 19:06:51.768Z,1.2134,2,SYNTH
2026-03-12 19:06:52.590Z,1.2157,1,SYNTH
2026-03-12 19:06:53.253Z,1.2163,1,SYNTH
2026-03-12 19:06:54.748Z,1.2154,1,SYNTH
2026-03-12 19:06:55.273Z,1.2147,3,SYNTH
