TimestampUtc,Price,Size,Exchange
2026-03-09 13:30:00.105Z,3.4414,61,SYNTH
2026-03-09 13:30:01.682Z,3.4410,47,SYNTH
2026-03-09 13:30:02.578Z,3.4425,53,SYNTH
2026-03-09 13:30:03.587Z,3.4421,38,SYNTH
2026-03-09 13:30:04.727Z,3.4386,58,SYNTH
2026-03-09 13:30:05.436Z,3.4392,39,SYNTH
2026-03-09 13:30:06.238Z,3.4411,34,SYNTH
2026-03-09 13:30:07.537Z,3.4391,39,SYNTH
2026-03-09 13:30:08.286Z,3.4407,29,SYNTH
2026-03-09 13:30:09.003Z,3.4387,41,SYNTH
2026-03-09 13:30:10.854Z,3.4405,35,SYNTH
2026-03-09 13:30:11.063Z,3.4410,105,SYNTH
2026-03-09 13:30:12.347Z,3.4408,94,SYNTH
2026-03-09 13:30:13.150Z,3.4382,67,SYNTH
2026-03-09 13:30:14.687Z,3.4409,45,SYNTH
2026-03-09 13:30:15.223Z,3.4409,24,SYNTH
2026-03-09 13:30:16.324Z,3.4395,45,SYNTH
2026-03-09 13:30:17.800Z,3.4412,60,SYNTH
2026-03-09 13:30:18.637Z,3.4383,47,SYNTH
2026-03-09 13:30:19.049Z,3.4411,41,SYNTH
2026-03-09 13:30:20.358Z,3.4397,39,SYNTH
2026-03-09 13:30:21.508Z,3.4404,28,SYNTH
2026-03-09 13:30:22.252Z,3.4421,24,SYNTH
2026-03-09 13:30:23.438Z,3.4378,34,SYNTH
2026-03-09 13:30:24.480Z,3.4417,19,SYNTH
2026-03-09 13:30:25.803Z,3.4387,35,SYNTH
2026-03-09 13:30:26.088Z,3.4416,25,SYNTH
2026-03-09 13:30:27.500Z,3.4380,34,SYNTH
2026-03-09 13:30:28.724Z,3.4421,22,SYNTH
2026-03-09 13:30:29.854Z,3.4390,29,SYNTH
2026-03-09 13:30:30.536Z,3.4408,40,SYNTH
2026-03-09 13:30:31.837Z,3.4426,34,SYNTH
2026-03-09 13:30:32.735Z,3.4382,33,SYNTH
2026-03-09 13:30:33.428Z,3.4384,22,SYNTH
2026-03-09 13:30:34.476Z,3.4415,22,SYNTH
2026-03-09 13:30:35.187Z,3.4401,31,SYNTH
2026-03-09 13:30:36.099Z,3.4392,31,SYNTH
2026-03-09 13:30:37.057Z,3.4422,104,SYNTH
2026-03-09 13:30:38.459Z,3.4385,59,SYNTH
2026-03-09 13:30:39.538Z,3.4383,73,SYNTH
2026-03-09 13:30:40.681Z,3.4399,60,SYNTH
2026-03-09 13:30:41.301Z,3.4404,23,SYNTH
2026-03-09 13:30:42.442Z,3.4414,42,SYNTH
2026-03-09 13:30:43.360Z,3.4375,28,SYNTH
2026-03-09 13:30:44.160Z,3.4423,32,SYNTH
2026-03-09 13:30:45.215Z,3.4396,44,SYNTH
2026-03-09 13:30:46.864Z,3.4422,70,SYNTH
2026-03-09 13:30:47.589Z,3.4382,43,SYNTH
2026-03-09 13:30:48.649Z,3.4416,49,SYNTH
2026-03-09 13:30:49.760Z,3.4387,51,SYNTH
2026-03-09 13:30:50.641Z,3.4378,30,SYNTH
2026-03-09 13:30:51.655Z,3.4401,36,SYNTH
2026-03-09 13:30:52.277Z,3.4409,33,SYNTH
2026-03-09 13:30:53.305Z,3.4409,54,SYNTH
2026-03-09 13:30:54.739Z,3.4380,34,SYNTH
2026-03-09 13:30:55.127Z,3.4419,41,SYNTH
2026-03-09 13:30:56.289Z,3.4409,36,SYNTH
2026-03-09 13:30:57.334Z,3.4386,28,SYNTH
2026-03-09 13:30:58.354Z,3.4376,36,SYNTH
2026-03-09 13:30:59.571Z,3.4401,36,SYNTH
2026-03-09 13:35:00.144Z,3.4055,9,SYNTH
2026-03-09 13:35:01.075Z,3.4034,8,SYNTH
2026-03-09 13:35:02.151Z,3.4044,11,SYNTH
2026-03-09 13:35:03.403Z,3.4076,11,SYNTH
2026-03-09 13:35:04.615Z,3.4026,10,SYNTH
2026-03-09 13:35:05.458Z,3.4072,11,SYNTH
2026-03-09 13:35:06.606Z,3.4066,11,SYNTH
2026-03-09 13:35:07.481Z,3.4044,10,SYNTH
2026-03-09 13:35:08.857Z,3.4060,11,SYNTH
2026-03-09 13:35:09.597Z,3.4057,5,SYNTH
2026-03-09 13:35:10.351Z,3.4074,11,SYNTH
2026-03-09 13:35:11.559Z,3.4044,12,SYNTH
2026-03-09 13:35:12.747Z,3.4068,24,SYNTH
2026-03-09 13:35:13.568Z,3.4034,18,SYNTH
2026-03-09 13:35:14.746Z,3.4068,10,SYNTH
2026-03-09 13:35:15.363Z,3.4062,9,SYNTH
2026-03-09 13:35:16.311Z,3.4034,15,SYNTH
2026-03-09 13:35:17.036Z,3.4039,9,SYNTH
2026-03-09 13:35:18.376Z,3.4052,8,SYNTH
2026-03-09 13:35:19.339Z,3.4067,9,SYNTH
2026-03-09 13:35:20.806Z,3.4029,4,SYNTH
2026-03-09 13:35:21.087Z,3.4052,7,SYNTH
2026-03-09 13:35:22.378Z,3.4063,6,SYNTH
2026-03-09 13:35:23.635Z,3.4042,7,SYNTH
2026-03-09 13:35:24.614Z,3.4045,6,SYNTH
2026-03-09 13:35:25.810Z,3.4061,4,SYNTH
2026-03-09 13:35:26.095Z,3.4040,7,SYNTH
2026-03-09 13:35:27.682Z,3.4060,5,SYNTH
2026-03-09 13:35:28.620Z,3.4038,8,SYNTH
2026-03-09 13:35:29.564Z,3.4031,9,SYNTH
2026-03-09 13:35:30.225Z,3.4064,8,SYNTH
2026-03-09 13:35:31.095Z,3.4053,8,SYNTH
2026-03-09 13:35:32.200Z,3.4059,6,SYNTH
2026-03-09 13:35:33.562Z,3.4070,7,SYNTH
2026-03-09 13:35:34.549Z,3.4048,7,SYNTH
2026-03-09 13:35:35.657Z,3.4034,7,SYNTH
2026-03-09 13:35:36.543Z,3.4059,7,SYNTH
2026-03-09 13:35:37.699Z,3.4034,18,SYNTH
2026-03-09 13:35:38.876Z,3.4049,10,SYNTH
2026-03-09 13:35:39.346Z,3.4037,18,SYNTH
2026-03-09 13:35:40.545Z,3.4072,13,SYNTH
2026-03-09 13:35:41.390Z,3.4030,8,SYNTH
2026-03-09 13:35:42.816Z,3.4064,4,SYNTH
2026-03-09 13:35:43.458Z,3.4062,5,SYNTH
2026-03-09 13:35:44.670Z,3.4041,4,SYNTH
2026-03-09 13:35:45.206Z,3.4034,11,SYNTH
2026-03-09 13:35:46.256Z,3.4063,10,SYNTH
2026-03-09 13:35:47.458Z,3.4075,8,SYNTH
2026-03-09 13:35:48.619Z,3.4038,8,SYNTH
2026-03-09 13:35:49.560Z,3.4070,7,SYNTH
2026-03-09 13:35:50.239Z,3.4032,10,SYNTH
2026-03-09 13:35:51.399Z,3.4035,7,SYNTH
2026-03-09 13:35:52.698Z,3.4070,10,SYNTH
2026-03-09 13:35:53.465Z,3.4035,9,SYNTH
2026-03-09 13:35:54.260Z,3.4043,9,SYNTH
2026-03-09 13:35:55.568Z,3.4050,12,SYNTH
2026-03-09 13:35:56.561Z,3.4056,12,SYNTH
2026-03-09 13:35:57.226Z,3.4060,6,SYNTH
2026-03-09 13:35:58.116Z,3.4036,8,SYNTH
2026-03-09 13:35:59.438Z,3.4031,10,SYNTH
2026-03-09 13:38:00.156Z,3.3701,36,SYNTH
2026-03-09 13:38:01.067Z,3.3687,32,SYNTH
2026-03-09 13:38:02.757Z,3.3707,23,SYNTH
2026-03-09 13:38:03.028Z,3.3688,32,SYNTH
2026-03-09 13:38:04.090Z,3.3712,43,SYNTH
2026-03-09 13:38:05.555Z,3.3705,23,SYNTH
2026-03-09 13:38:06.004Z,3.3701,23,SYNTH
2026-03-09 13:38:07.312Z,3.3693,26,SYNTH
2026-03-09 13:38:08.612Z,3.3680,32,SYNTH
2026-03-09 13:38:09.141Z,3.3708,39,SYNTH
2026-03-09 13:38:10.078Z,3.3690,22,SYNTH
2026-03-09 13:38:11.371Z,3.3689,92,SYNTH
2026-03-09 13:38:12.627Z,3.3717,60,SYNTH
2026-03-09 13:38:13.031Z,3.3684,58,SYNTH
2026-03-09 13:38:14.830Z,3.3708,18,SYNTH
2026-03-09 13:38:15.358Z,3.3678,27,SYNTH
2026-03-09 13:38:16.003Z,3.3690,49,SYNTH
2026-03-09 13:38:17.328Z,3.3712,63,SYNTH
2026-03-09 13:38:18.746Z,3.3681,32,SYNTH
2026-03-09 13:38:19.541Z,3.3671,28,SYNTH
2026-03-09 13:38:20.705Z,3.3656,25,SYNTH
2026-03-09 13:38:21.204Z,3.3655,29,SYNTH
2026-03-09 13:38:22.200Z,3.3603,28,SYNTH
2026-03-09 13:38:23.873Z,3.3565,17,SYNTH
2026-03-09 13:38:24.682Z,3.3537,19,SYNTH
2026-03-09 13:38:25.294Z,3.3486,21,SYNTH
2026-03-09 13:38:26.573Z,3.3436,32,SYNTH
2026-03-09 13:38:27.079Z,3.3392,32,SYNTH
2026-03-09 13:38:28.052Z,3.3332,32,SYNTH
2026-03-09 13:38:29.201Z,3.3287,19,SYNTH
2026-03-09 13:38:30.634Z,3.3233,29,SYNTH
2026-03-09 13:38:31.468Z,3.3200,16,SYNTH
2026-03-09 13:38:32.097Z,3.3142,32,SYNTH
2026-03-09 13:38:33.805Z,3.3105,28,SYNTH
2026-03-09 13:38:34.584Z,3.3068,27,SYNTH
2026-03-09 13:38:35.348Z,3.3023,26,SYNTH
2026-03-09 13:38:36.561Z,3.3013,28,SYNTH
2026-03-09 13:38:37.153Z,3.2999,68,SYNTH
2026-03-09 13:38:38.265Z,3.2988,51,SYNTH
2026-03-09 13:38:39.743Z,3.2983,37,SYNTH
2026-03-09 13:38:40.205Z,3.3009,64,SYNTH
2026-03-09 13:38:41.477Z,3.3023,25,SYNTH
2026-03-09 13:38:42.894Z,3.3025,16,SYNTH
2026-03-09 13:38:43.670Z,3.3037,30,SYNTH
2026-03-09 13:38:44.515Z,3.3047,33,SYNTH
2026-03-09 13:38:45.850Z,3.3068,42,SYNTH
2026-03-09 13:38:46.317Z,3.3085,34,SYNTH
2026-03-09 13:38:47.361Z,3.3049,31,SYNTH
2026-03-09 13:38:48.414Z,3.3081,23,SYNTH
2026-03-09 13:38:49.877Z,3.3054,18,SYNTH
2026-03-09 13:38:50.744Z,3.3084,18,SYNTH
2026-03-09 13:38:51.588Z,3.3087,23,SYNTH
2026-03-09 13:38:52.871Z,3.3094,38,SYNTH
2026-03-09 13:38:53.246Z,3.3097,22,SYNTH
2026-03-09 13:38:54.390Z,3.3103,20,SYNTH
2026-03-09 13:38:55.028Z,3.3095,40,SYNTH
2026-03-09 13:38:56.281Z,3.3077,38,SYNTH
2026-03-09 13:38:57.149Z,3.3110,47,SYNTH
2026-03-09 13:38:58.630Z,3.3080,25,SYNTH
2026-03-09 13:38:59.671Z,3.3110,34,SYNTH
2026-03-09 13:40:00.829Z,3.2801,51,SYNTH
2026-03-09 13:40:01.055Z,3.2811,41,SYNTH
2026-03-09 13:40:02.207Z,3.2786,26,SYNTH
2026-03-09 13:40:03.078Z,3.2815,34,SYNTH
2026-03-09 13:40:04.848Z,3.2779,38,SYNTH
2026-03-09 13:40:05.336Z,3.2806,27,SYNTH
2026-03-09 13:40:06.486Z,3.2782,22,SYNTH
2026-03-09 13:40:07.344Z,3.2818,35,SYNTH
2026-03-09 13:40:08.855Z,3.2785,34,SYNTH
2026-03-09 13:40:09.081Z,3.2777,38,SYNTH
2026-03-09 13:40:10.397Z,3.2825,31,SYNTH
2026-03-09 13:40:11.163Z,3.2792,81,SYNTH
2026-03-09 13:40:12.625Z,3.2790,88,SYNTH
2026-03-09 13:40:13.593Z,3.2774,83,SYNTH
2026-03-09 13:40:14.659Z,3.2812,38,SYNTH
2026-03-09 13:40:15.204Z,3.2793,33,SYNTH
2026-03-09 13:40:16.394Z,3.2815,67,SYNTH
2026-03-09 13:40:17.218Z,3.2819,44,SYNTH
2026-03-09 13:40:18.306Z,3.2775,65,SYNTH
2026-03-09 13:40:19.553Z,3.2812,33,SYNTH
2026-03-09 13:40:20.331Z,3.2812,32,SYNTH
2026-03-09 13:40:21.193Z,3.2826,25,SYNTH
2026-03-09 13:40:22.808Z,3.2789,24,SYNTH
2026-03-09 13:40:23.397Z,3.2822,19,SYNTH
2026-03-09 13:40:24.520Z,3.2829,34,SYNTH
2026-03-09 13:40:25.130Z,3.2827,30,SYNTH
2026-03-09 13:40:26.314Z,3.2851,21,SYNTH
2026-03-09 13:40:27.686Z,3.2860,30,SYNTH
2026-03-09 13:40:28.172Z,3.2871,18,SYNTH
2026-03-09 13:40:29.304Z,3.2875,28,SYNTH
2026-03-09 13:40:30.348Z,3.2865,28,SYNTH
2026-03-09 13:40:31.663Z,3.2881,23,SYNTH
2026-03-09 13:40:32.768Z,3.2880,20,SYNTH
2026-03-09 13:40:33.092Z,3.2893,26,SYNTH
2026-03-09 13:40:34.319Z,3.2893,25,SYNTH
2026-03-09 13:40:35.224Z,3.2902,28,SYNTH
2026-03-09 13:40:36.036Z,3.2913,24,SYNTH
2026-03-09 13:40:37.197Z,3.2922,55,SYNTH
2026-03-09 13:40:38.050Z,3.2897,88,SYNTH
2026-03-09 13:40:39.404Z,3.2896,88,SYNTH
2026-03-09 13:40:40.775Z,3.2879,75,SYNTH
2026-03-09 13:40:41.439Z,3.2913,31,SYNTH
2026-03-09 13:40:42.154Z,3.2880,28,SYNTH
2026-03-09 13:40:43.422Z,3.2867,30,SYNTH
2026-03-09 13:40:44.510Z,3.2862,33,SYNTH
2026-03-09 13:40:45.322Z,3.2897,33,SYNTH
2026-03-09 13:40:46.866Z,3.2863,55,SYNTH
2026-03-09 13:40:47.742Z,3.2853,47,SYNTH
2026-03-09 13:40:48.209Z,3.2882,30,SYNTH
2026-03-09 13:40:49.608Z,3.2845,32,SYNTH
2026-03-09 13:40:50.271Z,3.2870,35,SYNTH
2026-03-09 13:40:51.799Z,3.2849,28,SYNTH
2026-03-09 13:40:52.801Z,3.2836,21,SYNTH
2026-03-09 13:40:53.717Z,3.2822,28,SYNTH
2026-03-09 13:40:54.680Z,3.2819,28,SYNTH
2026-03-09 13:40:55.531Z,3.2815,30,SYNTH
2026-03-09 13:40:56.321Z,3.2806,24,SYNTH
2026-03-09 13:40:57.527Z,3.2791,49,SYNTH
2026-03-09 13:40:58.017Z,3.2810,37,SYNTH
2026-03-09 13:40:59.118Z,3.2798,48,SYNTH
2026-03-09 13:45:00.015Z,3.2808,20,SYNTH
2026-03-09 13:45:01.114Z,3.2796,18,SYNTH
2026-03-09 13:45:02.029Z,3.2785,16,SYNTH
2026-03-09 13:45:03.275Z,3.2812,13,SYNTH
2026-03-09 13:45:04.349Z,3.2785,20,SYNTH
2026-03-09 13:45:05.771Z,3.2789,15,SYNTH
2026-03-09 13:45:06.642Z,3.2810,16,SYNTH
2026-03-09 13:45:07.792Z,3.2812,12,SYNTH
2026-03-09 13:45:08.750Z,3.2799,15,SYNTH
2026-03-09 13:45:09.873Z,3.2787,15,SYNTH
2026-03-09 13:45:10.350Z,3.2818,11,SYNTH
2026-03-09 13:45:11.385Z,3.2785,25,SYNTH
2026-03-09 13:45:12.823Z,3.2822,20,SYNTH
2026-03-09 13:45:13.521Z,3.2816,28,SYNTH
2026-03-09 13:45:14.710Z,3.2790,10,SYNTH
2026-03-09 13:45:15.330Z,3.2811,13,SYNTH
2026-03-09 13:45:16.578Z,3.2782,19,SYNTH
2026-03-09 13:45:17.279Z,3.2800,19,SYNTH
2026-03-09 13:45:18.505Z,3.2810,15,SYNTH
2026-03-09 13:45:19.867Z,3.2807,26,SYNTH
2026-03-09 13:45:20.085Z,3.2825,10,SYNTH
2026-03-09 13:45:21.099Z,3.2790,6,SYNTH
2026-03-09 13:45:22.532Z,3.2817,13,SYNTH
2026-03-09 13:45:23.002Z,3.2791,9,SYNTH
2026-03-09 13:45:24.289Z,3.2814,12,SYNTH
2026-03-09 13:45:25.770Z,3.2824,12,SYNTH
2026-03-09 13:45:26.676Z,3.2785,10,SYNTH
2026-03-09 13:45:27.844Z,3.2807,13,SYNTH
2026-03-09 13:45:28.435Z,3.2786,12,SYNTH
2026-03-09 13:45:29.146Z,3.2807,6,SYNTH
2026-03-09 13:45:30.505Z,3.2791,9,SYNTH
2026-03-09 13:45:31.011Z,3.2829,7,SYNTH
2026-03-09 13:45:32.463Z,3.2796,13,SYNTH
2026-03-09 13:45:33.771Z,3.2793,13,SYNTH
2026-03-09 13:45:34.189Z,3.2802,8,SYNTH
2026-03-09 13:45:35.519Z,3.2813,11,SYNTH
2026-03-09 13:45:36.128Z,3.2782,11,SYNTH
2026-03-09 13:45:37.278Z,3.2779,28,SYNTH
2026-03-09 13:45:38.668Z,3.2807,17,SYNTH
2026-03-09 13:45:39.652Z,3.2787,27,SYNTH
2026-03-09 13:45:40.051Z,3.2802,32,SYNTH
2026-03-09 13:45:41.748Z,3.2781,8,SYNTH
2026-03-09 13:45:42.188Z,3.2827,13,SYNTH
2026-03-09 13:45:43.452Z,3.2782,9,SYNTH
2026-03-09 13:45:44.647Z,3.2797,11,SYNTH
2026-03-09 13:45:45.387Z,3.2809,14,SYNTH
2026-03-09 13:45:46.040Z,3.2812,15,SYNTH
2026-03-09 13:45:47.351Z,3.2786,25,SYNTH
2026-03-09 13:45:48.596Z,3.2829,10,SYNTH
2026-03-09 13:45:49.480Z,3.2786,15,SYNTH
2026-03-09 13:45:50.285Z,3.2801,16,SYNTH
2026-03-09 13:45:51.257Z,3.2795,14,SYNTH
2026-03-09 13:45:52.652Z,3.2803,19,SYNTH
2026-03-09 13:45:53.761Z,3.2813,11,SYNTH
2026-03-09 13:45:54.147Z,3.2795,19,SYNTH
2026-03-09 13:45:55.633Z,3.2790,17,SYNTH
2026-03-09 13:45:56.033Z,3.2777,20,SYNTH
2026-03-09 13:45:57.722Z,3.2802,11,SYNTH
2026-03-09 13:45:58.106Z,3.2808,17,SYNTH
2026-03-09 13:45:59.388Z,3.2804,12,SYNTH
2026-03-09 13:57:00.714Z,3.2508,7,SYNTH
2026-03-09 13:57:01.104Z,3.2474,6,SYNTH
2026-03-09 13:57:02.766Z,3.2510,6,SYNTH
2026-03-09 13:57:03.500Z,3.2484,5,SYNTH
2026-03-09 13:57:04.730Z,3.2509,10,SYNTH
2026-03-09 13:57:05.611Z,3.2489,7,SYNTH
2026-03-09 13:57:06.798Z,3.2520,5,SYNTH
2026-03-09 13:57:07.024Z,3.2483,8,SYNTH
2026-03-09 13:57:08.638Z,3.2482,4,SYNTH
2026-03-09 13:57:09.448Z,3.2502,6,SYNTH
2026-03-09 13:57:10.026Z,3.2512,4,SYNTH
2026-03-09 13:57:11.116Z,3.2510,14,SYNTH
2026-03-09 13:57:12.588Z,3.2506,12,SYNTH
2026-03-09 13:57:13.402Z,3.2507,19,SYNTH
2026-03-09 13:57:14.234Z,3.2489,8,SYNTH
2026-03-09 13:57:15.594Z,3.2491,5,SYNTH
2026-03-09 13:57:16.440Z,3.2507,10,SYNTH
2026-03-09 13:57:17.465Z,3.2514,8,SYNTH
2026-03-09 13:57:18.854Z,3.2490,10,SYNTH
2026-03-09 13:57:19.677Z,3.2495,10,SYNTH
2026-03-09 13:57:20.874Z,3.2500,4,SYNTH
2026-03-09 13:57:21.660Z,3.2507,3,SYNTH
2026-03-09 13:57:22.563Z,3.2482,4,SYNTH
2026-03-09 13:57:23.806Z,3.2517,4,SYNTH
2026-03-09 13:57:24.432Z,3.2479,7,SYNTH
2026-03-09 13:57:25.289Z,3.2517,4,SYNTH
2026-03-09 13:57:26.849Z,3.2523,6,SYNTH
2026-03-09 13:57:27.125Z,3.2494,6,SYNTH
2026-03-09 13:57:28.610Z,3.2509,4,SYNTH
2026-03-09 13:57:29.773Z,3.2525,4,SYNTH
2026-03-09 13:57:30.315Z,3.2484,3,SYNTH
2026-03-09 13:57:31.480Z,3.2519,3,SYNTH
2026-03-09 13:57:32.888Z,3.2478,5,SYNTH
2026-03-09 13:57:33.880Z,3.2474,7,SYNTH
2026-03-09 13:57:34.822Z,3.2523,7,SYNTH
2026-03-09 13:57:35.578Z,3.2512,7,SYNTH
2026-03-09 13:57:36.189Z,3.2483,5,SYNTH
2026-03-09 13:57:37.153Z,3.2510,8,SYNTH
2026-03-09 13:57:38.083Z,3.2490,8,SYNTH
2026-03-09 13:57:39.870Z,3.2501,15,SYNTH
2026-03-09 13:57:40.499Z,3.2494,12,SYNTH
2026-03-09 13:57:41.243Z,3.2524,6,SYNTH
2026-03-09 13:57:42.859Z,3.2488,7,SYNTH
2026-03-09 13:57:43.116Z,3.2475,6,SYNTH
2026-03-09 13:57:44.413Z,3.2496,6,SYNTH
2026-03-09 13:57:45.494Z,3.2521,9,SYNTH
2026-03-09 13:57:46.333Z,3.2493,9,SYNTH
2026-03-09 13:57:47.376Z,3.2510,6,SYNTH
2026-03-09 13:57:48.018Z,3.2480,5,SYNTH
2026-03-09 13:57:49.010Z,3.2516,5,SYNTH
2026-03-09 13:57:50.203Z,3.2487,9,SYNTH
2026-03-09 13:57:51.417Z,3.2512,6,SYNTH
2026-03-09 13:57:52.444Z,3.2518,7,SYNTH
2026-03-09 13:57:53.771Z,3.2481,7,SYNTH
2026-03-09 13:57:54.299Z,3.2505,10,SYNTH
2026-03-09 13:57:55.164Z,3.2480,6,SYNTH
2026-03-09 13:57:56.722Z,3.2519,4,SYNTH
2026-03-09 13:57:57.849Z,3.2480,5,SYNTH
2026-03-09 13:57:58.879Z,3.2510,5,SYNTH
2026-03-09 13:57:59.016Z,3.2510,9,SYNTH
2026-03-09 14:02:00.038Z,3.2653,12,SYNTH
2026-03-09 14:02:01.363Z,3.2648,25,SYNTH
2026-03-09 14:02:02.823Z,3.2637,17,SYNTH
2026-03-09 14:02:03.656Z,3.2657,17,SYNTH
2026-03-09 14:02:04.743Z,3.2618,16,SYNTH
2026-03-09 14:02:05.317Z,3.2665,19,SYNTH
2026-03-09 14:02:06.774Z,3.2631,21,SYNTH
2026-03-09 14:02:07.852Z,3.2635,20,SYNTH
2026-03-09 14:02:08.756Z,3.2653,23,SYNTH
2026-03-09 14:02:09.784Z,3.2616,9,SYNTH
2026-03-09 14:02:10.403Z,3.2652,22,SYNTH
2026-03-09 14:02:11.655Z,3.2618,39,SYNTH
2026-03-09 14:02:12.015Z,3.2650,21,SYNTH
2026-03-09 14:02:13.180Z,3.2618,47,SYNTH
2026-03-09 14:02:14.735Z,3.2644,13,SYNTH
2026-03-09 14:02:15.028Z,3.2650,9,SYNTH
2026-03-09 14:02:16.387Z,3.2634,17,SYNTH
2026-03-09 14:02:17.070Z,3.2631,23,SYNTH
2026-03-09 14:02:18.413Z,3.2632,16,SYNTH
2026-03-09 14:02:19.485Z,3.2618,14,SYNTH
2026-03-09 14:02:20.627Z,3.2649,16,SYNTH
2026-03-09 14:02:21.796Z,3.2636,13,SYNTH
2026-03-09 14:02:22.264Z,3.2633,15,SYNTH
2026-03-09 14:02:23.000Z,3.2620,17,SYNTH
2026-03-09 14:02:24.144Z,3.2657,12,SYNTH
2026-03-09 14:02:25.655Z,3.2633,15,SYNTH
2026-03-09 14:02:26.391Z,3.2655,13,SYNTH
2026-03-09 14:02:27.716Z,3.2623,14,SYNTH
2026-03-09 14:02:28.058Z,3.2638,13,SYNTH
2026-03-09 14:02:29.769Z,3.2655,8,SYNTH
2026-03-09 14:02:30.129Z,3.2661,10,SYNTH
2026-03-09 14:02:31.521Z,3.2634,13,SYNTH
2026-03-09 14:02:32.061Z,3.2621,16,SYNTH
2026-03-09 14:02:33.212Z,3.2647,16,SYNTH
2026-03-09 14:02:34.704Z,3.2624,12,SYNTH
2026-03-09 14:02:35.702Z,3.2656,7,SYNTH
2026-03-09 14:02:36.356Z,3.2655,9,SYNTH
2026-03-09 14:02:37.220Z,3.2634,44,SYNTH
2026-03-09 14:02:38.475Z,3.2650,29,SYNTH
2026-03-09 14:02:39.479Z,3.2639,27,SYNTH
2026-03-09 14:02:40.799Z,3.2665,20,SYNTH
2026-03-09 14:02:41.178Z,3.2623,9,SYNTH
2026-03-09 14:02:42.597Z,3.2622,12,SYNTH
2026-03-09 14:02:43.342Z,3.2646,12,SYNTH
2026-03-09 14:02:44.447Z,3.2658,10,SYNTH
2026-03-09 14:02:45.292Z,3.2641,22,SYNTH
2026-03-09 14:02:46.716Z,3.2641,30,SYNTH
2026-03-09 14:02:47.752Z,3.2622,18,SYNTH
2026-03-09 14:02:48.019Z,3.2621,10,SYNTH
2026-03-09 14:02:49.445Z,3.2615,11,SYNTH
2026-03-09 14:02:50.096Z,3.2622,10,SYNTH
2026-03-09 14:02:51.652Z,3.2660,22,SYNTH
2026-03-09 14:02:52.739Z,3.2620,12,SYNTH
2026-03-09 14:02:53.604Z,3.2647,16,SYNTH
2026-03-09 14:02:54.620Z,3.2618,23,SYNTH
2026-03-09 14:02:55.519Z,3.2617,18,SYNTH
2026-03-09 14:02:56.739Z,3.2651,13,SYNTH
2026-03-09 14:02:57.626Z,3.2618,18,SYNTH
2026-03-09 14:02:58.890Z,3.2647,26,SYNTH
2026-03-09 14:02:59.850Z,3.2650,22,SYNTH
2026-03-09 14:09:00.698Z,3.2713,4,SYNTH
2026-03-09 14:09:01.537Z,3.2691,5,SYNTH
2026-03-09 14:09:02.497Z,3.2712,5,SYNTH
2026-03-09 14:09:03.568Z,3.2712,6,SYNTH
2026-03-09 14:09:04.105Z,3.2709,6,SYNTH
2026-03-09 14:09:05.182Z,3.2690,4,SYNTH
2026-03-09 14:09:06.058Z,3.2721,4,SYNTH
2026-03-09 14:09:07.737Z,3.2711,4,SYNTH
2026-03-09 14:09:08.170Z,3.2696,6,SYNTH
2026-03-09 14:09:09.292Z,3.2680,3,SYNTH
2026-03-09 14:09:10.548Z,3.2713,4,SYNTH
2026-03-09 14:09:11.624Z,3.2690,12,SYNTH
2026-03-09 14:09:12.701Z,3.2720,11,SYNTH
2026-03-09 14:09:13.757Z,3.2722,8,SYNTH
2026-03-09 14:09:14.263Z,3.2688,4,SYNTH
2026-03-09 14:09:15.015Z,3.2726,4,SYNTH
2026-03-09 14:09:16.176Z,3.2727,4,SYNTH
2026-03-09 14:09:17.743Z,3.2688,6,SYNTH
2026-03-09 14:09:18.840Z,3.2712,7,SYNTH
2026-03-09 14:09:19.195Z,3.2718,8,SYNTH
2026-03-09 14:09:20.141Z,3.2707,3,SYNTH
2026-03-09 14:09:21.305Z,3.2683,4,SYNTH
2026-03-09 14:09:22.014Z,3.2703,4,SYNTH
2026-03-09 14:09:23.085Z,3.2722,3,SYNTH
2026-03-09 14:09:24.769Z,3.2696,3,SYNTH
2026-03-09 14:09:25.373Z,3.2702,3,SYNTH
2026-03-09 14:09:26.327Z,3.2691,3,SYNTH
2026-03-09 14:09:27.814Z,3.2686,2,SYNTH
2026-03-09 14:09:28.396Z,3.2704,4,SYNTH
2026-03-09 14:09:29.688Z,3.2681,2,SYNTH
2026-03-09 14:09:30.286Z,3.2712,3,SYNTH
2026-03-09 14:09:31.623Z,3.2711,4,SYNTH
2026-03-09 14:09:32.185Z,3.2675,2,SYNTH
2026-03-09 14:09:33.170Z,3.2705,4,SYNTH
2026-03-09 14:09:34.580Z,3.2716,2,SYNTH
2026-03-09 14:09:35.269Z,3.2680,4,SYNTH
2026-03-09 14:09:36.498Z,3.2717,4,SYNTH
2026-03-09 14:09:37.750Z,3.2677,8,SYNTH
2026-03-09 14:09:38.079Z,3.2715,6,SYNTH
2026-03-09 14:09:39.643Z,3.2681,10,SYNTH
2026-03-09 14:09:40.247Z,3.2688,6,SYNTH
2026-03-09 14:09:41.563Z,3.2708,4,SYNTH
2026-03-09 14:09:42.635Z,3.2676,4,SYNTH
2026-03-09 14:09:43.477Z,3.2710,3,SYNTH
2026-03-09 14:09:44.554Z,3.2679,5,SYNTH
2026-03-09 14:09:45.740Z,3.2717,8,SYNTH
2026-03-09 14:09:46.249Z,3.2690,4,SYNTH
2026-03-09 14:09:47.814Z,3.2706,6,SYNTH
2026-03-09 14:09:48.128Z,3.2687,4,SYNTH
2026-03-09 14:09:49.788Z,3.2693,2,SYNTH
2026-03-09 14:09:50.614Z,3.2712,5,SYNTH
2026-03-09 14:09:51.297Z,3.2724,4,SYNTH
2026-03-09 14:09:52.135Z,3.2689,3,SYNTH
2026-03-09 14:09:53.128Z,3.2677,4,SYNTH
2026-03-09 14:09:54.369Z,3.2701,6,SYNTH
2026-03-09 14:09:55.278Z,3.2712,5,SYNTH
2026-03-09 14:09:56.261Z,3.2706,6,SYNTH
2026-03-09 14:09:57.182Z,3.2692,4,SYNTH
2026-03-09 14:09:58.407Z,3.2676,4,SYNTH
2026-03-09 14:09:59.563Z,3.2705,5,SYNTH
2026-03-09 14:12:00.266Z,3.2957,4,SYNTH
2026-03-09 14:12:01.855Z,3.2949,4,SYNTH
2026-03-09 14:12:02.407Z,3.2953,4,SYNTH
2026-03-09 14:12:03.548Z,3.2962,3,SYNTH
2026-03-09 14:12:04.521Z,3.2935,4,SYNTH
2026-03-09 14:12:05.677Z,3.2949,3,SYNTH
2026-03-09 14:12:06.470Z,3.2967,3,SYNTH
2026-03-09 14:12:07.396Z,3.2943,5,SYNTH
2026-03-09 14:12:08.079Z,3.2950,3,SYNTH
2026-03-09 14:12:09.252Z,3.2957,5,SYNTH
2026-03-09 14:12:10.570Z,3.2944,4,SYNTH
2026-03-09 14:12:11.181Z,3.2935,9,SYNTH
2026-03-09 14:12:12.595Z,3.2960,11,SYNTH
2026-03-09 14:12:13.621Z,3.2937,10,SYNTH
2026-03-09 14:12:14.028Z,3.2964,2,SYNTH
2026-03-09 14:12:15.864Z,3.2965,4,SYNTH
2026-03-09 14:12:16.805Z,3.2946,5,SYNTH
2026-03-09 14:12:17.688Z,3.2932,3,SYNTH
2026-03-09 14:12:18.444Z,3.2960,8,SYNTH
2026-03-09 14:12:19.839Z,3.2939,7,SYNTH
2026-03-09 14:12:20.075Z,3.2928,3,SYNTH
2026-03-09 14:12:21.490Z,3.2968,4,SYNTH
2026-03-09 14:12:22.686Z,3.2967,3,SYNTH
2026-03-09 14:12:23.870Z,3.2936,2,SYNTH
2026-03-09 14:12:24.140Z,3.2953,2,SYNTH
2026-03-09 14:12:25.670Z,3.2965,2,SYNTH
2026-03-09 14:12:26.790Z,3.2941,4,SYNTH
2026-03-09 14:12:27.034Z,3.2947,2,SYNTH
2026-03-09 14:12:28.244Z,3.2968,3,SYNTH
2026-03-09 14:12:29.715Z,3.2930,2,SYNTH
2026-03-09 14:12:30.631Z,3.2954,3,SYNTH
2026-03-09 14:12:31.172Z,3.2932,4,SYNTH
2026-03-09 14:12:32.750Z,3.2978,4,SYNTH
2026-03-09 14:12:33.087Z,3.2948,2,SYNTH
2026-03-09 14:12:34.600Z,3.2965,3,SYNTH
2026-03-09 14:12:35.544Z,3.2934,2,SYNTH
2026-03-09 14:12:36.005Z,3.2960,2,SYNTH
2026-03-09 14:12:37.141Z,3.2949,5,SYNTH
2026-03-09 14:12:38.173Z,3.2927,6,SYNTH
2026-03-09 14:12:39.098Z,3.2936,4,SYNTH
2026-03-09 14:12:40.837Z,3.2961,8,SYNTH
2026-03-09 14:12:41.671Z,3.2966,4,SYNTH
2026-03-09 14:12:42.232Z,3.2933,4,SYNTH
2026-03-09 14:12:43.355Z,3.2970,4,SYNTH
2026-03-09 14:12:44.754Z,3.2933,4,SYNTH
2026-03-09 14:12:45.074Z,3.2958,5,SYNTH
2026-03-09 14:12:46.062Z,3.2942,5,SYNTH
2026-03-09 14:12:47.505Z,3.2942,6,SYNTH
2026-03-09 14:12:48.633Z,3.2969,5,SYNTH
2026-03-09 14:12:49.214Z,3.2947,4,SYNTH
2026-03-09 14:12:50.048Z,3.2939,4,SYNTH
2026-03-09 14:12:51.171Z,3.2958,4,SYNTH
2026-03-09 14:12:52.624Z,3.2962,4,SYNTH
2026-03-09 14:12:53.313Z,3.2973,4,SYNTH
2026-03-09 14:12:54.342Z,3.2929,5,SYNTH
2026-03-09 14:12:55.532Z,3.2959,4,SYNTH
2026-03-09 14:12:56.257Z,3.2959,4,SYNTH
2026-03-09 14:12:57.794Z,3.2936,4,SYNTH
2026-03-09 14:12:58.435Z,3.2933,3,SYNTH
2026-03-09 14:12:59.691Z,3.2959,4,SYNTH
2026-03-09 14:15:00.796Z,3.2505,10,SYNTH
2026-03-09 14:15:01.260Z,3.2521,12,SYNTH
2026-03-09 14:15:02.676Z,3.2484,6,SYNTH
2026-03-09 14:15:03.630Z,3.2512,7,SYNTH
2026-03-09 14:15:04.747Z,3.2523,7,SYNTH
2026-03-09 14:15:05.432Z,3.2499,6,SYNTH
2026-03-09 14:15:06.086Z,3.2488,9,SYNTH
2026-03-09 14:15:07.283Z,3.2513,7,SYNTH
2026-03-09 14:15:08.382Z,3.2509,7,SYNTH
2026-03-09 14:15:09.590Z,3.2520,7,SYNTH
2026-03-09 14:15:10.036Z,3.2495,5,SYNTH
2026-03-09 14:15:11.174Z,3.2520,26,SYNTH
2026-03-09 14:15:12.471Z,3.2493,22,SYNTH
2026-03-09 14:15:13.841Z,3.2523,20,SYNTH
2026-03-09 14:15:14.200Z,3.2507,7,SYNTH
2026-03-09 14:15:15.511Z,3.2480,9,SYNTH
2026-03-09 14:15:16.252Z,3.2521,17,SYNTH
2026-03-09 14:15:17.503Z,3.2513,14,SYNTH
2026-03-09 14:15:18.562Z,3.2483,10,SYNTH
2026-03-09 14:15:19.490Z,3.2518,10,SYNTH
2026-03-09 14:15:20.665Z,3.2482,7,SYNTH
2026-03-09 14:15:21.543Z,3.2509,6,SYNTH
2026-03-09 14:15:22.468Z,3.2487,6,SYNTH
2026-03-09 14:15:23.002Z,3.2478,8,SYNTH
2026-03-09 14:15:24.637Z,3.2499,8,SYNTH
2026-03-09 14:15:25.698Z,3.2517,8,SYNTH
2026-03-09 14:15:26.394Z,3.2481,5,SYNTH
2026-03-09 14:15:27.602Z,3.2504,8,SYNTH
2026-03-09 14:15:28.496Z,3.2492,8,SYNTH
2026-03-09 14:15:29.069Z,3.2515,7,SYNTH
2026-03-09 14:15:30.611Z,3.2501,4,SYNTH
2026-03-09 14:15:31.059Z,3.2493,8,SYNTH
2026-03-09 14:15:32.898Z,3.2487,4,SYNTH
2026-03-09 14:15:33.214Z,3.2488,9,SYNTH
2026-03-09 14:15:34.523Z,3.2513,4,SYNTH
2026-03-09 14:15:35.225Z,3.2505,6,SYNTH
2026-03-09 14:15:36.486Z,3.2492,4,SYNTH
2026-03-09 14:15:37.436Z,3.2511,19,SYNTH
2026-03-09 14:15:38.374Z,3.2478,13,SYNTH
2026-03-09 14:15:39.468Z,3.2515,16,SYNTH
2026-03-09 14:15:40.577Z,3.2492,10,SYNTH
2026-03-09 14:15:41.799Z,3.2489,9,SYNTH
2026-03-09 14:15:42.684Z,3.2476,6,SYNTH
2026-03-09 14:15:43.530Z,3.2503,7,SYNTH
2026-03-09 14:15:44.556Z,3.2511,5,SYNTH
2026-03-09 14:15:45.506Z,3.2508,8,SYNTH
2026-03-09 14:15:46.081Z,3.2488,6,SYNTH
2026-03-09 14:15:47.335Z,3.2522,12,SYNTH
2026-03-09 14:15:48.187Z,3.2519,10,SYNTH
2026-03-09 14:15:49.295Z,3.2490,7,SYNTH
2026-03-09 14:15:50.366Z,3.2476,10,SYNTH
2026-03-09 14:15:51.535Z,3.2508,9,SYNTH
2026-03-09 14:15:52.525Z,3.2489,5,SYNTH
2026-03-09 14:15:53.460Z,3.2512,6,SYNTH
2026-03-09 14:15:54.168Z,3.2493,8,SYNTH
2026-03-09 14:15:55.207Z,3.2505,6,SYNTH
2026-03-09 14:15:56.160Z,3.2495,8,SYNTH
2026-03-09 14:15:57.087Z,3.2499,7,SYNTH
2026-03-09 14:15:58.089Z,3.2509,10,SYNTH
2026-03-09 14:15:59.701Z,3.2482,9,SYNTH
2026-03-09 14:17:00.029Z,3.2738,3,SYNTH
2026-03-09 14:17:01.380Z,3.2757,4,SYNTH
2026-03-09 14:17:02.103Z,3.2735,6,SYNTH
2026-03-09 14:17:03.898Z,3.2753,3,SYNTH
2026-03-09 14:17:04.576Z,3.2719,3,SYNTH
2026-03-09 14:17:05.072Z,3.2732,5,SYNTH
2026-03-09 14:17:06.292Z,3.2742,4,SYNTH
2026-03-09 14:17:07.817Z,3.2750,4,SYNTH
2026-03-09 14:17:08.157Z,3.2760,5,SYNTH
2026-03-09 14:17:09.745Z,3.2723,2,SYNTH
2026-03-09 14:17:10.173Z,3.2713,4,SYNTH
2026-03-09 14:17:11.778Z,3.2740,5,SYNTH
2026-03-09 14:17:12.748Z,3.2716,9,SYNTH
2026-03-09 14:17:13.362Z,3.2736,8,SYNTH
2026-03-09 14:17:14.107Z,3.2717,4,SYNTH
2026-03-09 14:17:15.234Z,3.2750,3,SYNTH
2026-03-09 14:17:16.514Z,3.2760,6,SYNTH
2026-03-09 14:17:17.628Z,3.2724,5,SYNTH
2026-03-09 14:17:18.461Z,3.2754,7,SYNTH
2026-03-09 14:17:19.238Z,3.2722,6,SYNTH
2026-03-09 14:17:20.437Z,3.2756,3,SYNTH
2026-03-09 14:17:21.175Z,3.2738,2,SYNTH
2026-03-09 14:17:22.095Z,3.2748,3,SYNTH
2026-03-09 14:17:23.474Z,3.2758,3,SYNTH
2026-03-09 14:17:24.660Z,3.2729,2,SYNTH
2026-03-09 14:17:25.599Z,3.2758,2,SYNTH
2026-03-09 14:17:26.832Z,3.2709,4,SYNTH
2026-03-09 14:17:27.270Z,3.2743,4,SYNTH
2026-03-09 14:17:28.803Z,3.2749,2,SYNTH
2026-03-09 14:17:29.483Z,3.2744,3,SYNTH
2026-03-09 14:17:30.101Z,3.2731,4,SYNTH
2026-03-09 14:17:31.775Z,3.2715,2,SYNTH
2026-03-09 14:17:32.359Z,3.2734,3,SYNTH
2026-03-09 14:17:33.447Z,3.2737,2,SYNTH
2026-03-09 14:17:34.259Z,3.2754,2,SYNTH
2026-03-09 14:17:35.896Z,3.2731,2,SYNTH
2026-03-09 14:17:36.216Z,3.2760,2,SYNTH
2026-03-09 14:17:37.427Z,3.2726,4,SYNTH
2026-03-09 14:17:38.381Z,3.2748,4,SYNTH
2026-03-09 14:17:39.515Z,3.2730,6,SYNTH
2026-03-09 14:17:40.481Z,3.2752,8,SYNTH
2026-03-09 14:17:41.779Z,3.2724,3,SYNTH
2026-03-09 14:17:42.680Z,3.2710,2,SYNTH
2026-03-09 14:17:43.543Z,3.2744,3,SYNTH
2026-03-09 14:17:44.564Z,3.2725,4,SYNTH
2026-03-09 14:17:45.263Z,3.2714,6,SYNTH
2026-03-09 14:17:46.581Z,3.2739,6,SYNTH
2026-03-09 14:17:47.741Z,3.2743,6,SYNTH
2026-03-09 14:17:48.651Z,3.2725,4,SYNTH
2026-03-09 14:17:49.094Z,3.2751,5,SYNTH
2026-03-09 14:17:50.765Z,3.2744,3,SYNTH
2026-03-09 14:17:51.680Z,3.2722,5,SYNTH
2026-03-09 14:17:52.188Z,3.2711,5,SYNTH
2026-03-09 14:17:53.860Z,3.2740,5,SYNTH
2026-03-09 14:17:54.604Z,3.2730,3,SYNTH
2026-03-09 14:17:55.669Z,3.2754,3,SYNTH
2026-03-09 14:17:56.005Z,3.2720,5,SYNTH
2026-03-09 14:17:57.168Z,3.2751,5,SYNTH
2026-03-09 14:17:58.035Z,3.2730,6,SYNTH
2026-03-09 14:17:59.711Z,3.2746,6,SYNTH
2026-03-09 14:21:00.760Z,3.2509,3,SYNTH
2026-03-09 14:21:01.199Z,3.2502,3,SYNTH
2026-03-09 14:21:02.138Z,3.2519,2,SYNTH
2026-03-09 14:21:03.874Z,3.2515,3,SYNTH
2026-03-09 14:21:04.249Z,3.2482,4,SYNTH
2026-03-09 14:21:05.642Z,3.2514,3,SYNTH
2026-03-09 14:21:06.369Z,3.2481,3,SYNTH
2026-03-09 14:21:07.798Z,3.2514,4,SYNTH
2026-03-09 14:21:08.755Z,3.2487,4,SYNTH
2026-03-09 14:21:09.817Z,3.2515,3,SYNTH
2026-03-09 14:21:10.112Z,3.2483,4,SYNTH
2026-03-09 14:21:11.621Z,3.2493,10,SYNTH
2026-03-09 14:21:12.769Z,3.2512,10,SYNTH
2026-03-09 14:21:13.490Z,3.2518,10,SYNTH
2026-03-09 14:21:14.826Z,3.2517,3,SYNTH
2026-03-09 14:21:15.736Z,3.2489,2,SYNTH
2026-03-09 14:21:16.886Z,3.2486,6,SYNTH
2026-03-09 14:21:17.370Z,3.2516,3,SYNTH
2026-03-09 14:21:18.476Z,3.2492,3,SYNTH
2026-03-09 14:21:19.384Z,3.2525,5,SYNTH
2026-03-09 14:21:20.665Z,3.2489,2,SYNTH
2026-03-09 14:21:21.721Z,3.2482,3,SYNTH
2026-03-09 14:21:22.180Z,3.2510,2,SYNTH
2026-03-09 14:21:23.580Z,3.2508,3,SYNTH
2026-03-09 14:21:24.705Z,3.2475,3,SYNTH
2026-03-09 14:21:25.725Z,3.2508,2,SYNTH
2026-03-09 14:21:26.788Z,3.2493,3,SYNTH
2026-03-09 14:21:27.785Z,3.2486,2,SYNTH
2026-03-09 14:21:28.393Z,3.2505,3,SYNTH
2026-03-09 14:21:29.553Z,3.2512,3,SYNTH
2026-03-09 14:21:30.240Z,3.2479,2,SYNTH
2026-03-09 14:21:31.619Z,3.2522,3,SYNTH
2026-03-09 14:21:32.658Z,3.2482,2,SYNTH
2026-03-09 14:21:33.148Z,3.2521,2,SYNTH
2026-03-09 14:21:34.726Z,3.2524,2,SYNTH
2026-03-09 14:21:35.897Z,3.2489,2,SYNTH
2026-03-09 14:21:36.093Z,3.2522,2,SYNTH
2026-03-09 14:21:37.804Z,3.2496,4,SYNTH
2026-03-09 14:21:38.514Z,3.2525,6,SYNTH
2026-03-09 14:21:39.325Z,3.2479,4,SYNTH
2026-03-09 14:21:40.388Z,3.2508,4,SYNTH
2026-03-09 14:21:41.172Z,3.2478,2,SYNTH
2026-03-09 14:21:42.845Z,3.2511,2,SYNTH
2026-03-09 14:21:43.368Z,3.2486,2,SYNTH
2026-03-09 14:21:44.753Z,3.2507,4,SYNTH
2026-03-09 14:21:45.097Z,3.2488,4,SYNTH
2026-03-09 14:21:46.189Z,3.2507,6,SYNTH
2026-03-09 14:21:47.246Z,3.2520,4,SYNTH
2026-03-09 14:21:48.760Z,3.2505,3,SYNTH
2026-03-09 14:21:49.575Z,3.2494,4,SYNTH
2026-03-09 14:21:50.750Z,3.2483,3,SYNTH
2026-03-09 14:21:51.452Z,3.2514,3,SYNTH
2026-03-09 14:21:52.144Z,3.2478,2,SYNTH
2026-03-09 14:21:53.677Z,3.2512,3,SYNTH
2026-03-09 14:21:54.829Z,3.2522,3,SYNTH
2026-03-09 14:21:55.112Z,3.2490,4,SYNTH
2026-03-09 14:21:56.605Z,3.2510,5,SYNTH
2026-03-09 14:21:57.625Z,3.2489,4,SYNTH
2026-03-09 14:21:58.888Z,3.2516,4,SYNTH
2026-03-09 14:21:59.379Z,3.2484,4,SYNTH
2026-03-09 14:23:00.087Z,3.2956,21,SYNTH
2026-03-09 14:23:01.049Z,3.2945,17,SYNTH
2026-03-09 14:23:02.344Z,3.2960,18,SYNTH
2026-03-09 14:23:03.299Z,3.2928,14,SYNTH
2026-03-09 14:23:04.742Z,3.2960,20,SYNTH
2026-03-09 14:23:05.758Z,3.2934,26,SYNTH
2026-03-09 14:23:06.200Z,3.2969,24,SYNTH
2026-03-09 14:23:07.591Z,3.2939,23,SYNTH
2026-03-09 14:23:08.157Z,3.2926,13,SYNTH
2026-03-09 14:23:09.515Z,3.2964,23,SYNTH
2026-03-09 14:23:10.009Z,3.2938,21,SYNTH
2026-03-09 14:23:11.272Z,3.2938,38,SYNTH
2026-03-09 14:23:12.295Z,3.2967,28,SYNTH
2026-03-09 14:23:13.509Z,3.2946,56,SYNTH
2026-03-09 14:23:14.504Z,3.2947,10,SYNTH
2026-03-09 14:23:15.528Z,3.2974,10,SYNTH
2026-03-09 14:23:16.659Z,3.2938,26,SYNTH
2026-03-09 14:23:17.586Z,3.2938,20,SYNTH
2026-03-09 14:23:18.044Z,3.2931,23,SYNTH
2026-03-09 14:23:19.413Z,3.2961,37,SYNTH
2026-03-09 14:23:20.739Z,3.2942,17,SYNTH
2026-03-09 14:23:21.240Z,3.2969,8,SYNTH
2026-03-09 14:23:22.298Z,3.2942,12,SYNTH
2026-03-09 14:23:23.169Z,3.2927,13,SYNTH
2026-03-09 14:23:24.846Z,3.2963,11,SYNTH
2026-03-09 14:23:25.668Z,3.2930,14,SYNTH
2026-03-09 14:23:26.724Z,3.2958,17,SYNTH
2026-03-09 14:23:27.672Z,3.2928,18,SYNTH
2026-03-09 14:23:28.587Z,3.2961,10,SYNTH
2026-03-09 14:23:29.119Z,3.2924,11,SYNTH
2026-03-09 14:23:30.552Z,3.2959,15,SYNTH
2026-03-09 14:23:31.579Z,3.2958,16,SYNTH
2026-03-09 14:23:32.695Z,3.2948,11,SYNTH
2026-03-09 14:23:33.267Z,3.2974,16,SYNTH
2026-03-09 14:23:34.100Z,3.2937,17,SYNTH
2026-03-09 14:23:35.349Z,3.2963,9,SYNTH
2026-03-09 14:23:36.253Z,3.2938,17,SYNTH
2026-03-09 14:23:37.784Z,3.2954,28,SYNTH
2026-03-09 14:23:38.522Z,3.2951,37,SYNTH
2026-03-09 14:23:39.816Z,3.2965,50,SYNTH
2026-03-09 14:23:40.855Z,3.2969,39,SYNTH
2026-03-09 14:23:41.749Z,3.2928,14,SYNTH
2026-03-09 14:23:42.019Z,3.2965,16,SYNTH
2026-03-09 14:23:43.028Z,3.2943,9,SYNTH
2026-03-09 14:23:44.565Z,3.2965,18,SYNTH
2026-03-09 14:23:45.128Z,3.2940,19,SYNTH
2026-03-09 14:23:46.085Z,3.2938,27,SYNTH
2026-03-09 14:23:47.102Z,3.2973,15,SYNTH
2026-03-09 14:23:48.005Z,3.2966,18,SYNTH
2026-03-09 14:23:49.509Z,3.2934,17,SYNTH
2026-03-09 14:23:50.720Z,3.2959,21,SYNTH
2026-03-09 14:23:51.534Z,3.2972,22,SYNTH
2026-03-09 14:23:52.888Z,3.2924,25,SYNTH
2026-03-09 14:23:53.274Z,3.2966,25,SYNTH
2026-03-09 14:23:54.597Z,3.2971,22,SYNTH
2026-03-09 14:23:55.721Z,3.2941,18,SYNTH
2026-03-09 14:23:56.502Z,3.2972,27,SYNTH
2026-03-09 14:23:57.317Z,3.2947,28,SYNTH
2026-03-09 14:23:58.698Z,3.2976,27,SYNTH
2026-03-09 14:23:59.448Z,3.2933,13,SYNTH
2026-03-09 14:28:00.818Z,3.2819,27,SYNTH
2026-03-09 14:28:01.510Z,3.2790,44,SYNTH
2026-03-09 14:28:02.119Z,3.2808,61,SYNTH
2026-03-09 14:28:03.545Z,3.2805,55,SYNTH
2026-03-09 14:28:04.882Z,3.2807,36,SYNTH
2026-03-09 14:28:05.410Z,3.2777,48,SYNTH
2026-03-09 14:28:06.537Z,3.2813,40,SYNTH
2026-03-09 14:28:07.528Z,3.2798,47,SYNTH
2026-03-09 14:28:08.041Z,3.2812,33,SYNTH
2026-03-09 14:28:09.760Z,3.2821,49,SYNTH
2026-03-09 14:28:10.854Z,3.2778,26,SYNTH
2026-03-09 14:28:11.651Z,3.2809,76,SYNTH
2026-03-09 14:28:12.827Z,3.2779,73,SYNTH
2026-03-09 14:28:13.103Z,3.2816,120,SYNTH
2026-03-09 14:28:14.693Z,3.2774,41,SYNTH
2026-03-09 14:28:15.591Z,3.2805,24,SYNTH
2026-03-09 14:28:16.205Z,3.2782,62,SYNTH
2026-03-09 14:28:17.517Z,3.2816,78,SYNTH
2026-03-09 14:28:18.798Z,3.2802,75,SYNTH
2026-03-09 14:28:19.004Z,3.2785,39,SYNTH
2026-03-09 14:28:20.414Z,3.2776,29,SYNTH
2026-03-09 14:28:21.028Z,3.2785,33,SYNTH
2026-03-09 14:28:22.734Z,3.2812,18,SYNTH
2026-03-09 14:28:23.521Z,3.2794,41,SYNTH
2026-03-09 14:28:24.582Z,3.2796,36,SYNTH
2026-03-09 14:28:25.816Z,3.2809,18,SYNTH
2026-03-09 14:28:26.898Z,3.2786,36,SYNTH
2026-03-09 14:28:27.710Z,3.2804,25,SYNTH
2026-03-09 14:28:28.310Z,3.2816,35,SYNTH
2026-03-09 14:28:29.440Z,3.2812,37,SYNTH
2026-03-09 14:28:30.669Z,3.2795,39,SYNTH
2026-03-09 14:28:31.624Z,3.2781,32,SYNTH
2026-03-09 14:28:32.128Z,3.2820,35,SYNTH
2026-03-09 14:28:33.077Z,3.2791,31,SYNTH
2026-03-09 14:28:34.177Z,3.2778,33,SYNTH
2026-03-09 14:28:35.156Z,3.2803,18,SYNTH
2026-03-09 14:28:36.493Z,3.2805,18,SYNTH
2026-03-09 14:28:37.693Z,3.2772,83,SYNTH
2026-03-09 14:28:38.017Z,3.2801,89,SYNTH
2026-03-09 14:28:39.697Z,3.2817,58,SYNTH
2026-03-09 14:28:40.286Z,3.2784,96,SYNTH
2026-03-09 14:28:41.237Z,3.2821,41,SYNTH
2026-03-09 14:28:42.604Z,3.2792,21,SYNTH
2026-03-09 14:28:43.824Z,3.2789,35,SYNTH
2026-03-09 14:28:44.620Z,3.2816,32,SYNTH
2026-03-09 14:28:45.006Z,3.2784,57,SYNTH
2026-03-09 14:28:46.108Z,3.2803,33,SYNTH
2026-03-09 14:28:47.604Z,3.2780,57,SYNTH
2026-03-09 14:28:48.748Z,3.2806,47,SYNTH
2026-03-09 14:28:49.388Z,3.2805,43,SYNTH
2026-03-09 14:28:50.001Z,3.2828,47,SYNTH
2026-03-09 14:28:51.743Z,3.2782,36,SYNTH
2026-03-09 14:28:52.421Z,3.2811,55,SYNTH
2026-03-09 14:28:53.524Z,3.2821,28,SYNTH
2026-03-09 14:28:54.617Z,3.2807,40,SYNTH
2026-03-09 14:28:55.009Z,3.2779,40,SYNTH
2026-03-09 14:28:56.002Z,3.2785,41,SYNTH
2026-03-09 14:28:57.287Z,3.2810,26,SYNTH
2026-03-09 14:28:58.051Z,3.2789,28,SYNTH
2026-03-09 14:28:59.194Z,3.2815,38,SYNTH
2026-03-09 14:30:00.656Z,3.2528,45,SYNTH
2026-03-09 14:30:01.660Z,3.2494,42,SYNTH
2026-03-09 14:30:02.231Z,3.2523,58,SYNTH
2026-03-09 14:30:03.658Z,3.2514,73,SYNTH
2026-03-09 14:30:04.123Z,3.2488,51,SYNTH
2026-03-09 14:30:05.426Z,3.2483,55,SYNTH
2026-03-09 14:30:06.319Z,3.2526,33,SYNTH
2026-03-09 14:30:07.125Z,3.2492,46,SYNTH
2026-03-09 14:30:08.102Z,3.2489,41,SYNTH
2026-03-09 14:30:09.420Z,3.2515,29,SYNTH
2026-03-09 14:30:10.001Z,3.2484,69,SYNTH
2026-03-09 14:30:11.442Z,3.2514,155,SYNTH
2026-03-09 14:30:12.235Z,3.2493,107,SYNTH
2026-03-09 14:30:13.873Z,3.2514,98,SYNTH
2026-03-09 14:30:14.546Z,3.2503,47,SYNTH
2026-03-09 14:30:15.149Z,3.2518,32,SYNTH
2026-03-09 14:30:16.776Z,3.2487,94,SYNTH
2026-03-09 14:30:17.075Z,3.2480,99,SYNTH
2026-03-09 14:30:18.488Z,3.2525,107,SYNTH
2026-03-09 14:30:19.632Z,3.2515,60,SYNTH
2026-03-09 14:30:20.627Z,3.2500,58,SYNTH
2026-03-09 14:30:21.470Z,3.2515,56,SYNTH
2026-03-09 14:30:22.817Z,3.2530,31,SYNTH
2026-03-09 14:30:23.859Z,3.2539,53,SYNTH
2026-03-09 14:30:24.169Z,3.2550,26,SYNTH
2026-03-09 14:30:25.737Z,3.2537,46,SYNTH
2026-03-09 14:30:26.865Z,3.2560,48,SYNTH
2026-03-09 14:30:27.267Z,3.2563,43,SYNTH
2026-03-09 14:30:28.644Z,3.2556,31,SYNTH
2026-03-09 14:30:29.264Z,3.2580,35,SYNTH
2026-03-09 14:30:30.767Z,3.2567,28,SYNTH
2026-03-09 14:30:31.397Z,3.2590,30,SYNTH
2026-03-09 14:30:32.825Z,3.2593,56,SYNTH
2026-03-09 14:30:33.304Z,3.2594,51,SYNTH
2026-03-09 14:30:34.811Z,3.2569,39,SYNTH
2026-03-09 14:30:35.722Z,3.2609,32,SYNTH
2026-03-09 14:30:36.725Z,3.2612,55,SYNTH
2026-03-09 14:30:37.024Z,3.2611,132,SYNTH
2026-03-09 14:30:38.297Z,3.2620,124,SYNTH
2026-03-09 14:30:39.809Z,3.2600,94,SYNTH
2026-03-09 14:30:40.713Z,3.2595,114,SYNTH
2026-03-09 14:30:41.202Z,3.2581,33,SYNTH
2026-03-09 14:30:42.096Z,3.2599,50,SYNTH
2026-03-09 14:30:43.740Z,3.2577,48,SYNTH
2026-03-09 14:30:44.313Z,3.2617,54,SYNTH
2026-03-09 14:30:45.316Z,3.2579,96,SYNTH
2026-03-09 14:30:46.401Z,3.2591,72,SYNTH
2026-03-09 14:30:47.220Z,3.2604,72,SYNTH
2026-03-09 14:30:48.499Z,3.2580,59,SYNTH
2026-03-09 14:30:49.835Z,3.2615,48,SYNTH
2026-03-09 14:30:50.717Z,3.2609,44,SYNTH
2026-03-09 14:30:51.229Z,3.2613,60,SYNTH
2026-03-09 14:30:52.417Z,3.2597,64,SYNTH
2026-03-09 14:30:53.367Z,3.2589,56,SYNTH
2026-03-09 14:30:54.648Z,3.2617,33,SYNTH
2026-03-09 14:30:55.172Z,3.2590,45,SYNTH
2026-03-09 14:30:56.726Z,3.2606,79,SYNTH
2026-03-09 14:30:57.480Z,3.2615,66,SYNTH
2026-03-09 14:30:58.776Z,3.2620,73,SYNTH
2026-03-09 14:30:59.547Z,3.2598,75,SYNTH
2026-03-09 14:33:00.456Z,3.2918,8,SYNTH
2026-03-09 14:33:01.854Z,3.2901,6,SYNTH
2026-03-09 14:33:02.556Z,3.2923,9,SYNTH
2026-03-09 14:33:03.652Z,3.2931,9,SYNTH
2026-03-09 14:33:04.807Z,3.2908,7,SYNTH
2026-03-09 14:33:05.648Z,3.2910,5,SYNTH
2026-03-09 14:33:06.308Z,3.2923,7,SYNTH
2026-03-09 14:33:07.531Z,3.2922,5,SYNTH
2026-03-09 14:33:08.125Z,3.2928,10,SYNTH
2026-03-09 14:33:09.478Z,3.2905,9,SYNTH
2026-03-09 14:33:10.369Z,3.2895,4,SYNTH
2026-03-09 14:33:11.468Z,3.2928,18,SYNTH
2026-03-09 14:33:12.303Z,3.2925,24,SYNTH
2026-03-09 14:33:13.480Z,3.2923,22,SYNTH
2026-03-09 14:33:14.339Z,3.2900,5,SYNTH
2026-03-09 14:33:15.866Z,3.2927,8,SYNTH
2026-03-09 14:33:16.858Z,3.2900,12,SYNTH
2026-03-09 14:33:17.509Z,3.2912,10,SYNTH
2026-03-09 14:33:18.640Z,3.2917,10,SYNTH
2026-03-09 14:33:19.327Z,3.2908,7,SYNTH
2026-03-09 14:33:20.584Z,3.2887,4,SYNTH
2026-03-09 14:33:21.497Z,3.2873,9,SYNTH
2026-03-09 14:33:22.644Z,3.2872,9,SYNTH
2026-03-09 14:33:23.013Z,3.2849,6,SYNTH
2026-03-09 14:33:24.508Z,3.2823,8,SYNTH
2026-03-09 14:33:25.041Z,3.2793,8,SYNTH
2026-03-09 14:33:26.759Z,3.2786,6,SYNTH
2026-03-09 14:33:27.204Z,3.2737,6,SYNTH
2026-03-09 14:33:28.636Z,3.2727,8,SYNTH
2026-03-09 14:33:29.541Z,3.2689,7,SYNTH
2026-03-09 14:33:30.381Z,3.2671,6,SYNTH
2026-03-09 14:33:31.087Z,3.2649,4,SYNTH
2026-03-09 14:33:32.645Z,3.2624,6,SYNTH
2026-03-09 14:33:33.655Z,3.2600,7,SYNTH
2026-03-09 14:33:34.386Z,3.2566,5,SYNTH
2026-03-09 14:33:35.243Z,3.2573,6,SYNTH
2026-03-09 14:33:36.004Z,3.2561,4,SYNTH
2026-03-09 14:33:37.870Z,3.2549,11,SYNTH
2026-03-09 14:33:38.023Z,3.2535,13,SYNTH
2026-03-09 14:33:39.758Z,3.2567,11,SYNTH
2026-03-09 14:33:40.468Z,3.2569,13,SYNTH
2026-03-09 14:33:41.896Z,3.2580,6,SYNTH
2026-03-09 14:33:42.206Z,3.2573,4,SYNTH
2026-03-09 14:33:43.239Z,3.2586,7,SYNTH
2026-03-09 14:33:44.741Z,3.2556,7,SYNTH
2026-03-09 14:33:45.107Z,3.2585,8,SYNTH
2026-03-09 14:33:46.343Z,3.2566,7,SYNTH
2026-03-09 14:33:47.281Z,3.2600,12,SYNTH
2026-03-09 14:33:48.103Z,3.2565,9,SYNTH
2026-03-09 14:33:49.295Z,3.2578,10,SYNTH
2026-03-09 14:33:50.516Z,3.2593,10,SYNTH
2026-03-09 14:33:51.451Z,3.2590,10,SYNTH
2026-03-09 14:33:52.147Z,3.2556,8,SYNTH
2026-03-09 14:33:53.448Z,3.2590,6,SYNTH
2026-03-09 14:33:54.294Z,3.2555,8,SYNTH
2026-03-09 14:33:55.310Z,3.2553,7,SYNTH
2026-03-09 14:33:56.899Z,3.2541,6,SYNTH
2026-03-09 14:33:57.712Z,3.2572,6,SYNTH
2026-03-09 14:33:58.218Z,3.2535,11,SYNTH
2026-03-09 14:33:59.347Z,3.2569,8,SYNTH
2026-03-09 14:37:00.700Z,3.2504,4,SYNTH
2026-03-09 14:37:01.137Z,3.2512,6,SYNTH
2026-03-09 14:37:02.305Z,3.2507,4,SYNTH
2026-03-09 14:37:03.739Z,3.2521,3,SYNTH
2026-03-09 14:37:04.384Z,3.2490,4,SYNTH
2026-03-09 14:37:05.861Z,3.2485,5,SYNTH
2026-03-09 14:37:06.345Z,3.2506,4,SYNTH
2026-03-09 14:37:07.024Z,3.2515,5,SYNTH
2026-03-09 14:37:08.103Z,3.2520,2,SYNTH
2026-03-09 14:37:09.686Z,3.2489,3,SYNTH
2026-03-09 14:37:10.894Z,3.2520,4,SYNTH
2026-03-09 14:37:11.120Z,3.2511,6,SYNTH
2026-03-09 14:37:12.261Z,3.2484,9,SYNTH
2026-03-09 14:37:13.511Z,3.2507,9,SYNTH
2026-03-09 14:37:14.205Z,3.2489,4,SYNTH
2026-03-09 14:37:15.624Z,3.2519,5,SYNTH
2026-03-09 14:37:16.114Z,3.2485,7,SYNTH
2026-03-09 14:37:17.459Z,3.2514,7,SYNTH
2026-03-09 14:37:18.654Z,3.2481,6,SYNTH
2026-03-09 14:37:19.630Z,3.2501,4,SYNTH
2026-03-09 14:37:20.445Z,3.2503,4,SYNTH
2026-03-09 14:37:21.083Z,3.2478,4,SYNTH
2026-03-09 14:37:22.130Z,3.2506,4,SYNTH
2026-03-09 14:37:23.660Z,3.2495,3,SYNTH
2026-03-09 14:37:24.899Z,3.2481,4,SYNTH
2026-03-09 14:37:25.052Z,3.2515,2,SYNTH
2026-03-09 14:37:26.823Z,3.2505,4,SYNTH
2026-03-09 14:37:27.466Z,3.2485,3,SYNTH
2026-03-09 14:37:28.012Z,3.2479,3,SYNTH
2026-03-09 14:37:29.859Z,3.2514,2,SYNTH
2026-03-09 14:37:30.594Z,3.2510,2,SYNTH
2026-03-09 14:37:31.437Z,3.2514,2,SYNTH
2026-03-09 14:37:32.886Z,3.2483,2,SYNTH
2026-03-09 14:37:33.718Z,3.2515,3,SYNTH
2026-03-09 14:37:34.829Z,3.2516,2,SYNTH
2026-03-09 14:37:35.631Z,3.2517,2,SYNTH
2026-03-09 14:37:36.040Z,3.2486,3,SYNTH
2026-03-09 14:37:37.629Z,3.2518,10,SYNTH
2026-03-09 14:37:38.009Z,3.2486,7,SYNTH
2026-03-09 14:37:39.384Z,3.2510,7,SYNTH
2026-03-09 14:37:40.495Z,3.2494,5,SYNTH
2026-03-09 14:37:41.731Z,3.2488,2,SYNTH
2026-03-09 14:37:42.875Z,3.2502,3,SYNTH
2026-03-09 14:37:43.478Z,3.2486,4,SYNTH
2026-03-09 14:37:44.616Z,3.2506,4,SYNTH
2026-03-09 14:37:45.703Z,3.2509,4,SYNTH
2026-03-09 14:37:46.185Z,3.2493,6,SYNTH
2026-03-09 14:37:47.226Z,3.2514,4,SYNTH
2026-03-09 14:37:48.105Z,3.2488,4,SYNTH
2026-03-09 14:37:49.662Z,3.2499,3,SYNTH
2026-03-09 14:37:50.359Z,3.2517,4,SYNTH
2026-03-09 14:37:51.862Z,3.2500,2,SYNTH
2026-03-09 14:37:52.325Z,3.2516,4,SYNTH
2026-03-09 14:37:53.156Z,3.2485,4,SYNTH
2026-03-09 14:37:54.610Z,3.2487,4,SYNTH
2026-03-09 14:37:55.826Z,3.2520,4,SYNTH
2026-03-09 14:37:56.526Z,3.2522,6,SYNTH
2026-03-09 14:37:57.694Z,3.2493,6,SYNTH
2026-03-09 14:37:58.063Z,3.2508,3,SYNTH
2026-03-09 14:37:59.586Z,3.2490,4,SYNTH
2026-03-09 14:39:00.339Z,3.2813,3,SYNTH
2026-03-09 14:39:01.831Z,3.2780,3,SYNTH
2026-03-09 14:39:02.442Z,3.2809,4,SYNTH
2026-03-09 14:39:03.499Z,3.2778,3,SYNTH
2026-03-09 14:39:04.390Z,3.2810,3,SYNTH
2026-03-09 14:39:05.402Z,3.2776,4,SYNTH
2026-03-09 14:39:06.141Z,3.2800,3,SYNTH
2026-03-09 14:39:07.293Z,3.2819,2,SYNTH
2026-03-09 14:39:08.097Z,3.2784,2,SYNTH
2026-03-09 14:39:09.497Z,3.2817,3,SYNTH
2026-03-09 14:39:10.252Z,3.2795,3,SYNTH
2026-03-09 14:39:11.292Z,3.2801,6,SYNTH
2026-03-09 14:39:12.039Z,3.2803,5,SYNTH
2026-03-09 14:39:13.650Z,3.2813,5,SYNTH
2026-03-09 14:39:14.445Z,3.2781,2,SYNTH
2026-03-09 14:39:15.484Z,3.2804,2,SYNTH
2026-03-09 14:39:16.404Z,3.2786,6,SYNTH
2026-03-09 14:39:17.467Z,3.2818,4,SYNTH
2026-03-09 14:39:18.150Z,3.2814,4,SYNTH
2026-03-09 14:39:19.346Z,3.2818,3,SYNTH
2026-03-09 14:39:20.305Z,3.2785,3,SYNTH
2026-03-09 14:39:21.503Z,3.2808,2,SYNTH
2026-03-09 14:39:22.228Z,3.2787,3,SYNTH
2026-03-09 14:39:23.790Z,3.2822,3,SYNTH
2026-03-09 14:39:24.276Z,3.2784,3,SYNTH
2026-03-09 14:39:25.292Z,3.2788,2,SYNTH
2026-03-09 14:39:26.419Z,3.2820,2,SYNTH
2026-03-09 14:39:27.192Z,3.2809,2,SYNTH
2026-03-09 14:39:28.094Z,3.2784,2,SYNTH
2026-03-09 14:39:29.448Z,3.2817,3,SYNTH
2026-03-09 14:39:30.618Z,3.2781,3,SYNTH
2026-03-09 14:39:31.813Z,3.2818,2,SYNTH
2026-03-09 14:39:32.039Z,3.2821,1,SYNTH
2026-03-09 14:39:33.588Z,3.2785,2,SYNTH
2026-03-09 14:39:34.402Z,3.2818,3,SYNTH
2026-03-09 14:39:35.368Z,3.2819,3,SYNTH
2026-03-09 14:39:36.217Z,3.2792,2,SYNTH
2026-03-09 14:39:37.017Z,3.2818,4,SYNTH
2026-03-09 14:39:38.819Z,3.2781,3,SYNTH
2026-03-09 14:39:39.178Z,3.2793,6,SYNTH
2026-03-09 14:39:40.748Z,3.2804,7,SYNTH
2026-03-09 14:39:41.537Z,3.2798,2,SYNTH
2026-03-09 14:39:42.600Z,3.2819,2,SYNTH
2026-03-09 14:39:43.195Z,3.2797,3,SYNTH
2026-03-09 14:39:44.661Z,3.2791,3,SYNTH
2026-03-09 14:39:45.491Z,3.2785,4,SYNTH
2026-03-09 14:39:46.698Z,3.2816,5,SYNTH
2026-03-09 14:39:47.132Z,3.2783,4,SYNTH
2026-03-09 14:39:48.276Z,3.2778,2,SYNTH
2026-03-09 14:39:49.057Z,3.2812,4,SYNTH
2026-03-09 14:39:50.755Z,3.2811,2,SYNTH
2026-03-09 14:39:51.347Z,3.2801,3,SYNTH
2026-03-09 14:39:52.729Z,3.2789,4,SYNTH
2026-03-09 14:39:53.646Z,3.2790,2,SYNTH
2026-03-09 14:39:54.293Z,3.2819,3,SYNTH
2026-03-09 14:39:55.783Z,3.2783,4,SYNTH
2026-03-09 14:39:56.444Z,3.2819,4,SYNTH
2026-03-09 14:39:57.761Z,3.2786,4,SYNTH
2026-03-09 14:39:58.315Z,3.2812,4,SYNTH
2026-03-09 14:39:59.379Z,3.2789,3,SYNTH
2026-03-09 14:40:00.182Z,3.2807,59,SYNTH
2026-03-09 14:40:01.881Z,3.2820,27,SYNTH
2026-03-09 14:40:02.214Z,3.2809,51,SYNTH
2026-03-09 14:40:03.657Z,3.2810,54,SYNTH
2026-03-09 14:40:04.846Z,3.2786,27,SYNTH
2026-03-09 14:40:05.473Z,3.2808,26,SYNTH
2026-03-09 14:40:06.760Z,3.2780,47,SYNTH
2026-03-09 14:40:07.814Z,3.2806,46,SYNTH
2026-03-09 14:40:08.629Z,3.2818,27,SYNTH
2026-03-09 14:40:09.520Z,3.2787,25,SYNTH
2026-03-09 14:40:10.504Z,3.2800,49,SYNTH
2026-03-09 14:40:11.274Z,3.2792,72,SYNTH
2026-03-09 14:40:12.191Z,3.2797,54,SYNTH
2026-03-09 14:40:13.066Z,3.2812,74,SYNTH
2026-03-09 14:40:14.882Z,3.2789,44,SYNTH
2026-03-09 14:40:15.335Z,3.2820,45,SYNTH
2026-03-09 14:40:16.285Z,3.2787,38,SYNTH
2026-03-09 14:40:17.567Z,3.2816,37,SYNTH
2026-03-09 14:40:18.293Z,3.2780,78,SYNTH
2026-03-09 14:40:19.843Z,3.2814,68,SYNTH
2026-03-09 14:40:20.019Z,3.2791,28,SYNTH
2026-03-09 14:40:21.226Z,3.2816,18,SYNTH
2026-03-09 14:40:22.890Z,3.2787,41,SYNTH
2026-03-09 14:40:23.083Z,3.2809,21,SYNTH
2026-03-09 14:40:24.674Z,3.2809,20,SYNTH
2026-03-09 14:40:25.040Z,3.2800,41,SYNTH
2026-03-09 14:40:26.067Z,3.2821,39,SYNTH
2026-03-09 14:40:27.144Z,3.2780,23,SYNTH
2026-03-09 14:40:28.542Z,3.2820,36,SYNTH
2026-03-09 14:40:29.219Z,3.2778,24,SYNTH
2026-03-09 14:40:30.801Z,3.2807,35,SYNTH
2026-03-09 14:40:31.118Z,3.2808,39,SYNTH
2026-03-09 14:40:32.240Z,3.2814,22,SYNTH
2026-03-09 14:40:33.876Z,3.2807,31,SYNTH
2026-03-09 14:40:34.305Z,3.2817,40,SYNTH
2026-03-09 14:40:35.052Z,3.2791,40,SYNTH
2026-03-09 14:40:36.271Z,3.2789,35,SYNTH
2026-03-09 14:40:37.403Z,3.2817,81,SYNTH
2026-03-09 14:40:38.206Z,3.2778,47,SYNTH
2026-03-09 14:40:39.825Z,3.2824,72,SYNTH
2026-03-09 14:40:40.315Z,3.2825,69,SYNTH
2026-03-09 14:40:41.425Z,3.2791,36,SYNTH
2026-03-09 14:40:42.305Z,3.2805,39,SYNTH
2026-03-09 14:40:43.580Z,3.2779,20,SYNTH
2026-03-09 14:40:44.492Z,3.2803,32,SYNTH
2026-03-09 14:40:45.532Z,3.2793,61,SYNTH
2026-03-09 14:40:46.068Z,3.2809,32,SYNTH
2026-03-09 14:40:47.480Z,3.2815,74,SYNTH
2026-03-09 14:40:48.480Z,3.2778,31,SYNTH
2026-03-09 14:40:49.426Z,3.2806,43,SYNTH
2026-03-09 14:40:50.230Z,3.2780,23,SYNTH
2026-03-09 14:40:51.728Z,3.2799,29,SYNTH
2026-03-09 14:40:52.674Z,3.2807,27,SYNTH
2026-03-09 14:40:53.754Z,3.2791,55,SYNTH
2026-03-09 14:40:54.050Z,3.2817,35,SYNTH
2026-03-09 14:40:55.281Z,3.2788,52,SYNTH
2026-03-09 14:40:56.384Z,3.2811,28,SYNTH
2026-03-09 14:40:57.061Z,3.2789,45,SYNTH
2026-03-09 14:40:58.163Z,3.2817,51,SYNTH
2026-03-09 14:40:59.865Z,3.2786,30,SYNTH
2026-03-09 14:54:00.431Z,3.2803,42,SYNTH
2026-03-09 14:54:01.373Z,3.2779,33,SYNTH
2026-03-09 14:54:02.316Z,3.2800,21,SYNTH
2026-03-09 14:54:03.273Z,3.2804,37,SYNTH
2026-03-09 14:54:04.307Z,3.2817,37,SYNTH
2026-03-09 14:54:05.685Z,3.2792,20,SYNTH
2026-03-09 14:54:06.198Z,3.2781,16,SYNTH
2026-03-09 14:54:07.747Z,3.2788,24,SYNTH
2026-03-09 14:54:08.078Z,3.2812,32,SYNTH
2026-03-09 14:54:09.430Z,3.2817,21,SYNTH
2026-03-09 14:54:10.196Z,3.2791,20,SYNTH
2026-03-09 14:54:11.013Z,3.2782,49,SYNTH
2026-03-09 14:54:12.319Z,3.2823,48,SYNTH
2026-03-09 14:54:13.265Z,3.2788,50,SYNTH
2026-03-09 14:54:14.881Z,3.2796,29,SYNTH
2026-03-09 14:54:15.259Z,3.2808,15,SYNTH
2026-03-09 14:54:16.192Z,3.2780,42,SYNTH
2026-03-09 14:54:17.446Z,3.2802,31,SYNTH
2026-03-09 14:54:18.739Z,3.2811,48,SYNTH
2026-03-09 14:54:19.861Z,3.2777,27,SYNTH
2026-03-09 14:54:20.227Z,3.2777,23,SYNTH
2026-03-09 14:54:21.081Z,3.2795,27,SYNTH
2026-03-09 14:54:22.724Z,3.2762,13,SYNTH
2026-03-09 14:54:23.864Z,3.2758,19,SYNTH
2026-03-09 14:54:24.581Z,3.2742,24,SYNTH
2026-03-09 14:54:25.100Z,3.2742,11,SYNTH
2026-03-09 14:54:26.891Z,3.2731,23,SYNTH
2026-03-09 14:54:27.032Z,3.2700,23,SYNTH
2026-03-09 14:54:28.366Z,3.2694,18,SYNTH
2026-03-09 14:54:29.586Z,3.2679,17,SYNTH
2026-03-09 14:54:30.257Z,3.2655,14,SYNTH
2026-03-09 14:54:31.113Z,3.2643,26,SYNTH
2026-03-09 14:54:32.632Z,3.2624,22,SYNTH
2026-03-09 14:54:33.193Z,3.2614,22,SYNTH
2026-03-09 14:54:34.196Z,3.2629,17,SYNTH
2026-03-09 14:54:35.746Z,3.2617,23,SYNTH
2026-03-09 14:54:36.557Z,3.2603,24,SYNTH
2026-03-09 14:54:37.072Z,3.2588,38,SYNTH
2026-03-09 14:54:38.199Z,3.2581,45,SYNTH
2026-03-09 14:54:39.157Z,3.2600,57,SYNTH
2026-03-09 14:54:40.706Z,3.2604,33,SYNTH
2026-03-09 14:54:41.269Z,3.2626,18,SYNTH
2026-03-09 14:54:42.893Z,3.2597,14,SYNTH
2026-03-09 14:54:43.150Z,3.2610,18,SYNTH
2026-03-09 14:54:44.675Z,3.2637,15,SYNTH
2026-03-09 14:54:45.238Z,3.2605,40,SYNTH
2026-03-09 14:54:46.582Z,3.2621,39,SYNTH
2026-03-09 14:54:47.554Z,3.2631,27,SYNTH
2026-03-09 14:54:48.643Z,3.2610,24,SYNTH
2026-03-09 14:54:49.896Z,3.2597,31,SYNTH
2026-03-09 14:54:50.171Z,3.2593,32,SYNTH
2026-03-09 14:54:51.061Z,3.2637,24,SYNTH
2026-03-09 14:54:52.603Z,3.2592,33,SYNTH
2026-03-09 14:54:53.669Z,3.2589,18,SYNTH
2026-03-09 14:54:54.353Z,3.2622,34,SYNTH
2026-03-09 14:54:55.874Z,3.2601,16,SYNTH
2026-03-09 14:54:56.527Z,3.2618,29,SYNTH
2026-03-09 14:54:57.284Z,3.2603,34,SYNTH
2026-03-09 14:54:58.691Z,3.2593,19,SYNTH
2026-03-09 14:54:59.419Z,3.2619,40,SYNTH
2026-03-09 14:57:00.805Z,3.2815,17,SYNTH
2026-03-09 14:57:01.255Z,3.2796,31,SYNTH
2026-03-09 14:57:02.285Z,3.2815,24,SYNTH
2026-03-09 14:57:03.511Z,3.2821,15,SYNTH
2026-03-09 14:57:04.842Z,3.2791,17,SYNTH
2026-03-09 14:57:05.791Z,3.2805,25,SYNTH
2026-03-09 14:57:06.169Z,3.2811,21,SYNTH
2026-03-09 14:57:07.106Z,3.2792,20,SYNTH
2026-03-09 14:57:08.205Z,3.2783,17,SYNTH
2026-03-09 14:57:09.306Z,3.2808,22,SYNTH
2026-03-09 14:57:10.783Z,3.2804,19,SYNTH
2026-03-09 14:57:11.282Z,3.2821,30,SYNTH
2026-03-09 14:57:12.669Z,3.2790,43,SYNTH
2026-03-09 14:57:13.603Z,3.2814,49,SYNTH
2026-03-09 14:57:14.426Z,3.2792,19,SYNTH
2026-03-09 14:57:15.307Z,3.2794,13,SYNTH
2026-03-09 14:57:16.521Z,3.2812,40,SYNTH
2026-03-09 14:57:17.771Z,3.2822,39,SYNTH
2026-03-09 14:57:18.277Z,3.2826,18,SYNTH
2026-03-09 14:57:19.855Z,3.2791,27,SYNTH
2026-03-09 14:57:20.414Z,3.2808,13,SYNTH
2026-03-09 14:57:21.602Z,3.2797,14,SYNTH
2026-03-09 14:57:22.369Z,3.2785,12,SYNTH
2026-03-09 14:57:23.860Z,3.2823,12,SYNTH
2026-03-09 14:57:24.891Z,3.2773,12,SYNTH
2026-03-09 14:57:25.678Z,3.2811,11,SYNTH
2026-03-09 14:57:26.664Z,3.2777,19,SYNTH
2026-03-09 14:57:27.014Z,3.2822,17,SYNTH
2026-03-09 14:57:28.588Z,3.2795,19,SYNTH
2026-03-09 14:57:29.651Z,3.2793,17,SYNTH
2026-03-09 14:57:30.773Z,3.2821,20,SYNTH
2026-03-09 14:57:31.880Z,3.2791,12,SYNTH
2026-03-09 14:57:32.344Z,3.2775,16,SYNTH
2026-03-09 14:57:33.755Z,3.2811,18,SYNTH
2026-03-09 14:57:34.122Z,3.2782,9,SYNTH
2026-03-09 14:57:35.503Z,3.2779,19,SYNTH
2026-03-09 14:57:36.381Z,3.2806,21,SYNTH
2026-03-09 14:57:37.886Z,3.2804,35,SYNTH
2026-03-09 14:57:38.255Z,3.2783,26,SYNTH
2026-03-09 14:57:39.240Z,3.2810,25,SYNTH
2026-03-09 14:57:40.185Z,3.2821,54,SYNTH
2026-03-09 14:57:41.300Z,3.2783,19,SYNTH
2026-03-09 14:57:42.084Z,3.2820,15,SYNTH
2026-03-09 14:57:43.643Z,3.2781,22,SYNTH
2026-03-09 14:57:44.575Z,3.2806,22,SYNTH
2026-03-09 14:57:45.351Z,3.2799,29,SYNTH
2026-03-09 14:57:46.507Z,3.2780,21,SYNTH
2026-03-09 14:57:47.106Z,3.2811,21,SYNTH
2026-03-09 14:57:48.015Z,3.2783,20,SYNTH
2026-03-09 14:57:49.263Z,3.2792,20,SYNTH
2026-03-09 14:57:50.619Z,3.2805,24,SYNTH
2026-03-09 14:57:51.360Z,3.2813,12,SYNTH
2026-03-09 14:57:52.741Z,3.2818,23,SYNTH
2026-03-09 14:57:53.420Z,3.2794,20,SYNTH
2026-03-09 14:57:54.402Z,3.2808,14,SYNTH
2026-03-09 14:57:55.506Z,3.2798,26,SYNTH
2026-03-09 14:57:56.282Z,3.2777,24,SYNTH
2026-03-09 14:57:57.121Z,3.2821,18,SYNTH
2026-03-09 14:57:58.097Z,3.2817,29,SYNTH
2026-03-09 14:57:59.087Z,3.2791,15,SYNTH
2026-03-09 15:00:00.140Z,3.2816,41,SYNTH
2026-03-09 15:00:01.360Z,3.2782,37,SYNTH
2026-03-09 15:00:02.212Z,3.2809,33,SYNTH
2026-03-09 15:00:03.689Z,3.2797,15,SYNTH
2026-03-09 15:00:04.102Z,3.2824,34,SYNTH
2026-03-09 15:00:05.296Z,3.2788,27,SYNTH
2026-03-09 15:00:06.710Z,3.2808,21,SYNTH
2026-03-09 15:00:07.767Z,3.2794,34,SYNTH
2026-03-09 15:00:08.652Z,3.2794,17,SYNTH
2026-03-09 15:00:09.572Z,3.2817,24,SYNTH
2026-03-09 15:00:10.636Z,3.2775,28,SYNTH
2026-03-09 15:00:11.586Z,3.2781,38,SYNTH
2026-03-09 15:00:12.099Z,3.2807,38,SYNTH
2026-03-09 15:00:13.569Z,3.2811,43,SYNTH
2026-03-09 15:00:14.059Z,3.2810,21,SYNTH
2026-03-09 15:00:15.457Z,3.2811,26,SYNTH
2026-03-09 15:00:16.859Z,3.2776,42,SYNTH
2026-03-09 15:00:17.238Z,3.2807,49,SYNTH
2026-03-09 15:00:18.641Z,3.2811,38,SYNTH
2026-03-09 15:00:19.051Z,3.2806,42,SYNTH
2026-03-09 15:00:20.182Z,3.2792,16,SYNTH
2026-03-09 15:00:21.614Z,3.2808,22,SYNTH
2026-03-09 15:00:22.769Z,3.2813,20,SYNTH
2026-03-09 15:00:23.539Z,3.2787,23,SYNTH
2026-03-09 15:00:24.348Z,3.2776,11,SYNTH
2026-03-09 15:00:25.313Z,3.2812,22,SYNTH
2026-03-09 15:00:26.419Z,3.2792,17,SYNTH
2026-03-09 15:00:27.844Z,3.2816,12,SYNTH
2026-03-09 15:00:28.407Z,3.2795,12,SYNTH
2026-03-09 15:00:29.015Z,3.2774,19,SYNTH
2026-03-09 15:00:30.245Z,3.2819,22,SYNTH
2026-03-09 15:00:31.461Z,3.2812,16,SYNTH
2026-03-09 15:00:32.385Z,3.2804,24,SYNTH
2026-03-09 15:00:33.340Z,3.2785,13,SYNTH
2026-03-09 15:00:34.592Z,3.2827,12,SYNTH
2026-03-09 15:00:35.554Z,3.2776,12,SYNTH
2026-03-09 15:00:36.642Z,3.2795,20,SYNTH
2026-03-09 15:00:37.453Z,3.2818,51,SYNTH
2026-03-09 15:00:38.541Z,3.2795,62,SYNTH
2026-03-09 15:00:39.684Z,3.2778,38,SYNTH
2026-03-09 15:00:40.714Z,3.2814,30,SYNTH
2026-03-09 15:00:41.473Z,3.2784,21,SYNTH
2026-03-09 15:00:42.022Z,3.2819,14,SYNTH
2026-03-09 15:00:43.332Z,3.2815,26,SYNTH
2026-03-09 15:00:44.840Z,3.2825,14,SYNTH
2026-03-09 15:00:45.494Z,3.2781,43,SYNTH
2026-03-09 15:00:46.058Z,3.2807,35,SYNTH
2026-03-09 15:00:47.548Z,3.2787,44,SYNTH
2026-03-09 15:00:48.021Z,3.2807,14,SYNTH
2026-03-09 15:00:49.717Z,3.2819,17,SYNTH
2026-03-09 15:00:50.081Z,3.2779,27,SYNTH
2026-03-09 15:00:51.407Z,3.2820,22,SYNTH
2026-03-09 15:00:52.079Z,3.2781,16,SYNTH
2026-03-09 15:00:53.449Z,3.2805,22,SYNTH
2026-03-09 15:00:54.838Z,3.2783,30,SYNTH
2026-03-09 15:00:55.586Z,3.2802,21,SYNTH
2026-03-09 15:00:56.134Z,3.2780,22,SYNTH
2026-03-09 15:00:57.458Z,3.2821,38,SYNTH
2026-03-09 15:00:58.401Z,3.2781,39,SYNTH
2026-03-09 15:00:59.873Z,3.2819,20,SYNTH
2026-03-09 15:05:00.738Z,3.2915,8,SYNTH
2026-03-09 15:05:01.484Z,3.2872,6,SYNTH
2026-03-09 15:05:02.344Z,3.2903,9,SYNTH
2026-03-09 15:05:03.438Z,3.2907,9,SYNTH
2026-03-09 15:05:04.030Z,3.2891,7,SYNTH
2026-03-09 15:05:05.430Z,3.2882,5,SYNTH
2026-03-09 15:05:06.468Z,3.2927,7,SYNTH
2026-03-09 15:05:07.732Z,3.2903,4,SYNTH
2026-03-09 15:05:08.335Z,3.2890,8,SYNTH
2026-03-09 15:05:09.479Z,3.2900,6,SYNTH
2026-03-09 15:05:10.419Z,3.2910,5,SYNTH
2026-03-09 15:05:11.588Z,3.2884,10,SYNTH
2026-03-09 15:05:12.218Z,3.2913,15,SYNTH
2026-03-09 15:05:13.697Z,3.2881,18,SYNTH
2026-03-09 15:05:14.075Z,3.2919,5,SYNTH
2026-03-09 15:05:15.363Z,3.2874,4,SYNTH
2026-03-09 15:05:16.495Z,3.2899,12,SYNTH
2026-03-09 15:05:17.508Z,3.2909,11,SYNTH
2026-03-09 15:05:18.075Z,3.2919,5,SYNTH
2026-03-09 15:05:19.345Z,3.2896,10,SYNTH
2026-03-09 15:05:20.761Z,3.2896,6,SYNTH
2026-03-09 15:05:21.153Z,3.2915,3,SYNTH
2026-03-09 15:05:22.690Z,3.2918,4,SYNTH
2026-03-09 15:05:23.246Z,3.2891,5,SYNTH
2026-03-09 15:05:24.303Z,3.2898,3,SYNTH
2026-03-09 15:05:25.287Z,3.2879,5,SYNTH
2026-03-09 15:05:26.377Z,3.2902,4,SYNTH
2026-03-09 15:05:27.067Z,3.2918,5,SYNTH
2026-03-09 15:05:28.850Z,3.2913,3,SYNTH
2026-03-09 15:05:29.119Z,3.2887,4,SYNTH
2026-03-09 15:05:30.250Z,3.2915,6,SYNTH
2026-03-09 15:05:31.888Z,3.2896,6,SYNTH
2026-03-09 15:05:32.762Z,3.2910,4,SYNTH
2026-03-09 15:05:33.593Z,3.2894,5,SYNTH
2026-03-09 15:05:34.235Z,3.2898,2,SYNTH
2026-03-09 15:05:35.811Z,3.2895,4,SYNTH
2026-03-09 15:05:36.554Z,3.2920,6,SYNTH
2026-03-09 15:05:37.819Z,3.2880,12,SYNTH
2026-03-09 15:05:38.104Z,3.2893,9,SYNTH
2026-03-09 15:05:39.216Z,3.2921,14,SYNTH
2026-03-09 15:05:40.892Z,3.2911,14,SYNTH
2026-03-09 15:05:41.382Z,3.2920,4,SYNTH
2026-03-09 15:05:42.642Z,3.2881,3,SYNTH
2026-03-09 15:05:43.703Z,3.2916,5,SYNTH
2026-03-09 15:05:44.760Z,3.2918,5,SYNTH
2026-03-09 15:05:45.101Z,3.2895,5,SYNTH
2026-03-09 15:05:46.039Z,3.2898,8,SYNTH
2026-03-09 15:05:47.234Z,3.2884,6,SYNTH
2026-03-09 15:05:48.621Z,3.2905,5,SYNTH
2026-03-09 15:05:49.428Z,3.2912,3,SYNTH
2026-03-09 15:05:50.672Z,3.2877,8,SYNTH
2026-03-09 15:05:51.564Z,3.2877,5,SYNTH
2026-03-09 15:05:52.272Z,3.2908,6,SYNTH
2026-03-09 15:05:53.024Z,3.2924,8,SYNTH
2026-03-09 15:05:54.443Z,3.2891,6,SYNTH
2026-03-09 15:05:55.610Z,3.2907,6,SYNTH
2026-03-09 15:05:56.210Z,3.2896,9,SYNTH
2026-03-09 15:05:57.725Z,3.2910,6,SYNTH
2026-03-09 15:05:58.058Z,3.2887,9,SYNTH
2026-03-09 15:05:59.212Z,3.2890,5,SYNTH
2026-03-09 15:07:00.000Z,3.3024,4,SYNTH
2026-03-09 15:07:01.108Z,3.3009,2,SYNTH
2026-03-09 15:07:02.665Z,3.3014,4,SYNTH
2026-03-09 15:07:03.545Z,3.2997,3,SYNTH
2026-03-09 15:07:04.489Z,3.3010,4,SYNTH
2026-03-09 15:07:05.834Z,3.2996,3,SYNTH
2026-03-09 15:07:06.109Z,3.3017,3,SYNTH
2026-03-09 15:07:07.325Z,3.2996,4,SYNTH
2026-03-09 15:07:08.577Z,3.3024,2,SYNTH
2026-03-09 15:07:09.304Z,3.2991,3,SYNTH
2026-03-09 15:07:10.794Z,3.3011,3,SYNTH
2026-03-09 15:07:11.157Z,3.3006,7,SYNTH
2026-03-09 15:07:12.517Z,3.3030,5,SYNTH
2026-03-09 15:07:13.025Z,3.3001,7,SYNTH
2026-03-09 15:07:14.424Z,3.2981,3,SYNTH
2026-03-09 15:07:15.652Z,3.3027,2,SYNTH
2026-03-09 15:07:16.881Z,3.3002,5,SYNTH
2026-03-09 15:07:17.149Z,3.3014,3,SYNTH
2026-03-09 15:07:18.837Z,3.3014,5,SYNTH
2026-03-09 15:07:19.671Z,3.2990,4,SYNTH
2026-03-09 15:07:20.892Z,3.3024,2,SYNTH
2026-03-09 15:07:21.016Z,3.2987,2,SYNTH
2026-03-09 15:07:22.510Z,3.3010,2,SYNTH
2026-03-09 15:07:23.665Z,3.3024,3,SYNTH
2026-03-09 15:07:24.056Z,3.3029,1,SYNTH
2026-03-09 15:07:25.844Z,3.2987,2,SYNTH
2026-03-09 15:07:26.361Z,3.3022,2,SYNTH
2026-03-09 15:07:27.784Z,3.3025,2,SYNTH
2026-03-09 15:07:28.457Z,3.3018,2,SYNTH
2026-03-09 15:07:29.007Z,3.2987,3,SYNTH
2026-03-09 15:07:30.814Z,3.3016,2,SYNTH
2026-03-09 15:07:31.470Z,3.2995,2,SYNTH
2026-03-09 15:07:32.004Z,3.3028,3,SYNTH
2026-03-09 15:07:33.398Z,3.3015,2,SYNTH
2026-03-09 15:07:34.423Z,3.2987,2,SYNTH
2026-03-09 15:07:35.283Z,3.3026,3,SYNTH
2026-03-09 15:07:36.369Z,3.3018,2,SYNTH
2026-03-09 15:07:37.130Z,3.2997,5,SYNTH
2026-03-09 15:07:38.633Z,3.3003,5,SYNTH
2026-03-09 15:07:39.491Z,3.2982,4,SYNTH
2026-03-09 15:07:40.350Z,3.3019,5,SYNTH
2026-03-09 15:07:41.134Z,3.3007,3,SYNTH
2026-03-09 15:07:42.847Z,3.2990,3,SYNTH
2026-03-09 15:07:43.889Z,3.3020,2,SYNTH
2026-03-09 15:07:44.016Z,3.3022,3,SYNTH
2026-03-09 15:07:45.699Z,3.2993,3,SYNTH
2026-03-09 15:07:46.284Z,3.3022,4,SYNTH
2026-03-09 15:07:47.673Z,3.3017,4,SYNTH
2026-03-09 15:07:48.164Z,3.2989,2,SYNTH
2026-03-09 15:07:49.787Z,3.3027,2,SYNTH
2026-03-09 15:07:50.618Z,3.2982,3,SYNTH
2026-03-09 15:07:51.523Z,3.3002,3,SYNTH
2026-03-09 15:07:52.402Z,3.3023,2,SYNTH
2026-03-09 15:07:53.485Z,3.2990,2,SYNTH
2026-03-09 15:07:54.087Z,3.3018,3,SYNTH
2026-03-09 15:07:55.392Z,3.2996,3,SYNTH
2026-03-09 15:07:56.225Z,3.3033,4,SYNTH
2026-03-09 15:07:57.819Z,3.3033,4,SYNTH
2026-03-09 15:07:58.185Z,3.3005,3,SYNTH
2026-03-09 15:07:59.408Z,3.3006,3,SYNTH
2026-03-09 15:08:00.020Z,3.2910,6,SYNTH
2026-03-09 15:08:01.462Z,3.2879,5,SYNTH
2026-03-09 15:08:02.708Z,3.2921,8,SYNTH
2026-03-09 15:08:03.348Z,3.2880,8,SYNTH
2026-03-09 15:08:04.442Z,3.2893,6,SYNTH
2026-03-09 15:08:05.750Z,3.2908,7,SYNTH
2026-03-09 15:08:06.597Z,3.2886,6,SYNTH
2026-03-09 15:08:07.698Z,3.2913,4,SYNTH
2026-03-09 15:08:08.481Z,3.2892,4,SYNTH
2026-03-09 15:08:09.439Z,3.2874,7,SYNTH
2026-03-09 15:08:10.724Z,3.2916,6,SYNTH
2026-03-09 15:08:11.850Z,3.2893,8,SYNTH
2026-03-09 15:08:12.527Z,3.2916,7,SYNTH
2026-03-09 15:08:13.159Z,3.2903,8,SYNTH
2026-03-09 15:08:14.509Z,3.2886,3,SYNTH
2026-03-09 15:08:15.758Z,3.2916,4,SYNTH
2026-03-09 15:08:16.813Z,3.2890,11,SYNTH
2026-03-09 15:08:17.871Z,3.2915,6,SYNTH
2026-03-09 15:08:18.646Z,3.2926,8,SYNTH
2026-03-09 15:08:19.021Z,3.2892,7,SYNTH
2026-03-09 15:08:20.135Z,3.2914,5,SYNTH
2026-03-09 15:08:21.588Z,3.2897,3,SYNTH
2026-03-09 15:08:22.826Z,3.2894,5,SYNTH
2026-03-09 15:08:23.710Z,3.2918,2,SYNTH
2026-03-09 15:08:24.426Z,3.2886,3,SYNTH
2026-03-09 15:08:25.835Z,3.2882,4,SYNTH
2026-03-09 15:08:26.249Z,3.2903,5,SYNTH
2026-03-09 15:08:27.136Z,3.2889,5,SYNTH
2026-03-09 15:08:28.194Z,3.2914,5,SYNTH
2026-03-09 15:08:29.635Z,3.2880,4,SYNTH
2026-03-09 15:08:30.727Z,3.2903,4,SYNTH
2026-03-09 15:08:31.842Z,3.2918,3,SYNTH
2026-03-09 15:08:32.089Z,3.2895,4,SYNTH
2026-03-09 15:08:33.322Z,3.2895,5,SYNTH
2026-03-09 15:08:34.287Z,3.2886,4,SYNTH
2026-03-09 15:08:35.134Z,3.2887,2,SYNTH
2026-03-09 15:08:36.897Z,3.2887,4,SYNTH
2026-03-09 15:08:37.538Z,3.2907,12,SYNTH
2026-03-09 15:08:38.587Z,3.2918,11,SYNTH
2026-03-09 15:08:39.333Z,3.2908,9,SYNTH
2026-03-09 15:08:40.480Z,3.2893,11,SYNTH
2026-03-09 15:08:41.100Z,3.2918,3,SYNTH
2026-03-09 15:08:42.476Z,3.2913,5,SYNTH
2026-03-09 15:08:43.853Z,3.2891,3,SYNTH
2026-03-09 15:08:44.063Z,3.2917,6,SYNTH
2026-03-09 15:08:45.728Z,3.2895,4,SYNTH
2026-03-09 15:08:46.520Z,3.2900,10,SYNTH
2026-03-09 15:08:47.787Z,3.2884,9,SYNTH
2026-03-09 15:08:48.099Z,3.2912,7,SYNTH
2026-03-09 15:08:49.191Z,3.2918,5,SYNTH
2026-03-09 15:08:50.162Z,3.2878,6,SYNTH
2026-03-09 15:08:51.506Z,3.2893,6,SYNTH
2026-03-09 15:08:52.384Z,3.2916,4,SYNTH
2026-03-09 15:08:53.064Z,3.2888,5,SYNTH
2026-03-09 15:08:54.275Z,3.2921,5,SYNTH
2026-03-09 15:08:55.536Z,3.2899,4,SYNTH
2026-03-09 15:08:56.370Z,3.2922,5,SYNTH
2026-03-09 15:08:57.214Z,3.2916,8,SYNTH
2026-03-09 15:08:58.689Z,3.2909,8,SYNTH
2026-03-09 15:08:59.618Z,3.2895,4,SYNTH
2026-03-09 15:16:00.765Z,3.2910,5,SYNTH
2026-03-09 15:16:01.074Z,3.2910,3,SYNTH
2026-03-09 15:16:02.005Z,3.2896,4,SYNTH
2026-03-09 15:16:03.457Z,3.2872,3,SYNTH
2026-03-09 15:16:04.711Z,3.2917,4,SYNTH
2026-03-09 15:16:05.827Z,3.2893,4,SYNTH
2026-03-09 15:16:06.348Z,3.2897,3,SYNTH
2026-03-09 15:16:07.379Z,3.2909,3,SYNTH
2026-03-09 15:16:08.099Z,3.2908,4,SYNTH
2026-03-09 15:16:09.592Z,3.2907,3,SYNTH
2026-03-09 15:16:10.793Z,3.2878,3,SYNTH
2026-03-09 15:16:11.075Z,3.2918,12,SYNTH
2026-03-09 15:16:12.471Z,3.2898,12,SYNTH
2026-03-09 15:16:13.164Z,3.2915,11,SYNTH
2026-03-09 15:16:14.255Z,3.2925,3,SYNTH
2026-03-09 15:16:15.564Z,3.2904,4,SYNTH
2026-03-09 15:16:16.545Z,3.2882,7,SYNTH
2026-03-09 15:16:17.301Z,3.2875,4,SYNTH
2026-03-09 15:16:18.730Z,3.2915,5,SYNTH
2026-03-09 15:16:19.301Z,3.2908,5,SYNTH
2026-03-09 15:16:20.323Z,3.2920,4,SYNTH
2026-03-09 15:16:21.849Z,3.2888,3,SYNTH
2026-03-09 15:16:22.524Z,3.2927,3,SYNTH
2026-03-09 15:16:23.144Z,3.2892,3,SYNTH
2026-03-09 15:16:24.273Z,3.2917,3,SYNTH
2026-03-09 15:16:25.011Z,3.2916,3,SYNTH
2026-03-09 15:16:26.090Z,3.2892,3,SYNTH
2026-03-09 15:16:27.040Z,3.2876,3,SYNTH
2026-03-09 15:16:28.023Z,3.2904,3,SYNTH
2026-03-09 15:16:29.659Z,3.2914,4,SYNTH
2026-03-09 15:16:30.791Z,3.2921,4,SYNTH
2026-03-09 15:16:31.611Z,3.2921,2,SYNTH
2026-03-09 15:16:32.325Z,3.2890,3,SYNTH
2026-03-09 15:16:33.778Z,3.2898,3,SYNTH
2026-03-09 15:16:34.794Z,3.2908,2,SYNTH
2026-03-09 15:16:35.773Z,3.2922,2,SYNTH
2026-03-09 15:16:36.205Z,3.2918,4,SYNTH
2026-03-09 15:16:37.393Z,3.2921,12,SYNTH
2026-03-09 15:16:38.490Z,3.2894,9,SYNTH
2026-03-09 15:16:39.043Z,3.2916,5,SYNTH
2026-03-09 15:16:40.215Z,3.2894,7,SYNTH
2026-03-09 15:16:41.076Z,3.2874,2,SYNTH
2026-03-09 15:16:42.800Z,3.2918,5,SYNTH
2026-03-09 15:16:43.001Z,3.2903,4,SYNTH
2026-03-09 15:16:44.502Z,3.2886,4,SYNTH
2026-03-09 15:16:45.595Z,3.2908,5,SYNTH
2026-03-09 15:16:46.236Z,3.2889,6,SYNTH
2026-03-09 15:16:47.621Z,3.2909,7,SYNTH
2026-03-09 15:16:48.533Z,3.2924,6,SYNTH
2026-03-09 15:16:49.761Z,3.2898,4,SYNTH
2026-03-09 15:16:50.875Z,3.2874,3,SYNTH
2026-03-09 15:16:51.790Z,3.2901,5,SYNTH
2026-03-09 15:16:52.859Z,3.2915,4,SYNTH
2026-03-09 15:16:53.756Z,3.2894,3,SYNTH
2026-03-09 15:16:54.232Z,3.2880,5,SYNTH
2026-03-09 15:16:55.417Z,3.2914,4,SYNTH
2026-03-09 15:16:56.858Z,3.2916,6,SYNTH
2026-03-09 15:16:57.617Z,3.2900,7,SYNTH
2026-03-09 15:16:58.075Z,3.2889,6,SYNTH
2026-03-09 15:16:59.217Z,3.2902,7,SYNTH
2026-03-09 15:17:00.702Z,3.2816,75,SYNTH
2026-03-09 15:17:01.287Z,3.2781,104,SYNTH
2026-03-09 15:17:02.619Z,3.2815,82,SYNTH
2026-03-09 15:17:03.737Z,3.2792,51,SYNTH
2026-03-09 15:17:04.437Z,3.2806,99,SYNTH
2026-03-09 15:17:05.468Z,3.2793,76,SYNTH
2026-03-09 15:17:06.233Z,3.2816,114,SYNTH
2026-03-09 15:17:07.301Z,3.2793,73,SYNTH
2026-03-09 15:17:08.514Z,3.2806,53,SYNTH
2026-03-09 15:17:09.007Z,3.2816,48,SYNTH
2026-03-09 15:17:10.433Z,3.2780,54,SYNTH
2026-03-09 15:17:11.362Z,3.2805,103,SYNTH
2026-03-09 15:17:12.027Z,3.2780,241,SYNTH
2026-03-09 15:17:13.116Z,3.2806,214,SYNTH
2026-03-09 15:17:14.614Z,3.2806,91,SYNTH
2026-03-09 15:17:15.891Z,3.2782,67,SYNTH
2026-03-09 15:17:16.776Z,3.2778,108,SYNTH
2026-03-09 15:17:17.133Z,3.2798,122,SYNTH
2026-03-09 15:17:18.221Z,3.2783,122,SYNTH
2026-03-09 15:17:19.292Z,3.2808,113,SYNTH
2026-03-09 15:17:20.012Z,3.2800,81,SYNTH
2026-03-09 15:17:21.167Z,3.2788,84,SYNTH
2026-03-09 15:17:22.460Z,3.2812,61,SYNTH
2026-03-09 15:17:23.118Z,3.2779,42,SYNTH
2026-03-09 15:17:24.488Z,3.2779,43,SYNTH
2026-03-09 15:17:25.722Z,3.2814,79,SYNTH
2026-03-09 15:17:26.605Z,3.2781,65,SYNTH
2026-03-09 15:17:27.607Z,3.2773,59,SYNTH
2026-03-09 15:17:28.378Z,3.2809,58,SYNTH
2026-03-09 15:17:29.806Z,3.2809,63,SYNTH
2026-03-09 15:17:30.823Z,3.2786,47,SYNTH
2026-03-09 15:17:31.178Z,3.2823,77,SYNTH
2026-03-09 15:17:32.209Z,3.2794,39,SYNTH
2026-03-09 15:17:33.021Z,3.2821,35,SYNTH
2026-03-09 15:17:34.036Z,3.2790,35,SYNTH
2026-03-09 15:17:35.141Z,3.2806,55,SYNTH
2026-03-09 15:17:36.597Z,3.2791,76,SYNTH
2026-03-09 15:17:37.243Z,3.2796,102,SYNTH
2026-03-09 15:17:38.579Z,3.2811,146,SYNTH
2026-03-09 15:17:39.614Z,3.2810,140,SYNTH
2026-03-09 15:17:40.764Z,3.2780,198,SYNTH
2026-03-09 15:17:41.816Z,3.2802,39,SYNTH
2026-03-09 15:17:42.562Z,3.2780,42,SYNTH
2026-03-09 15:17:43.646Z,3.2802,63,SYNTH
2026-03-09 15:17:44.057Z,3.2807,86,SYNTH
2026-03-09 15:17:45.339Z,3.2824,97,SYNTH
2026-03-09 15:17:46.635Z,3.2786,95,SYNTH
2026-03-09 15:17:47.691Z,3.2776,83,SYNTH
2026-03-09 15:17:48.275Z,3.2810,49,SYNTH
2026-03-09 15:17:49.715Z,3.2773,94,SYNTH
2026-03-09 15:17:50.857Z,3.2811,61,SYNTH
2026-03-09 15:17:51.667Z,3.2796,94,SYNTH
2026-03-09 15:17:52.882Z,3.2784,84,SYNTH
2026-03-09 15:17:53.177Z,3.2803,80,SYNTH
2026-03-09 15:17:54.029Z,3.2800,67,SYNTH
2026-03-09 15:17:55.691Z,3.2809,72,SYNTH
2026-03-09 15:17:56.413Z,3.2777,61,SYNTH
2026-03-09 15:17:57.256Z,3.2788,71,SYNTH
2026-03-09 15:17:58.083Z,3.2773,117,SYNTH
2026-03-09 15:17:59.260Z,3.2805,118,SYNTH
2026-03-09 15:19:00.246Z,3.2802,14,SYNTH
2026-03-09 15:19:01.897Z,3.2819,7,SYNTH
2026-03-09 15:19:02.866Z,3.2776,14,SYNTH
2026-03-09 15:19:03.695Z,3.2822,10,SYNTH
2026-03-09 15:19:04.806Z,3.2822,13,SYNTH
2026-03-09 15:19:05.321Z,3.2792,10,SYNTH
2026-03-09 15:19:06.707Z,3.2811,9,SYNTH
2026-03-09 15:19:07.650Z,3.2817,8,SYNTH
2026-03-09 15:19:08.602Z,3.2809,8,SYNTH
2026-03-09 15:19:09.772Z,3.2787,6,SYNTH
2026-03-09 15:19:10.129Z,3.2800,10,SYNTH
2026-03-09 15:19:11.410Z,3.2821,27,SYNTH
2026-03-09 15:19:12.175Z,3.2781,13,SYNTH
2026-03-09 15:19:13.007Z,3.2782,15,SYNTH
2026-03-09 15:19:14.597Z,3.2797,12,SYNTH
2026-03-09 15:19:15.863Z,3.2818,10,SYNTH
2026-03-09 15:19:16.042Z,3.2808,13,SYNTH
2026-03-09 15:19:17.262Z,3.2794,15,SYNTH
2026-03-09 15:19:18.823Z,3.2811,15,SYNTH
2026-03-09 15:19:19.648Z,3.2775,16,SYNTH
2026-03-09 15:19:20.493Z,3.2797,9,SYNTH
2026-03-09 15:19:21.496Z,3.2777,5,SYNTH
2026-03-09 15:19:22.779Z,3.2813,9,SYNTH
2026-03-09 15:19:23.194Z,3.2818,10,SYNTH
2026-03-09 15:19:24.429Z,3.2790,9,SYNTH
2026-03-09 15:19:25.056Z,3.2812,8,SYNTH
2026-03-09 15:19:26.099Z,3.2780,6,SYNTH
2026-03-09 15:19:27.848Z,3.2818,9,SYNTH
2026-03-09 15:19:28.650Z,3.2793,7,SYNTH
2026-03-09 15:19:29.865Z,3.2801,8,SYNTH
2026-03-09 15:19:30.303Z,3.2812,10,SYNTH
2026-03-09 15:19:31.824Z,3.2823,8,SYNTH
2026-03-09 15:19:32.665Z,3.2782,7,SYNTH
2026-03-09 15:19:33.574Z,3.2791,5,SYNTH
2026-03-09 15:19:34.349Z,3.2804,10,SYNTH
2026-03-09 15:19:35.434Z,3.2786,5,SYNTH
2026-03-09 15:19:36.732Z,3.2828,9,SYNTH
2026-03-09 15:19:37.256Z,3.2780,17,SYNTH
2026-03-09 15:19:38.098Z,3.2815,14,SYNTH
2026-03-09 15:19:39.856Z,3.2809,21,SYNTH
2026-03-09 15:19:40.835Z,3.2789,18,SYNTH
2026-03-09 15:19:41.187Z,3.2805,11,SYNTH
2026-03-09 15:19:42.036Z,3.2808,9,SYNTH
2026-03-09 15:19:43.439Z,3.2824,12,SYNTH
2026-03-09 15:19:44.082Z,3.2786,9,SYNTH
2026-03-09 15:19:45.809Z,3.2806,18,SYNTH
2026-03-09 15:19:46.420Z,3.2788,16,SYNTH
2026-03-09 15:19:47.806Z,3.2788,12,SYNTH
2026-03-09 15:19:48.384Z,3.2800,12,SYNTH
2026-03-09 15:19:49.751Z,3.2802,6,SYNTH
2026-03-09 15:19:50.484Z,3.2809,12,SYNTH
2026-03-09 15:19:51.588Z,3.2821,11,SYNTH
2026-03-09 15:19:52.538Z,3.2795,13,SYNTH
2026-03-09 15:19:53.296Z,3.2810,6,SYNTH
2026-03-09 15:19:54.803Z,3.2814,10,SYNTH
2026-03-09 15:19:55.155Z,3.2790,12,SYNTH
2026-03-09 15:19:56.831Z,3.2805,9,SYNTH
2026-03-09 15:19:57.890Z,3.2799,14,SYNTH
2026-03-09 15:19:58.854Z,3.2806,13,SYNTH
2026-03-09 15:19:59.387Z,3.2781,8,SYNTH
2026-03-09 15:20:00.514Z,3.2755,5,SYNTH
2026-03-09 15:20:01.239Z,3.2772,6,SYNTH
2026-03-09 15:20:02.858Z,3.2738,6,SYNTH
2026-03-09 15:20:03.786Z,3.2761,4,SYNTH
2026-03-09 15:20:04.180Z,3.2742,8,SYNTH
2026-03-09 15:20:05.671Z,3.2771,8,SYNTH
2026-03-09 15:20:06.609Z,3.2728,9,SYNTH
2026-03-09 15:20:07.259Z,3.2724,8,SYNTH
2026-03-09 15:20:08.861Z,3.2731,4,SYNTH
2026-03-09 15:20:09.701Z,3.2762,8,SYNTH
2026-03-09 15:20:10.153Z,3.2760,5,SYNTH
2026-03-09 15:20:11.255Z,3.2736,16,SYNTH
2026-03-09 15:20:12.140Z,3.2761,12,SYNTH
2026-03-09 15:20:13.536Z,3.2730,17,SYNTH
2026-03-09 15:20:14.741Z,3.2731,4,SYNTH
2026-03-09 15:20:15.557Z,3.2766,6,SYNTH
2026-03-09 15:20:16.308Z,3.2743,8,SYNTH
2026-03-09 15:20:17.203Z,3.2769,9,SYNTH
2026-03-09 15:20:18.887Z,3.2742,13,SYNTH
2026-03-09 15:20:19.601Z,3.2741,11,SYNTH
2026-03-09 15:20:20.071Z,3.2757,7,SYNTH
2026-03-09 15:20:21.109Z,3.2737,6,SYNTH
2026-03-09 15:20:22.348Z,3.2730,5,SYNTH
2026-03-09 15:20:23.653Z,3.2769,7,SYNTH
2026-03-09 15:20:24.861Z,3.2727,6,SYNTH
2026-03-09 15:20:25.266Z,3.2770,5,SYNTH
2026-03-09 15:20:26.890Z,3.2744,4,SYNTH
2026-03-09 15:20:27.737Z,3.2769,6,SYNTH
2026-03-09 15:20:28.879Z,3.2741,6,SYNTH
2026-03-09 15:20:29.232Z,3.2761,5,SYNTH
2026-03-09 15:20:30.173Z,3.2745,5,SYNTH
2026-03-09 15:20:31.127Z,3.2740,3,SYNTH
2026-03-09 15:20:32.115Z,3.2755,3,SYNTH
2026-03-09 15:20:33.116Z,3.2765,5,SYNTH
2026-03-09 15:20:34.538Z,3.2746,3,SYNTH
2026-03-09 15:20:35.351Z,3.2742,4,SYNTH
2026-03-09 15:20:36.209Z,3.2755,6,SYNTH
2026-03-09 15:20:37.347Z,3.2763,16,SYNTH
2026-03-09 15:20:38.530Z,3.2736,16,SYNTH
2026-03-09 15:20:39.319Z,3.2752,13,SYNTH
2026-03-09 15:20:40.087Z,3.2766,11,SYNTH
2026-03-09 15:20:41.178Z,3.2734,3,SYNTH
2026-03-09 15:20:42.307Z,3.2733,6,SYNTH
2026-03-09 15:20:43.708Z,3.2757,4,SYNTH
2026-03-09 15:20:44.412Z,3.2744,4,SYNTH
2026-03-09 15:20:45.114Z,3.2741,8,SYNTH
2026-03-09 15:20:46.108Z,3.2774,7,SYNTH
2026-03-09 15:20:47.372Z,3.2740,5,SYNTH
2026-03-09 15:20:48.865Z,3.2729,4,SYNTH
2026-03-09 15:20:49.469Z,3.2767,5,SYNTH
2026-03-09 15:20:50.861Z,3.2740,4,SYNTH
2026-03-09 15:20:51.419Z,3.2762,8,SYNTH
2026-03-09 15:20:52.441Z,3.2762,4,SYNTH
2026-03-09 15:20:53.642Z,3.2731,8,SYNTH
2026-03-09 15:20:54.254Z,3.2725,8,SYNTH
2026-03-09 15:20:55.804Z,3.2756,6,SYNTH
2026-03-09 15:20:56.013Z,3.2743,8,SYNTH
2026-03-09 15:20:57.468Z,3.2729,6,SYNTH
2026-03-09 15:20:58.455Z,3.2768,6,SYNTH
2026-03-09 15:20:59.588Z,3.2738,6,SYNTH
2026-03-09 15:27:00.056Z,3.2770,4,SYNTH
2026-03-09 15:27:01.750Z,3.2741,10,SYNTH
2026-03-09 15:27:02.460Z,3.2755,6,SYNTH
2026-03-09 15:27:03.599Z,3.2774,5,SYNTH
2026-03-09 15:27:04.635Z,3.2726,5,SYNTH
2026-03-09 15:27:05.635Z,3.2767,5,SYNTH
2026-03-09 15:27:06.031Z,3.2758,7,SYNTH
2026-03-09 15:27:07.274Z,3.2761,4,SYNTH
2026-03-09 15:27:08.375Z,3.2744,5,SYNTH
2026-03-09 15:27:09.345Z,3.2770,6,SYNTH
2026-03-09 15:27:10.727Z,3.2736,6,SYNTH
2026-03-09 15:27:11.146Z,3.2728,16,SYNTH
2026-03-09 15:27:12.638Z,3.2760,11,SYNTH
2026-03-09 15:27:13.339Z,3.2755,10,SYNTH
2026-03-09 15:27:14.498Z,3.2744,4,SYNTH
2026-03-09 15:27:15.291Z,3.2769,5,SYNTH
2026-03-09 15:27:16.410Z,3.2754,7,SYNTH
2026-03-09 15:27:17.547Z,3.2762,12,SYNTH
2026-03-09 15:27:18.234Z,3.2745,8,SYNTH
2026-03-09 15:27:19.681Z,3.2742,8,SYNTH
2026-03-09 15:27:20.750Z,3.2761,5,SYNTH
2026-03-09 15:27:21.295Z,3.2730,4,SYNTH
2026-03-09 15:27:22.748Z,3.2768,5,SYNTH
2026-03-09 15:27:23.411Z,3.2726,5,SYNTH
2026-03-09 15:27:24.531Z,3.2763,5,SYNTH
2026-03-09 15:27:25.372Z,3.2773,6,SYNTH
2026-03-09 15:27:26.701Z,3.2748,3,SYNTH
2026-03-09 15:27:27.498Z,3.2764,6,SYNTH
2026-03-09 15:27:28.653Z,3.2737,4,SYNTH
2026-03-09 15:27:29.388Z,3.2724,3,SYNTH
2026-03-09 15:27:30.043Z,3.2770,4,SYNTH
2026-03-09 15:27:31.553Z,3.2771,6,SYNTH
2026-03-09 15:27:32.043Z,3.2735,5,SYNTH
2026-03-09 15:27:33.140Z,3.2730,4,SYNTH
2026-03-09 15:27:34.608Z,3.2753,4,SYNTH
2026-03-09 15:27:35.816Z,3.2733,4,SYNTH
2026-03-09 15:27:36.145Z,3.2773,6,SYNTH
2026-03-09 15:27:37.653Z,3.2744,13,SYNTH
2026-03-09 15:27:38.327Z,3.2744,11,SYNTH
2026-03-09 15:27:39.153Z,3.2756,12,SYNTH
2026-03-09 15:27:40.796Z,3.2758,8,SYNTH
2026-03-09 15:27:41.641Z,3.2749,3,SYNTH
2026-03-09 15:27:42.555Z,3.2770,5,SYNTH
2026-03-09 15:27:43.585Z,3.2747,5,SYNTH
2026-03-09 15:27:44.268Z,3.2774,3,SYNTH
2026-03-09 15:27:45.242Z,3.2758,9,SYNTH
2026-03-09 15:27:46.568Z,3.2735,6,SYNTH
2026-03-09 15:27:47.175Z,3.2723,7,SYNTH
2026-03-09 15:27:48.883Z,3.2772,4,SYNTH
2026-03-09 15:27:49.427Z,3.2736,5,SYNTH
2026-03-09 15:27:50.493Z,3.2728,8,SYNTH
2026-03-09 15:27:51.618Z,3.2755,7,SYNTH
2026-03-09 15:27:52.859Z,3.2759,7,SYNTH
2026-03-09 15:27:53.485Z,3.2735,8,SYNTH
2026-03-09 15:27:54.701Z,3.2771,6,SYNTH
2026-03-09 15:27:55.140Z,3.2734,7,SYNTH
2026-03-09 15:27:56.548Z,3.2765,6,SYNTH
2026-03-09 15:27:57.151Z,3.2740,9,SYNTH
2026-03-09 15:27:58.723Z,3.2751,8,SYNTH
2026-03-09 15:27:59.099Z,3.2754,6,SYNTH
2026-03-09 15:32:00.375Z,3.2612,12,SYNTH
2026-03-09 15:32:01.515Z,3.2585,16,SYNTH
2026-03-09 15:32:02.740Z,3.2594,12,SYNTH
2026-03-09 15:32:03.716Z,3.2609,14,SYNTH
2026-03-09 15:32:04.843Z,3.2609,7,SYNTH
2026-03-09 15:32:05.126Z,3.2615,7,SYNTH
2026-03-09 15:32:06.107Z,3.2591,8,SYNTH
2026-03-09 15:32:07.313Z,3.2616,7,SYNTH
2026-03-09 15:32:08.096Z,3.2586,13,SYNTH
2026-03-09 15:32:09.463Z,3.2607,8,SYNTH
2026-03-09 15:32:10.181Z,3.2593,12,SYNTH
2026-03-09 15:32:11.865Z,3.2614,17,SYNTH
2026-03-09 15:32:12.737Z,3.2584,29,SYNTH
2026-03-09 15:32:13.035Z,3.2588,14,SYNTH
2026-03-09 15:32:14.282Z,3.2609,12,SYNTH
2026-03-09 15:32:15.285Z,3.2621,10,SYNTH
2026-03-09 15:32:16.653Z,3.2611,16,SYNTH
2026-03-09 15:32:17.876Z,3.2586,13,SYNTH
2026-03-09 15:32:18.706Z,3.2619,12,SYNTH
2026-03-09 15:32:19.431Z,3.2590,13,SYNTH
2026-03-09 15:32:20.818Z,3.2594,5,SYNTH
2026-03-09 15:32:21.110Z,3.2606,9,SYNTH
2026-03-09 15:32:22.004Z,3.2616,7,SYNTH
2026-03-09 15:32:23.189Z,3.2583,7,SYNTH
2026-03-09 15:32:24.881Z,3.2591,6,SYNTH
2026-03-09 15:32:25.662Z,3.2616,6,SYNTH
2026-03-09 15:32:26.357Z,3.2594,9,SYNTH
2026-03-09 15:32:27.037Z,3.2603,5,SYNTH
2026-03-09 15:32:28.755Z,3.2588,6,SYNTH
2026-03-09 15:32:29.577Z,3.2607,8,SYNTH
2026-03-09 15:32:30.813Z,3.2610,9,SYNTH
2026-03-09 15:32:31.180Z,3.2578,6,SYNTH
2026-03-09 15:32:32.504Z,3.2603,6,SYNTH
2026-03-09 15:32:33.126Z,3.2592,5,SYNTH
2026-03-09 15:32:34.821Z,3.2607,6,SYNTH
2026-03-09 15:32:35.662Z,3.2604,9,SYNTH
2026-03-09 15:32:36.595Z,3.2589,10,SYNTH
2026-03-09 15:32:37.406Z,3.2617,24,SYNTH
2026-03-09 15:32:38.481Z,3.2587,14,SYNTH
2026-03-09 15:32:39.713Z,3.2614,27,SYNTH
2026-03-09 15:32:40.802Z,3.2592,20,SYNTH
2026-03-09 15:32:41.678Z,3.2595,7,SYNTH
2026-03-09 15:32:42.206Z,3.2614,11,SYNTH
2026-03-09 15:32:43.095Z,3.2590,12,SYNTH
2026-03-09 15:32:44.119Z,3.2577,5,SYNTH
2026-03-09 15:32:45.598Z,3.2616,18,SYNTH
2026-03-09 15:32:46.051Z,3.2585,11,SYNTH
2026-03-09 15:32:47.174Z,3.2604,11,SYNTH
2026-03-09 15:32:48.665Z,3.2583,9,SYNTH
2026-03-09 15:32:49.168Z,3.2614,8,SYNTH
2026-03-09 15:32:50.578Z,3.2580,8,SYNTH
2026-03-09 15:32:51.632Z,3.2612,10,SYNTH
2026-03-09 15:32:52.155Z,3.2612,10,SYNTH
2026-03-09 15:32:53.461Z,3.2607,7,SYNTH
2026-03-09 15:32:54.121Z,3.2592,7,SYNTH
2026-03-09 15:32:55.718Z,3.2626,14,SYNTH
2026-03-09 15:32:56.693Z,3.2604,11,SYNTH
2026-03-09 15:32:57.124Z,3.2596,7,SYNTH
2026-03-09 15:32:58.865Z,3.2597,12,SYNTH
2026-03-09 15:32:59.689Z,3.2597,15,SYNTH
2026-03-09 15:47:00.496Z,3.2908,5,SYNTH
2026-03-09 15:47:01.184Z,3.2904,5,SYNTH
2026-03-09 15:47:02.184Z,3.2891,5,SYNTH
2026-03-09 15:47:03.544Z,3.2913,9,SYNTH
2026-03-09 15:47:04.144Z,3.2888,10,SYNTH
2026-03-09 15:47:05.181Z,3.2917,10,SYNTH
2026-03-09 15:47:06.210Z,3.2879,8,SYNTH
2026-03-09 15:47:07.281Z,3.2913,5,SYNTH
2026-03-09 15:47:08.088Z,3.2915,4,SYNTH
2026-03-09 15:47:09.568Z,3.2896,9,SYNTH
2026-03-09 15:47:10.460Z,3.2902,7,SYNTH
2026-03-09 15:47:11.619Z,3.2882,23,SYNTH
2026-03-09 15:47:12.561Z,3.2873,21,SYNTH
2026-03-09 15:47:13.061Z,3.2908,9,SYNTH
2026-03-09 15:47:14.274Z,3.2879,4,SYNTH
2026-03-09 15:47:15.282Z,3.2899,7,SYNTH
2026-03-09 15:47:16.557Z,3.2909,6,SYNTH
2026-03-09 15:47:17.416Z,3.2891,7,SYNTH
2026-03-09 15:47:18.251Z,3.2878,13,SYNTH
2026-03-09 15:47:19.673Z,3.2920,6,SYNTH
2026-03-09 15:47:20.268Z,3.2883,7,SYNTH
2026-03-09 15:47:21.731Z,3.2919,5,SYNTH
2026-03-09 15:47:22.555Z,3.2890,6,SYNTH
2026-03-09 15:47:23.843Z,3.2912,7,SYNTH
2026-03-09 15:47:24.474Z,3.2907,7,SYNTH
2026-03-09 15:47:25.609Z,3.2884,6,SYNTH
2026-03-09 15:47:26.190Z,3.2916,5,SYNTH
2026-03-09 15:47:27.125Z,3.2880,6,SYNTH
2026-03-09 15:47:28.196Z,3.2896,4,SYNTH
2026-03-09 15:47:29.431Z,3.2909,3,SYNTH
2026-03-09 15:47:30.887Z,3.2886,4,SYNTH
2026-03-09 15:47:31.052Z,3.2922,5,SYNTH
2026-03-09 15:47:32.072Z,3.2913,7,SYNTH
2026-03-09 15:47:33.361Z,3.2916,5,SYNTH
2026-03-09 15:47:34.485Z,3.2884,5,SYNTH
2026-03-09 15:47:35.673Z,3.2890,7,SYNTH
2026-03-09 15:47:36.344Z,3.2884,5,SYNTH
2026-03-09 15:47:37.036Z,3.2881,11,SYNTH
2026-03-09 15:47:38.445Z,3.2906,15,SYNTH
2026-03-09 15:47:39.600Z,3.2886,19,SYNTH
2026-03-09 15:47:40.493Z,3.2916,10,SYNTH
2026-03-09 15:47:41.244Z,3.2886,4,SYNTH
2026-03-09 15:47:42.069Z,3.2915,5,SYNTH
2026-03-09 15:47:43.844Z,3.2884,8,SYNTH
2026-03-09 15:47:44.315Z,3.2904,4,SYNTH
2026-03-09 15:47:45.425Z,3.2896,7,SYNTH
2026-03-09 15:47:46.122Z,3.2879,8,SYNTH
2026-03-09 15:47:47.787Z,3.2904,10,SYNTH
2026-03-09 15:47:48.582Z,3.2910,9,SYNTH
2026-03-09 15:47:49.174Z,3.2907,4,SYNTH
2026-03-09 15:47:50.664Z,3.2876,6,SYNTH
2026-03-09 15:47:51.755Z,3.2898,4,SYNTH
2026-03-09 15:47:52.376Z,3.2904,9,SYNTH
2026-03-09 15:47:53.223Z,3.2885,5,SYNTH
2026-03-09 15:47:54.649Z,3.2916,8,SYNTH
2026-03-09 15:47:55.184Z,3.2893,8,SYNTH
2026-03-09 15:47:56.721Z,3.2871,8,SYNTH
2026-03-09 15:47:57.354Z,3.2908,7,SYNTH
2026-03-09 15:47:58.787Z,3.2872,11,SYNTH
2026-03-09 15:47:59.782Z,3.2903,7,SYNTH
2026-03-09 15:51:00.339Z,3.2855,3,SYNTH
2026-03-09 15:51:01.159Z,3.2866,5,SYNTH
2026-03-09 15:51:02.126Z,3.2847,3,SYNTH
2026-03-09 15:51:03.752Z,3.2877,4,SYNTH
2026-03-09 15:51:04.503Z,3.2847,6,SYNTH
2026-03-09 15:51:05.456Z,3.2856,4,SYNTH
2026-03-09 15:51:06.210Z,3.2833,5,SYNTH
2026-03-09 15:51:07.189Z,3.2838,3,SYNTH
2026-03-09 15:51:08.284Z,3.2851,3,SYNTH
2026-03-09 15:51:09.469Z,3.2849,4,SYNTH
2026-03-09 15:51:10.738Z,3.2858,5,SYNTH
2026-03-09 15:51:11.440Z,3.2843,6,SYNTH
2026-03-09 15:51:12.317Z,3.2856,13,SYNTH
2026-03-09 15:51:13.710Z,3.2834,5,SYNTH
2026-03-09 15:51:14.824Z,3.2866,3,SYNTH
2026-03-09 15:51:15.435Z,3.2838,2,SYNTH
2026-03-09 15:51:16.263Z,3.2829,5,SYNTH
2026-03-09 15:51:17.688Z,3.2870,5,SYNTH
2026-03-09 15:51:18.870Z,3.2833,6,SYNTH
2026-03-09 15:51:19.518Z,3.2867,6,SYNTH
2026-03-09 15:51:20.205Z,3.2828,3,SYNTH
2026-03-09 15:51:21.456Z,3.2868,4,SYNTH
2026-03-09 15:51:22.721Z,3.2865,4,SYNTH
2026-03-09 15:51:23.111Z,3.2840,3,SYNTH
2026-03-09 15:51:24.508Z,3.2867,3,SYNTH
2026-03-09 15:51:25.278Z,3.2824,4,SYNTH
2026-03-09 15:51:26.042Z,3.2860,4,SYNTH
2026-03-09 15:51:27.746Z,3.2836,2,SYNTH
2026-03-09 15:51:28.105Z,3.2859,4,SYNTH
2026-03-09 15:51:29.510Z,3.2862,4,SYNTH
2026-03-09 15:51:30.199Z,3.2847,2,SYNTH
2026-03-09 15:51:31.799Z,3.2842,3,SYNTH
2026-03-09 15:51:32.456Z,3.2869,2,SYNTH
2026-03-09 15:51:33.386Z,3.2838,4,SYNTH
2026-03-09 15:51:34.438Z,3.2862,2,SYNTH
2026-03-09 15:51:35.683Z,3.2844,4,SYNTH
2026-03-09 15:51:36.045Z,3.2872,4,SYNTH
2026-03-09 15:51:37.642Z,3.2830,11,SYNTH
2026-03-09 15:51:38.652Z,3.2862,9,SYNTH
2026-03-09 15:51:39.584Z,3.2833,8,SYNTH
2026-03-09 15:51:40.790Z,3.2865,10,SYNTH
2026-03-09 15:51:41.689Z,3.2862,3,SYNTH
2026-03-09 15:51:42.083Z,3.2843,4,SYNTH
2026-03-09 15:51:43.497Z,3.2855,4,SYNTH
2026-03-09 15:51:44.607Z,3.2874,5,SYNTH
2026-03-09 15:51:45.041Z,3.2845,5,SYNTH
2026-03-09 15:51:46.069Z,3.2855,5,SYNTH
2026-03-09 15:51:47.611Z,3.2858,4,SYNTH
2026-03-09 15:51:48.162Z,3.2828,5,SYNTH
2026-03-09 15:51:49.437Z,3.2864,4,SYNTH
2026-03-09 15:51:50.157Z,3.2844,5,SYNTH
2026-03-09 15:51:51.267Z,3.2843,5,SYNTH
2026-03-09 15:51:52.214Z,3.2826,5,SYNTH
2026-03-09 15:51:53.431Z,3.2852,5,SYNTH
2026-03-09 15:51:54.502Z,3.2869,6,SYNTH
2026-03-09 15:51:55.475Z,3.2830,3,SYNTH
2026-03-09 15:51:56.190Z,3.2870,5,SYNTH
2026-03-09 15:51:57.458Z,3.2841,5,SYNTH
2026-03-09 15:51:58.604Z,3.2839,7,SYNTH
2026-03-09 15:51:59.065Z,3.2864,7,SYNTH
2026-03-09 15:53:00.038Z,3.3415,8,SYNTH
2026-03-09 15:53:01.528Z,3.3390,9,SYNTH
2026-03-09 15:53:02.213Z,3.3383,4,SYNTH
2026-03-09 15:53:03.361Z,3.3399,7,SYNTH
2026-03-09 15:53:04.210Z,3.3405,5,SYNTH
2026-03-09 15:53:05.792Z,3.3379,8,SYNTH
2026-03-09 15:53:06.728Z,3.3411,6,SYNTH
2026-03-09 15:53:07.656Z,3.3392,8,SYNTH
2026-03-09 15:53:08.423Z,3.3417,9,SYNTH
2026-03-09 15:53:09.349Z,3.3413,7,SYNTH
2026-03-09 15:53:10.772Z,3.3398,6,SYNTH
2026-03-09 15:53:11.776Z,3.3393,14,SYNTH
2026-03-09 15:53:12.560Z,3.3418,18,SYNTH
2026-03-09 15:53:13.559Z,3.3417,17,SYNTH
2026-03-09 15:53:14.732Z,3.3390,4,SYNTH
2026-03-09 15:53:15.387Z,3.3416,6,SYNTH
2026-03-09 15:53:16.256Z,3.3413,6,SYNTH
2026-03-09 15:53:17.738Z,3.3395,13,SYNTH
2026-03-09 15:53:18.006Z,3.3384,9,SYNTH
2026-03-09 15:53:19.106Z,3.3380,11,SYNTH
2026-03-09 15:53:20.662Z,3.3415,5,SYNTH
2026-03-09 15:53:21.728Z,3.3383,5,SYNTH
2026-03-09 15:53:22.648Z,3.3412,7,SYNTH
2026-03-09 15:53:23.516Z,3.3405,4,SYNTH
2026-03-09 15:53:24.712Z,3.3391,5,SYNTH
2026-03-09 15:53:25.513Z,3.3412,3,SYNTH
2026-03-09 15:53:26.673Z,3.3423,6,SYNTH
2026-03-09 15:53:27.560Z,3.3417,6,SYNTH
2026-03-09 15:53:28.857Z,3.3392,4,SYNTH
2026-03-09 15:53:29.663Z,3.3407,6,SYNTH
2026-03-09 15:53:30.518Z,3.3412,6,SYNTH
2026-03-09 15:53:31.073Z,3.3424,6,SYNTH
2026-03-09 15:53:32.854Z,3.3420,5,SYNTH
2026-03-09 15:53:33.341Z,3.3404,6,SYNTH
2026-03-09 15:53:34.001Z,3.3385,4,SYNTH
2026-03-09 15:53:35.604Z,3.3382,5,SYNTH
2026-03-09 15:53:36.203Z,3.3376,4,SYNTH
2026-03-09 15:53:37.422Z,3.3417,15,SYNTH
2026-03-09 15:53:38.279Z,3.3418,13,SYNTH
2026-03-09 15:53:39.451Z,3.3396,13,SYNTH
2026-03-09 15:53:40.400Z,3.3387,10,SYNTH
2026-03-09 15:53:41.876Z,3.3411,4,SYNTH
2026-03-09 15:53:42.429Z,3.3387,4,SYNTH
2026-03-09 15:53:43.035Z,3.3407,5,SYNTH
2026-03-09 15:53:44.861Z,3.3389,5,SYNTH
2026-03-09 15:53:45.097Z,3.3413,7,SYNTH
2026-03-09 15:53:46.352Z,3.3419,12,SYNTH
2026-03-09 15:53:47.436Z,3.3377,9,SYNTH
2026-03-09 15:53:48.292Z,3.3415,3,SYNTH
2026-03-09 15:53:49.148Z,3.3396,4,SYNTH
2026-03-09 15:53:50.310Z,3.3395,8,SYNTH
2026-03-09 15:53:51.628Z,3.3393,9,SYNTH
2026-03-09 15:53:52.183Z,3.3381,9,SYNTH
2026-03-09 15:53:53.568Z,3.3377,5,SYNTH
2026-03-09 15:53:54.754Z,3.3418,8,SYNTH
2026-03-09 15:53:55.102Z,3.3415,4,SYNTH
2026-03-09 15:53:56.009Z,3.3410,8,SYNTH
2026-03-09 15:53:57.646Z,3.3395,9,SYNTH
2026-03-09 15:53:58.364Z,3.3424,11,SYNTH
2026-03-09 15:53:59.830Z,3.3396,5,SYNTH
2026-03-09 16:15:00.699Z,3.2807,2,SYNTH
2026-03-09 16:15:01.356Z,3.2804,2,SYNTH
2026-03-09 16:15:02.412Z,3.2814,2,SYNTH
2026-03-09 16:15:03.868Z,3.2794,1,SYNTH
2026-03-09 16:15:04.152Z,3.2812,1,SYNTH
2026-03-09 16:15:05.764Z,3.2799,2,SYNTH
2026-03-09 16:15:06.095Z,3.2804,1,SYNTH
2026-03-09 16:15:07.475Z,3.2795,1,SYNTH
2026-03-09 16:15:08.698Z,3.2776,2,SYNTH
2026-03-09 16:15:09.437Z,3.2811,2,SYNTH
2026-03-09 16:15:10.475Z,3.2781,1,SYNTH
2026-03-09 16:15:11.182Z,3.2782,4,SYNTH
2026-03-09 16:15:12.595Z,3.2801,4,SYNTH
2026-03-09 16:15:13.137Z,3.2794,4,SYNTH
2026-03-09 16:15:14.271Z,3.2799,1,SYNTH
2026-03-09 16:15:15.452Z,3.2822,1,SYNTH
2026-03-09 16:15:16.559Z,3.2789,3,SYNTH
2026-03-09 16:15:17.729Z,3.2821,2,SYNTH
2026-03-09 16:15:18.066Z,3.2780,3,SYNTH
2026-03-09 16:15:19.186Z,3.2794,3,SYNTH
2026-03-09 16:15:20.050Z,3.2805,1,SYNTH
2026-03-09 16:15:21.414Z,3.2793,1,SYNTH
2026-03-09 16:15:22.814Z,3.2821,1,SYNTH
2026-03-09 16:15:23.224Z,3.2777,2,SYNTH
2026-03-09 16:15:24.849Z,3.2817,1,SYNTH
2026-03-09 16:15:25.489Z,3.2824,1,SYNTH
2026-03-09 16:15:26.075Z,3.2793,1,SYNTH
2026-03-09 16:15:27.587Z,3.2827,1,SYNTH
2026-03-09 16:15:28.126Z,3.2775,1,SYNTH
2026-03-09 16:15:29.121Z,3.2791,1,SYNTH
2026-03-09 16:15:30.080Z,3.2799,1,SYNTH
2026-03-09 16:15:31.346Z,3.2784,2,SYNTH
2026-03-09 16:15:32.667Z,3.2814,1,SYNTH
2026-03-09 16:15:33.093Z,3.2782,1,SYNTH
2026-03-09 16:15:34.563Z,3.2807,1,SYNTH
2026-03-09 16:15:35.094Z,3.2794,1,SYNTH
2026-03-09 16:15:36.862Z,3.2815,2,SYNTH
2026-03-09 16:15:37.317Z,3.2818,4,SYNTH
2026-03-09 16:15:38.616Z,3.2778,3,SYNTH
2026-03-09 16:15:39.327Z,3.2825,5,SYNTH
2026-03-09 16:15:40.828Z,3.2790,3,SYNTH
2026-03-09 16:15:41.767Z,3.2795,1,SYNTH
2026-03-09 16:15:42.448Z,3.2816,1,SYNTH
2026-03-09 16:15:43.528Z,3.2806,2,SYNTH
2026-03-09 16:15:44.418Z,3.2788,1,SYNTH
2026-03-09 16:15:45.205Z,3.2816,2,SYNTH
2026-03-09 16:15:46.049Z,3.2818,3,SYNTH
2026-03-09 16:15:47.689Z,3.2822,1,SYNTH
2026-03-09 16:15:48.761Z,3.2781,1,SYNTH
2026-03-09 16:15:49.889Z,3.2791,2,SYNTH
2026-03-09 16:15:50.556Z,3.2817,2,SYNTH
2026-03-09 16:15:51.799Z,3.2779,2,SYNTH
2026-03-09 16:15:52.744Z,3.2817,1,SYNTH
2026-03-09 16:15:53.250Z,3.2796,1,SYNTH
2026-03-09 16:15:54.119Z,3.2813,2,SYNTH
2026-03-09 16:15:55.581Z,3.2793,2,SYNTH
2026-03-09 16:15:56.512Z,3.2808,1,SYNTH
2026-03-09 16:15:57.099Z,3.2802,2,SYNTH
2026-03-09 16:15:58.180Z,3.2808,3,SYNTH
2026-03-09 16:15:59.581Z,3.2795,2,SYNTH
2026-03-09 16:19:00.349Z,3.2802,4,SYNTH
2026-03-09 16:19:01.858Z,3.2812,3,SYNTH
2026-03-09 16:19:02.141Z,3.2800,3,SYNTH
2026-03-09 16:19:03.770Z,3.2794,3,SYNTH
2026-03-09 16:19:04.090Z,3.2796,2,SYNTH
2026-03-09 16:19:05.873Z,3.2813,3,SYNTH
2026-03-09 16:19:06.280Z,3.2809,3,SYNTH
2026-03-09 16:19:07.898Z,3.2795,3,SYNTH
2026-03-09 16:19:08.751Z,3.2783,3,SYNTH
2026-03-09 16:19:09.498Z,3.2819,4,SYNTH
2026-03-09 16:19:10.150Z,3.2782,3,SYNTH
2026-03-09 16:19:11.237Z,3.2804,8,SYNTH
2026-03-09 16:19:12.861Z,3.2786,9,SYNTH
2026-03-09 16:19:13.760Z,3.2774,6,SYNTH
2026-03-09 16:19:14.704Z,3.2796,2,SYNTH
2026-03-09 16:19:15.625Z,3.2806,2,SYNTH
2026-03-09 16:19:16.181Z,3.2804,6,SYNTH
2026-03-09 16:19:17.541Z,3.2820,3,SYNTH
2026-03-09 16:19:18.216Z,3.2788,3,SYNTH
2026-03-09 16:19:19.723Z,3.2812,4,SYNTH
2026-03-09 16:19:20.036Z,3.2793,2,SYNTH
2026-03-09 16:19:21.253Z,3.2789,2,SYNTH
2026-03-09 16:19:22.276Z,3.2821,2,SYNTH
2026-03-09 16:19:23.727Z,3.2787,3,SYNTH
2026-03-09 16:19:24.683Z,3.2808,3,SYNTH
2026-03-09 16:19:25.495Z,3.2802,2,SYNTH
2026-03-09 16:19:26.801Z,3.2806,2,SYNTH
2026-03-09 16:19:27.470Z,3.2820,3,SYNTH
2026-03-09 16:19:28.698Z,3.2791,3,SYNTH
2026-03-09 16:19:29.389Z,3.2789,2,SYNTH
2026-03-09 16:19:30.870Z,3.2813,3,SYNTH
2026-03-09 16:19:31.049Z,3.2788,2,SYNTH
2026-03-09 16:19:32.234Z,3.2794,3,SYNTH
2026-03-09 16:19:33.887Z,3.2782,3,SYNTH
2026-03-09 16:19:34.002Z,3.2818,2,SYNTH
2026-03-09 16:19:35.032Z,3.2807,2,SYNTH
2026-03-09 16:19:36.538Z,3.2813,3,SYNTH
2026-03-09 16:19:37.888Z,3.2793,8,SYNTH
2026-03-09 16:19:38.550Z,3.2818,5,SYNTH
2026-03-09 16:19:39.355Z,3.2782,6,SYNTH
2026-03-09 16:19:40.149Z,3.2820,6,SYNTH
2026-03-09 16:19:41.519Z,3.2784,3,SYNTH
2026-03-09 16:19:42.812Z,3.2812,2,SYNTH
2026-03-09 16:19:43.275Z,3.2816,3,SYNTH
2026-03-09 16:19:44.830Z,3.2788,2,SYNTH
2026-03-09 16:19:45.760Z,3.2813,5,SYNTH
2026-03-09 16:19:46.292Z,3.2810,4,SYNTH
2026-03-09 16:19:47.529Z,3.2822,2,SYNTH
2026-03-09 16:19:48.161Z,3.2788,2,SYNTH
2026-03-09 16:19:49.827Z,3.2811,2,SYNTH
2026-03-09 16:19:50.864Z,3.2792,3,SYNTH
2026-03-09 16:19:51.637Z,3.2793,3,SYNTH
2026-03-09 16:19:52.591Z,3.2800,3,SYNTH
2026-03-09 16:19:53.139Z,3.2801,4,SYNTH
2026-03-09 16:19:54.029Z,3.2790,3,SYNTH
2026-03-09 16:19:55.558Z,3.2792,2,SYNTH
2026-03-09 16:19:56.130Z,3.2817,2,SYNTH
2026-03-09 16:19:57.874Z,3.2789,4,SYNTH
2026-03-09 16:19:58.590Z,3.2775,4,SYNTH
2026-03-09 16:19:59.006Z,3.2806,4,SYNTH
2026-03-09 16:20:00.114Z,3.3012,2,SYNTH
2026-03-09 16:20:01.528Z,3.3008,2,SYNTH
2026-03-09 16:20:02.252Z,3.2992,2,SYNTH
2026-03-09 16:20:03.894Z,3.3012,2,SYNTH
2026-03-09 16:20:04.050Z,3.3024,2,SYNTH
2026-03-09 16:20:05.338Z,3.2994,2,SYNTH
2026-03-09 16:20:06.837Z,3.2986,1,SYNTH
2026-03-09 16:20:07.379Z,3.3018,2,SYNTH
2026-03-09 16:20:08.290Z,3.2982,2,SYNTH
2026-03-09 16:20:09.541Z,3.3012,2,SYNTH
2026-03-09 16:20:10.459Z,3.2989,1,SYNTH
2026-03-09 16:20:11.001Z,3.3002,4,SYNTH
2026-03-09 16:20:12.155Z,3.3011,2,SYNTH
2026-03-09 16:20:13.587Z,3.2988,2,SYNTH
2026-03-09 16:20:14.481Z,3.2984,2,SYNTH
2026-03-09 16:20:15.649Z,3.3002,1,SYNTH
2026-03-09 16:20:16.172Z,3.3023,3,SYNTH
2026-03-09 16:20:17.563Z,3.2987,2,SYNTH
2026-03-09 16:20:18.803Z,3.3010,3,SYNTH
2026-03-09 16:20:19.388Z,3.2991,3,SYNTH
2026-03-09 16:20:20.037Z,3.3007,2,SYNTH
2026-03-09 16:20:21.534Z,3.2973,2,SYNTH
2026-03-09 16:20:22.377Z,3.3001,2,SYNTH
2026-03-09 16:20:23.607Z,3.2994,1,SYNTH
2026-03-09 16:20:24.670Z,3.3017,2,SYNTH
2026-03-09 16:20:25.102Z,3.2996,1,SYNTH
2026-03-09 16:20:26.442Z,3.3001,1,SYNTH
2026-03-09 16:20:27.175Z,3.3009,1,SYNTH
2026-03-09 16:20:28.152Z,3.2979,1,SYNTH
2026-03-09 16:20:29.004Z,3.3018,1,SYNTH
2026-03-09 16:20:30.584Z,3.2996,1,SYNTH
2026-03-09 16:20:31.140Z,3.2978,1,SYNTH
2026-03-09 16:20:32.323Z,3.2985,1,SYNTH
2026-03-09 16:20:33.708Z,3.3013,1,SYNTH
2026-03-09 16:20:34.570Z,3.3016,1,SYNTH
2026-03-09 16:20:35.085Z,3.2987,1,SYNTH
2026-03-09 16:20:36.568Z,3.2983,1,SYNTH
2026-03-09 16:20:37.427Z,3.2975,4,SYNTH
2026-03-09 16:20:38.554Z,3.2991,3,SYNTH
2026-03-09 16:20:39.477Z,3.3011,4,SYNTH
2026-03-09 16:20:40.721Z,3.3004,4,SYNTH
2026-03-09 16:20:41.378Z,3.2990,2,SYNTH
2026-03-09 16:20:42.563Z,3.3005,2,SYNTH
2026-03-09 16:20:43.436Z,3.3000,2,SYNTH
2026-03-09 16:20:44.359Z,3.3005,1,SYNTH
2026-03-09 16:20:45.198Z,3.2977,2,SYNTH
2026-03-09 16:20:46.526Z,3.3011,1,SYNTH
2026-03-09 16:20:47.594Z,3.3018,2,SYNTH
2026-03-09 16:20:48.891Z,3.3013,2,SYNTH
2026-03-09 16:20:49.674Z,3.2983,2,SYNTH
2026-03-09 16:20:50.639Z,3.3007,2,SYNTH
2026-03-09 16:20:51.099Z,3.2991,2,SYNTH
2026-03-09 16:20:52.586Z,3.3007,1,SYNTH
2026-03-09 16:20:53.090Z,3.2994,2,SYNTH
2026-03-09 16:20:54.770Z,3.2977,2,SYNTH
2026-03-09 16:20:55.768Z,3.3006,2,SYNTH
2026-03-09 16:20:56.737Z,3.2981,2,SYNTH
2026-03-09 16:20:57.688Z,3.3017,2,SYNTH
2026-03-09 16:20:58.627Z,3.2984,2,SYNTH
2026-03-09 16:20:59.407Z,3.3007,2,SYNTH
2026-03-09 16:22:00.629Z,3.3018,2,SYNTH
2026-03-09 16:22:01.641Z,3.2993,1,SYNTH
2026-03-09 16:22:02.145Z,3.3011,2,SYNTH
2026-03-09 16:22:03.183Z,3.2995,1,SYNTH
2026-03-09 16:22:04.250Z,3.3011,2,SYNTH
2026-03-09 16:22:05.118Z,3.3010,1,SYNTH
2026-03-09 16:22:06.875Z,3.3026,1,SYNTH
2026-03-09 16:22:07.540Z,3.2978,2,SYNTH
2026-03-09 16:22:08.539Z,3.3000,2,SYNTH
2026-03-09 16:22:09.872Z,3.3014,1,SYNTH
2026-03-09 16:22:10.121Z,3.2990,2,SYNTH
2026-03-09 16:22:11.110Z,3.2995,3,SYNTH
2026-03-09 16:22:12.151Z,3.3024,3,SYNTH
2026-03-09 16:22:13.256Z,3.3000,4,SYNTH
2026-03-09 16:22:14.704Z,3.2985,1,SYNTH
2026-03-09 16:22:15.460Z,3.2988,1,SYNTH
2026-03-09 16:22:16.573Z,3.2974,2,SYNTH
2026-03-09 16:22:17.877Z,3.3017,1,SYNTH
2026-03-09 16:22:18.098Z,3.3021,2,SYNTH
2026-03-09 16:22:19.821Z,3.3020,2,SYNTH
2026-03-09 16:22:20.478Z,3.3000,1,SYNTH
2026-03-09 16:22:21.552Z,3.2998,1,SYNTH
2026-03-09 16:22:22.408Z,3.2977,2,SYNTH
2026-03-09 16:22:23.430Z,3.3015,2,SYNTH
2026-03-09 16:22:24.035Z,3.3013,1,SYNTH
2026-03-09 16:22:25.665Z,3.3007,2,SYNTH
2026-03-09 16:22:26.126Z,3.3026,1,SYNTH
2026-03-09 16:22:27.195Z,3.2992,1,SYNTH
2026-03-09 16:22:28.621Z,3.3011,1,SYNTH
2026-03-09 16:22:29.453Z,3.2986,1,SYNTH
2026-03-09 16:22:30.542Z,3.3022,1,SYNTH
2026-03-09 16:22:31.280Z,3.2979,1,SYNTH
2026-03-09 16:22:32.474Z,3.2988,1,SYNTH
2026-03-09 16:22:33.747Z,3.3014,1,SYNTH
2026-03-09 16:22:34.703Z,3.2976,1,SYNTH
2026-03-09 16:22:35.534Z,3.3004,1,SYNTH
2026-03-09 16:22:36.100Z,3.2991,1,SYNTH
2026-03-09 16:22:37.224Z,3.3018,2,SYNTH
2026-03-09 16:22:38.669Z,3.2993,3,SYNTH
2026-03-09 16:22:39.209Z,3.3015,3,SYNTH
2026-03-09 16:22:40.715Z,3.2997,4,SYNTH
2026-03-09 16:22:41.027Z,3.3012,2,SYNTH
2026-03-09 16:22:42.795Z,3.2995,2,SYNTH
2026-03-09 16:22:43.795Z,3.2984,1,SYNTH
2026-03-09 16:22:44.403Z,3.3010,2,SYNTH
2026-03-09 16:22:45.064Z,3.2994,1,SYNTH
2026-03-09 16:22:46.095Z,3.3010,2,SYNTH
2026-03-09 16:22:47.674Z,3.2993,3,SYNTH
2026-03-09 16:22:48.681Z,3.3020,1,SYNTH
2026-03-09 16:22:49.045Z,3.3006,1,SYNTH
2026-03-09 16:22:50.751Z,3.2980,1,SYNTH
2026-03-09 16:22:51.757Z,3.3020,1,SYNTH
2026-03-09 16:22:52.243Z,3.2986,2,SYNTH
2026-03-09 16:22:53.029Z,3.2989,2,SYNTH
2026-03-09 16:22:54.603Z,3.3023,2,SYNTH
2026-03-09 16:22:55.845Z,3.2981,2,SYNTH
2026-03-09 16:22:56.661Z,3.2977,1,SYNTH
2026-03-09 16:22:57.226Z,3.3007,2,SYNTH
2026-03-09 16:22:58.245Z,3.2979,1,SYNTH
2026-03-09 16:22:59.604Z,3.3015,2,SYNTH
2026-03-09 16:23:00.412Z,3.2806,3,SYNTH
2026-03-09 16:23:01.615Z,3.2825,4,SYNTH
2026-03-09 16:23:02.204Z,3.2779,3,SYNTH
2026-03-09 16:23:03.255Z,3.2815,2,SYNTH
2026-03-09 16:23:04.288Z,3.2815,2,SYNTH
2026-03-09 16:23:05.377Z,3.2818,4,SYNTH
2026-03-09 16:23:06.227Z,3.2817,2,SYNTH
2026-03-09 16:23:07.492Z,3.2785,2,SYNTH
2026-03-09 16:23:08.075Z,3.2817,4,SYNTH
2026-03-09 16:23:09.239Z,3.2812,2,SYNTH
2026-03-09 16:23:10.113Z,3.2793,4,SYNTH
2026-03-09 16:23:11.561Z,3.2819,7,SYNTH
2026-03-09 16:23:12.314Z,3.2822,6,SYNTH
2026-03-09 16:23:13.331Z,3.2792,5,SYNTH
2026-03-09 16:23:14.503Z,3.2814,3,SYNTH
2026-03-09 16:23:15.052Z,3.2813,3,SYNTH
2026-03-09 16:23:16.261Z,3.2816,6,SYNTH
2026-03-09 16:23:17.798Z,3.2802,4,SYNTH
2026-03-09 16:23:18.193Z,3.2777,6,SYNTH
2026-03-09 16:23:19.242Z,3.2809,5,SYNTH
2026-03-09 16:23:20.609Z,3.2794,2,SYNTH
2026-03-09 16:23:21.035Z,3.2816,1,SYNTH
2026-03-09 16:23:22.627Z,3.2819,2,SYNTH
2026-03-09 16:23:23.862Z,3.2798,3,SYNTH
2026-03-09 16:23:24.425Z,3.2809,3,SYNTH
2026-03-09 16:23:25.689Z,3.2779,2,SYNTH
2026-03-09 16:23:26.325Z,3.2815,2,SYNTH
2026-03-09 16:23:27.118Z,3.2781,1,SYNTH
2026-03-09 16:23:28.201Z,3.2809,1,SYNTH
2026-03-09 16:23:29.316Z,3.2783,3,SYNTH
2026-03-09 16:23:30.492Z,3.2819,3,SYNTH
2026-03-09 16:23:31.732Z,3.2805,2,SYNTH
2026-03-09 16:23:32.420Z,3.2782,2,SYNTH
2026-03-09 16:23:33.650Z,3.2813,3,SYNTH
2026-03-09 16:23:34.020Z,3.2818,3,SYNTH
2026-03-09 16:23:35.375Z,3.2801,3,SYNTH
2026-03-09 16:23:36.432Z,3.2788,2,SYNTH
2026-03-09 16:23:37.423Z,3.2814,7,SYNTH
2026-03-09 16:23:38.318Z,3.2817,5,SYNTH
2026-03-09 16:23:39.522Z,3.2816,8,SYNTH
2026-03-09 16:23:40.318Z,3.2786,7,SYNTH
2026-03-09 16:23:41.241Z,3.2813,3,SYNTH
2026-03-09 16:23:42.482Z,3.2818,3,SYNTH
2026-03-09 16:23:43.152Z,3.2796,3,SYNTH
2026-03-09 16:23:44.131Z,3.2804,2,SYNTH
2026-03-09 16:23:45.823Z,3.2808,3,SYNTH
2026-03-09 16:23:46.182Z,3.2784,5,SYNTH
2026-03-09 16:23:47.578Z,3.2813,4,SYNTH
2026-03-09 16:23:48.363Z,3.2812,2,SYNTH
2026-03-09 16:23:49.881Z,3.2787,4,SYNTH
2026-03-09 16:23:50.788Z,3.2809,2,SYNTH
2026-03-09 16:23:51.418Z,3.2782,3,SYNTH
2026-03-09 16:23:52.074Z,3.2807,4,SYNTH
2026-03-09 16:23:53.892Z,3.2793,2,SYNTH
2026-03-09 16:23:54.416Z,3.2810,3,SYNTH
2026-03-09 16:23:55.694Z,3.2776,2,SYNTH
2026-03-09 16:23:56.153Z,3.2808,4,SYNTH
2026-03-09 16:23:57.001Z,3.2808,4,SYNTH
2026-03-09 16:23:58.073Z,3.2816,3,SYNTH
2026-03-09 16:23:59.172Z,3.2784,5,SYNTH
2026-03-09 16:24:00.887Z,3.2916,10,SYNTH
2026-03-09 16:24:01.497Z,3.2902,7,SYNTH
2026-03-09 16:24:02.347Z,3.2878,6,SYNTH
2026-03-09 16:24:03.362Z,3.2908,8,SYNTH
2026-03-09 16:24:04.877Z,3.2913,9,SYNTH
2026-03-09 16:24:05.083Z,3.2924,6,SYNTH
2026-03-09 16:24:06.134Z,3.2897,7,SYNTH
2026-03-09 16:24:07.031Z,3.2892,6,SYNTH
2026-03-09 16:24:08.113Z,3.2902,9,SYNTH
2026-03-09 16:24:09.043Z,3.2910,9,SYNTH
2026-03-09 16:24:10.683Z,3.2904,4,SYNTH
2026-03-09 16:24:11.515Z,3.2892,13,SYNTH
2026-03-09 16:24:12.637Z,3.2891,11,SYNTH
2026-03-09 16:24:13.408Z,3.2902,11,SYNTH
2026-03-09 16:24:14.601Z,3.2911,8,SYNTH
2026-03-09 16:24:15.846Z,3.2883,5,SYNTH
2026-03-09 16:24:16.438Z,3.2908,7,SYNTH
2026-03-09 16:24:17.768Z,3.2880,12,SYNTH
2026-03-09 16:24:18.163Z,3.2890,8,SYNTH
2026-03-09 16:24:19.359Z,3.2920,6,SYNTH
2026-03-09 16:24:20.618Z,3.2890,5,SYNTH
2026-03-09 16:24:21.458Z,3.2921,5,SYNTH
2026-03-09 16:24:22.119Z,3.2909,7,SYNTH
2026-03-09 16:24:23.005Z,3.2879,4,SYNTH
2026-03-09 16:24:24.508Z,3.2919,3,SYNTH
2026-03-09 16:24:25.693Z,3.2924,7,SYNTH
2026-03-09 16:24:26.217Z,3.2888,5,SYNTH
2026-03-09 16:24:27.775Z,3.2886,5,SYNTH
2026-03-09 16:24:28.170Z,3.2899,7,SYNTH
2026-03-09 16:24:29.017Z,3.2889,5,SYNTH
2026-03-09 16:24:30.637Z,3.2895,3,SYNTH
2026-03-09 16:24:31.013Z,3.2913,5,SYNTH
2026-03-09 16:24:32.379Z,3.2919,6,SYNTH
2026-03-09 16:24:33.430Z,3.2891,4,SYNTH
2026-03-09 16:24:34.689Z,3.2900,4,SYNTH
2026-03-09 16:24:35.254Z,3.2923,6,SYNTH
2026-03-09 16:24:36.213Z,3.2881,7,SYNTH
2026-03-09 16:24:37.286Z,3.2915,8,SYNTH
2026-03-09 16:24:38.557Z,3.2877,11,SYNTH
2026-03-09 16:24:39.162Z,3.2919,17,SYNTH
2026-03-09 16:24:40.067Z,3.2876,19,SYNTH
2026-03-09 16:24:41.290Z,3.2910,4,SYNTH
2026-03-09 16:24:42.306Z,3.2909,7,SYNTH
2026-03-09 16:24:43.576Z,3.2880,6,SYNTH
2026-03-09 16:24:44.430Z,3.2909,4,SYNTH
2026-03-09 16:24:45.472Z,3.2914,10,SYNTH
2026-03-09 16:24:46.039Z,3.2894,5,SYNTH
2026-03-09 16:24:47.166Z,3.2922,13,SYNTH
2026-03-09 16:24:48.033Z,3.2883,6,SYNTH
2026-03-09 16:24:49.068Z,3.2884,6,SYNTH
2026-03-09 16:24:50.059Z,3.2910,4,SYNTH
2026-03-09 16:24:51.851Z,3.2886,4,SYNTH
2026-03-09 16:24:52.352Z,3.2908,8,SYNTH
2026-03-09 16:24:53.786Z,3.2902,9,SYNTH
2026-03-09 16:24:54.841Z,3.2911,7,SYNTH
2026-03-09 16:24:55.494Z,3.2888,6,SYNTH
2026-03-09 16:24:56.813Z,3.2917,8,SYNTH
2026-03-09 16:24:57.136Z,3.2923,5,SYNTH
2026-03-09 16:24:58.680Z,3.2916,7,SYNTH
2026-03-09 16:24:59.823Z,3.2888,10,SYNTH
2026-03-09 16:29:00.495Z,3.2518,38,SYNTH
2026-03-09 16:29:01.607Z,3.2513,47,SYNTH
2026-03-09 16:29:02.369Z,3.2493,29,SYNTH
2026-03-09 16:29:03.515Z,3.2486,39,SYNTH
2026-03-09 16:29:04.811Z,3.2463,40,SYNTH
2026-03-09 16:29:05.157Z,3.2498,21,SYNTH
2026-03-09 16:29:06.259Z,3.2462,32,SYNTH
2026-03-09 16:29:07.646Z,3.2464,31,SYNTH
2026-03-09 16:29:08.788Z,3.2437,34,SYNTH
2026-03-09 16:29:09.508Z,3.2473,35,SYNTH
2026-03-09 16:29:10.020Z,3.2441,21,SYNTH
2026-03-09 16:29:11.312Z,3.2437,96,SYNTH
2026-03-09 16:29:12.425Z,3.2456,68,SYNTH
2026-03-09 16:29:13.414Z,3.2459,37,SYNTH
2026-03-09 16:29:14.677Z,3.2444,18,SYNTH
2026-03-09 16:29:15.462Z,3.2470,17,SYNTH
2026-03-09 16:29:16.072Z,3.2445,50,SYNTH
2026-03-09 16:29:17.234Z,3.2465,49,SYNTH
2026-03-09 16:29:18.047Z,3.2440,44,SYNTH
2026-03-09 16:29:19.371Z,3.2480,25,SYNTH
2026-03-09 16:29:20.162Z,3.2456,21,SYNTH
2026-03-09 16:29:21.590Z,3.2473,27,SYNTH
2026-03-09 16:29:22.831Z,3.2489,23,SYNTH
2026-03-09 16:29:23.112Z,3.2506,24,SYNTH
2026-03-09 16:29:24.144Z,3.2498,14,SYNTH
2026-03-09 16:29:25.721Z,3.2515,17,SYNTH
2026-03-09 16:29:26.448Z,3.2514,24,SYNTH
2026-03-09 16:29:27.174Z,3.2536,14,SYNTH
2026-03-09 16:29:28.363Z,3.2531,23,SYNTH
2026-03-09 16:29:29.412Z,3.2542,19,SYNTH
2026-03-09 16:29:30.068Z,3.2552,29,SYNTH
2026-03-09 16:29:31.159Z,3.2586,23,SYNTH
2026-03-09 16:29:32.469Z,3.2582,23,SYNTH
2026-03-09 16:29:33.188Z,3.2580,24,SYNTH
2026-03-09 16:29:34.555Z,3.2590,20,SYNTH
2026-03-09 16:29:35.136Z,3.2597,27,SYNTH
2026-03-09 16:29:36.571Z,3.2602,27,SYNTH
2026-03-09 16:29:37.669Z,3.2577,80,SYNTH
2026-03-09 16:29:38.709Z,3.2579,33,SYNTH
2026-03-09 16:29:39.172Z,3.2591,35,SYNTH
2026-03-09 16:29:40.285Z,3.2611,45,SYNTH
2026-03-09 16:29:41.087Z,3.2571,30,SYNTH
2026-03-09 16:29:42.491Z,3.2596,32,SYNTH
2026-03-09 16:29:43.804Z,3.2587,16,SYNTH
2026-03-09 16:29:44.574Z,3.2565,24,SYNTH
2026-03-09 16:29:45.060Z,3.2586,32,SYNTH
2026-03-09 16:29:46.333Z,3.2556,33,SYNTH
2026-03-09 16:29:47.658Z,3.2579,36,SYNTH
2026-03-09 16:29:48.761Z,3.2588,20,SYNTH
2026-03-09 16:29:49.285Z,3.2555,26,SYNTH
2026-03-09 16:29:50.643Z,3.2540,22,SYNTH
2026-03-09 16:29:51.813Z,3.2565,34,SYNTH
2026-03-09 16:29:52.647Z,3.2537,26,SYNTH
2026-03-09 16:29:53.686Z,3.2522,33,SYNTH
2026-03-09 16:29:54.361Z,3.2507,18,SYNTH
2026-03-09 16:29:55.440Z,3.2509,42,SYNTH
2026-03-09 16:29:56.719Z,3.2500,31,SYNTH
2026-03-09 16:29:57.830Z,3.2518,41,SYNTH
2026-03-09 16:29:58.885Z,3.2495,39,SYNTH
2026-03-09 16:29:59.274Z,3.2497,38,SYNTH
2026-03-09 16:35:00.139Z,3.2422,25,SYNTH
2026-03-09 16:35:01.346Z,3.2426,13,SYNTH
2026-03-09 16:35:02.803Z,3.2382,20,SYNTH
2026-03-09 16:35:03.304Z,3.2413,21,SYNTH
2026-03-09 16:35:04.739Z,3.2392,13,SYNTH
2026-03-09 16:35:05.148Z,3.2416,22,SYNTH
2026-03-09 16:35:06.067Z,3.2400,12,SYNTH
2026-03-09 16:35:07.425Z,3.2424,18,SYNTH
2026-03-09 16:35:08.035Z,3.2429,13,SYNTH
2026-03-09 16:35:09.869Z,3.2387,24,SYNTH
2026-03-09 16:35:10.610Z,3.2405,11,SYNTH
2026-03-09 16:35:11.160Z,3.2419,33,SYNTH
