TimestampUtc,Bid,Ask,BidSize,AskSize,SpreadBps
2026-04-21 13:30:00.329Z,6.4984,6.5216,100,100,35.6
2026-04-21 13:30:01.536Z,6.4989,6.5215,100,100,34.7
2026-04-21 13:30:02.422Z,6.5025,6.5205,100,100,27.6
2026-04-21 13:30:03.055Z,6.4998,6.5186,100,100,28.9
2026-04-21 13:30:04.414Z,6.5005,6.5175,100,100,26.1
2026-04-21 13:30:05.562Z,6.4981,6.5227,100,100,37.8
2026-04-21 13:30:06.562Z,6.4991,6.5197,100,100,31.6
2026-04-21 13:30:07.479Z,6.5025,6.5207,100,100,28.0
2026-04-21 13:30:08.688Z,6.4994,6.5184,100,100,29.2
2026-04-21 13:30:09.414Z,6.5009,6.5221,100,100,32.6
2026-04-21 13:30:10.641Z,6.4975,6.5203,100,100,35.0
2026-04-21 13:30:11.644Z,6.4986,6.5222,100,100,36.2
2026-04-21 13:30:12.148Z,6.5009,6.5209,100,100,30.7
2026-04-21 13:30:13.540Z,6.5005,6.5191,100,100,28.6
2026-04-21 13:30:14.493Z,6.5006,6.5204,100,100,30.4
2026-04-21 13:30:15.562Z,6.5003,6.5189,100,100,28.6
2026-04-21 13:30:16.550Z,6.5015,6.5207,100,100,29.5
2026-04-21 13:30:17.638Z,6.5004,6.5184,100,100,27.7
2026-04-21 13:30:18.113Z,6.4986,6.5226,100,100,36.9
2026-04-21 13:30:19.382Z,6.4979,6.5217,100,100,36.6
2026-04-21 13:30:20.257Z,6.4982,6.5160,100,100,27.4
2026-04-21 13:30:21.596Z,6.4920,6.5150,100,100,35.4
2026-04-21 13:30:22.318Z,6.4908,6.5098,100,100,29.2
2026-04-21 13:30:23.108Z,6.4834,6.5086,100,100,38.8
2026-04-21 13:30:24.690Z,6.4759,6.5033,100,100,42.2
2026-04-21 13:30:25.641Z,6.4729,6.4951,100,100,34.2
2026-04-21 13:30:26.112Z,6.4662,6.4878,100,100,33.3
2026-04-21 13:30:27.801Z,6.4607,6.4853,100,100,38.0
2026-04-21 13:30:28.508Z,6.4519,6.4771,100,100,39.0
2026-04-21 13:30:29.497Z,6.4476,6.4694,100,100,33.8
2026-04-21 13:30:30.412Z,6.4440,6.4638,100,100,30.7
2026-04-21 13:30:31.697Z,6.4345,6.4591,100,100,38.2
2026-04-21 13:30:32.482Z,6.4300,6.4496,100,100,30.4
2026-04-21 13:30:33.877Z,6.4222,6.4488,100,100,41.3
2026-04-21 13:30:34.491Z,6.4221,6.4421,100,100,31.1
2026-04-21 13:30:35.166Z,6.4162,6.4376,100,100,33.3
2026-04-21 13:30:36.083Z,6.4125,6.4371,100,100,38.3
2026-04-21 13:30:37.638Z,6.4112,6.4308,100,100,30.5
2026-04-21 13:30:38.266Z,6.4087,6.4321,100,100,36.4
2026-04-21 13:30:39.183Z,6.4138,6.4316,100,100,27.7
2026-04-21 13:30:40.668Z,6.4095,6.4333,100,100,37.1
2026-04-21 13:30:41.729Z,6.4139,6.4337,100,100,30.8
2026-04-21 13:30:42.639Z,6.4127,6.4337,100,100,32.7
2026-04-21 13:30:43.023Z,6.4170,6.4382,100,100,33.0
2026-04-21 13:30:44.447Z,6.4146,6.4374,100,100,35.5
2026-04-21 13:30:45.657Z,6.4153,6.4385,100,100,36.1
2026-04-21 13:30:46.802Z,6.4171,6.4387,100,100,33.6
2026-04-21 13:30:47.531Z,6.4200,6.4362,100,100,25.2
2026-04-21 13:30:48.790Z,6.4176,6.4382,100,100,32.0
2026-04-21 13:30:49.675Z,6.4171,6.4407,100,100,36.7
2026-04-21 13:30:50.377Z,6.4190,6.4376,100,100,28.9
2026-04-21 13:30:51.162Z,6.4147,6.4371,100,100,34.9
2026-04-21 13:30:52.864Z,6.4170,6.4362,100,100,29.9
2026-04-21 13:30:53.298Z,6.4121,6.4345,100,100,34.9
2026-04-21 13:30:54.646Z,6.4125,6.4331,100,100,32.1
2026-04-21 13:30:55.812Z,6.4114,6.4348,100,100,36.4
2026-04-21 13:30:56.109Z,6.4106,6.4346,100,100,37.4
2026-04-21 13:30:57.190Z,6.4094,6.4324,100,100,35.8
2026-04-21 13:30:58.872Z,6.4096,6.4336,100,100,37.4
2026-04-21 13:30:59.081Z,6.4119,6.4301,100,100,28.3
2026-04-21 13:31:00.857Z,6.4082,6.4318,100,100,36.8
2026-04-21 13:31:01.101Z,6.4105,6.4271,100,100,25.9
2026-04-21 13:31:02.218Z,6.4081,6.4305,100,100,34.9
2026-04-21 13:31:03.722Z,6.4082,6.4300,100,100,34.0
2026-04-21 13:31:04.516Z,6.4101,6.4269,100,100,26.2
2026-04-21 13:31:05.035Z,6.4119,6.4287,100,100,26.2
2026-04-21 13:31:06.899Z,6.4091,6.4295,100,100,31.8
2026-04-21 13:31:07.471Z,6.4100,6.4280,100,100,28.0
2026-04-21 13:31:08.884Z,6.4122,6.4296,100,100,27.1
2026-04-21 13:31:09.186Z,6.4069,6.4317,100,100,38.6
2026-04-21 13:31:10.002Z,6.4116,6.4290,100,100,27.1
2026-04-21 13:31:11.768Z,6.4106,6.4298,100,100,29.9
2026-04-21 13:31:12.715Z,6.4078,6.4314,100,100,36.8
2026-04-21 13:31:13.175Z,6.4115,6.4281,100,100,25.9
2026-04-21 13:31:14.486Z,6.4126,6.4298,100,100,26.8
2026-04-21 13:31:15.863Z,6.4084,6.4296,100,100,33.0
2026-04-21 13:31:16.109Z,6.4098,6.4330,100,100,36.1
2026-04-21 13:31:17.295Z,6.4102,6.4310,100,100,32.4
2026-04-21 13:31:18.554Z,6.4085,6.4299,100,100,33.3
2026-04-21 13:31:19.400Z,6.4083,6.4325,100,100,37.7
2026-04-21 13:31:20.631Z,6.4114,6.4278,100,100,25.5
2026-04-21 13:31:21.163Z,6.4065,6.4295,100,100,35.8
2026-04-21 13:31:22.848Z,6.4007,6.4253,100,100,38.4
2026-04-21 13:31:23.824Z,6.4026,6.4214,100,100,29.3
2026-04-21 13:31:24.566Z,6.3994,6.4170,100,100,27.5
2026-04-21 13:31:25.455Z,6.3956,6.4156,100,100,31.2
2026-04-21 13:31:26.200Z,6.3888,6.4134,100,100,38.4
2026-04-21 13:31:27.534Z,6.3869,6.4097,100,100,35.6
2026-04-21 13:31:28.511Z,6.3830,6.4040,100,100,32.8
2026-04-21 13:31:29.078Z,6.3799,6.4017,100,100,34.1
2026-04-21 13:31:30.708Z,6.3784,6.3996,100,100,33.2
2026-04-21 13:31:31.579Z,6.3732,6.3986,100,100,39.8
2026-04-21 13:31:32.369Z,6.3674,6.3932,100,100,40.4
2026-04-21 13:31:33.350Z,6.3645,6.3895,100,100,39.2
2026-04-21 13:31:34.549Z,6.3619,6.3867,100,100,38.9
2026-04-21 13:31:35.244Z,6.3606,6.3850,100,100,38.3
2026-04-21 13:31:36.193Z,6.3652,6.3816,100,100,25.7
2026-04-21 13:31:37.577Z,6.3585,6.3811,100,100,35.5
2026-04-21 13:31:38.592Z,6.3591,6.3839,100,100,38.9
2026-04-21 13:31:39.535Z,6.3616,6.3788,100,100,27.0
2026-04-21 13:31:40.736Z,6.3608,6.3802,100,100,30.5
2026-04-21 13:31:41.885Z,6.3618,6.3830,100,100,33.3
2026-04-21 13:31:42.430Z,6.3629,6.3847,100,100,34.2
2026-04-21 13:31:43.552Z,6.3658,6.3826,100,100,26.4
2026-04-21 13:31:44.030Z,6.3633,6.3873,100,100,37.6
2026-04-21 13:31:45.236Z,6.3649,6.3829,100,100,28.2
2026-04-21 13:31:46.026Z,6.3633,6.3863,100,100,36.1
2026-04-21 13:31:47.855Z,6.3624,6.3844,100,100,34.5
2026-04-21 13:31:48.863Z,6.3637,6.3833,100,100,30.8
2026-04-21 13:31:49.037Z,6.3625,6.3853,100,100,35.8
2026-04-21 13:31:50.792Z,6.3639,6.3843,100,100,32.0
2026-04-21 13:31:51.374Z,6.3664,6.3832,100,100,26.4
2026-04-21 13:31:52.866Z,6.3630,6.3824,100,100,30.4
2026-04-21 13:31:53.174Z,6.3642,6.3822,100,100,28.2
2026-04-21 13:31:54.364Z,6.3591,6.3823,100,100,36.4
2026-04-21 13:31:55.564Z,6.3607,6.3845,100,100,37.3
2026-04-21 13:31:56.683Z,6.3611,6.3803,100,100,30.1
2026-04-21 13:31:57.828Z,6.3601,6.3777,100,100,27.6
2026-04-21 13:31:58.308Z,6.3621,6.3795,100,100,27.3
2026-04-21 13:31:59.241Z,6.3597,6.3803,100,100,32.3
2026-04-21 13:32:00.384Z,6.3368,6.3532,100,100,25.8
2026-04-21 13:32:01.289Z,6.3375,6.3555,100,100,28.4
2026-04-21 13:32:02.434Z,6.3378,6.3548,100,100,26.8
2026-04-21 13:32:03.521Z,6.3339,6.3565,100,100,35.6
2026-04-21 13:32:04.150Z,6.3321,6.3563,100,100,38.1
2026-04-21 13:32:05.865Z,6.3342,6.3536,100,100,30.6
2026-04-21 13:32:06.777Z,6.3344,6.3546,100,100,31.8
2026-04-21 13:32:07.347Z,6.3343,6.3563,100,100,34.7
2026-04-21 13:32:08.825Z,6.3381,6.3549,100,100,26.5
2026-04-21 13:32:09.774Z,6.3355,6.3545,100,100,29.9
2026-04-21 13:32:10.186Z,6.3345,6.3527,100,100,28.7
2026-04-21 13:32:11.739Z,6.3336,6.3560,100,100,35.3
2026-04-21 13:32:12.280Z,6.3329,6.3545,100,100,34.0
2026-04-21 13:32:13.107Z,6.3332,6.3584,100,100,39.7
2026-04-21 13:32:14.394Z,6.3364,6.3568,100,100,32.1
2026-04-21 13:32:15.185Z,6.3360,6.3562,100,100,31.8
2026-04-21 13:32:16.567Z,6.3379,6.3543,100,100,25.8
2026-04-21 13:32:17.232Z,6.3347,6.3577,100,100,36.2
2026-04-21 13:32:18.450Z,6.3347,6.3565,100,100,34.4
2026-04-21 13:32:19.512Z,6.3357,6.3547,100,100,29.9
2026-04-21 13:32:20.097Z,6.3368,6.3532,100,100,25.8
2026-04-21 13:32:21.386Z,6.3343,6.3569,100,100,35.6
2026-04-21 13:32:22.297Z,6.3313,6.3559,100,100,38.8
2026-04-21 13:32:23.429Z,6.3333,6.3565,100,100,36.6
2026-04-21 13:32:24.299Z,6.3339,6.3557,100,100,34.4
2026-04-21 13:32:25.265Z,6.3346,6.3542,100,100,30.9
2026-04-21 13:32:26.791Z,6.3363,6.3561,100,100,31.2
2026-04-21 13:32:27.076Z,6.3357,6.3561,100,100,32.1
2026-04-21 13:32:28.841Z,6.3356,6.3570,100,100,33.7
2026-04-21 13:32:29.899Z,6.3349,6.3543,100,100,30.6
2026-04-21 13:32:30.640Z,6.3336,6.3558,100,100,35.0
2026-04-21 13:32:31.827Z,6.3329,6.3559,100,100,36.3
2026-04-21 13:32:32.826Z,6.3345,6.3561,100,100,34.0
2026-04-21 13:32:33.627Z,6.3377,6.3541,100,100,25.8
2026-04-21 13:32:34.672Z,6.3355,6.3553,100,100,31.2
2026-04-21 13:32:35.361Z,6.3336,6.3554,100,100,34.4
2026-04-21 13:32:36.842Z,6.3334,6.3556,100,100,35.0
2026-04-21 13:32:37.242Z,6.3317,6.3559,100,100,38.1
2026-04-21 13:32:38.004Z,6.3371,6.3545,100,100,27.4
2026-04-21 13:32:39.877Z,6.3349,6.3561,100,100,33.4
2026-04-21 13:32:40.252Z,6.3337,6.3571,100,100,36.9
2026-04-21 13:32:41.196Z,6.3336,6.3550,100,100,33.7
2026-04-21 13:32:42.025Z,6.3364,6.3532,100,100,26.5
2026-04-21 13:32:43.036Z,6.3326,6.3546,100,100,34.7
2026-04-21 13:32:44.314Z,6.3350,6.3530,100,100,28.4
2026-04-21 13:32:45.099Z,6.3328,6.3544,100,100,34.1
2026-04-21 13:32:46.705Z,6.3340,6.3582,100,100,38.1
2026-04-21 13:32:47.846Z,6.3349,6.3565,100,100,34.0
2026-04-21 13:32:48.101Z,6.3354,6.3544,100,100,29.9
2026-04-21 13:32:49.896Z,6.3361,6.3547,100,100,29.3
2026-04-21 13:32:50.250Z,6.3377,6.3555,100,100,28.0
2026-04-21 13:32:51.256Z,6.3338,6.3542,100,100,32.2
2026-04-21 13:32:52.344Z,6.3347,6.3533,100,100,29.3
2026-04-21 13:32:53.117Z,6.3346,6.3572,100,100,35.6
2026-04-21 13:32:54.072Z,6.3340,6.3546,100,100,32.5
2026-04-21 13:32:55.760Z,6.3357,6.3523,100,100,26.2
2026-04-21 13:32:56.023Z,6.3353,6.3533,100,100,28.4
2026-04-21 13:32:57.775Z,6.3365,6.3527,100,100,25.5
2026-04-21 13:32:58.023Z,6.3366,6.3560,100,100,30.6
2026-04-21 13:32:59.629Z,6.3365,6.3535,100,100,26.8
2026-04-21 13:33:00.140Z,6.2998,6.3202,100,100,32.3
2026-04-21 13:33:01.772Z,6.2972,6.3202,100,100,36.5
2026-04-21 13:33:02.026Z,6.2975,6.3197,100,100,35.2
2026-04-21 13:33:03.502Z,6.3014,6.3198,100,100,29.2
2026-04-21 13:33:04.021Z,6.3016,6.3200,100,100,29.2
2026-04-21 13:33:05.868Z,6.2977,6.3199,100,100,35.2
2026-04-21 13:33:06.223Z,6.2996,6.3174,100,100,28.2
2026-04-21 13:33:07.272Z,6.2984,6.3238,100,100,40.2
2026-04-21 13:33:08.251Z,6.3010,6.3202,100,100,30.4
2026-04-21 13:33:09.859Z,6.3005,6.3201,100,100,31.1
2026-04-21 13:33:10.388Z,6.3008,6.3218,100,100,33.3
2026-04-21 13:33:11.238Z,6.3007,6.3203,100,100,31.1
2026-04-21 13:33:12.502Z,6.2993,6.3219,100,100,35.8
2026-04-21 13:33:13.744Z,6.2989,6.3193,100,100,32.3
2026-04-21 13:33:14.294Z,6.2992,6.3182,100,100,30.1
2026-04-21 13:33:15.880Z,6.3005,6.3183,100,100,28.2
2026-04-21 13:33:16.440Z,6.3021,6.3199,100,100,28.2
2026-04-21 13:33:17.414Z,6.3013,6.3195,100,100,28.8
2026-04-21 13:33:18.396Z,6.3020,6.3184,100,100,26.0
2026-04-21 13:33:19.366Z,6.3001,6.3173,100,100,27.3
2026-04-21 13:33:20.557Z,6.3020,6.3196,100,100,27.9
2026-04-21 13:33:21.196Z,6.2987,6.3199,100,100,33.6
2026-04-21 13:33:22.073Z,6.3006,6.3174,100,100,26.6
2026-04-21 13:33:23.793Z,6.3010,6.3192,100,100,28.8
2026-04-21 13:33:24.416Z,6.2991,6.3217,100,100,35.8
2026-04-21 13:33:25.718Z,6.2998,6.3170,100,100,27.3
2026-04-21 13:33:26.217Z,6.2987,6.3239,100,100,39.9
2026-04-21 13:33:27.278Z,6.2988,6.3220,100,100,36.8
2026-04-21 13:33:28.426Z,6.2992,6.3186,100,100,30.8
2026-04-21 13:33:29.206Z,6.3012,6.3184,100,100,27.3
2026-04-21 13:33:30.878Z,6.2991,6.3187,100,100,31.1
2026-04-21 13:33:31.725Z,6.2998,6.3202,100,100,32.3
2026-04-21 13:33:32.878Z,6.3001,6.3181,100,100,28.5
2026-04-21 13:33:33.337Z,6.2984,6.3196,100,100,33.6
2026-04-21 13:33:34.464Z,6.2967,6.3205,100,100,37.7
2026-04-21 13:33:35.129Z,6.2982,6.3224,100,100,38.3
2026-04-21 13:33:36.014Z,6.2997,6.3183,100,100,29.5
2026-04-21 13:33:37.679Z,6.3009,6.3201,100,100,30.4
2026-04-21 13:33:38.274Z,6.2979,6.3221,100,100,38.4
2026-04-21 13:33:39.221Z,6.3005,6.3185,100,100,28.5
2026-04-21 13:33:40.081Z,6.3020,6.3190,100,100,26.9
2026-04-21 13:33:41.682Z,6.3018,6.3204,100,100,29.5
2026-04-21 13:33:42.338Z,6.2989,6.3209,100,100,34.9
2026-04-21 13:33:43.389Z,6.3028,6.3196,100,100,26.6
2026-04-21 13:33:44.014Z,6.3008,6.3222,100,100,33.9
2026-04-21 13:33:45.566Z,6.2980,6.3220,100,100,38.0
2026-04-21 13:33:46.622Z,6.2984,6.3208,100,100,35.5
2026-04-21 13:33:47.871Z,6.2971,6.3201,100,100,36.5
2026-04-21 13:33:48.258Z,6.3010,6.3176,100,100,26.3
2026-04-21 13:33:49.569Z,6.2988,6.3206,100,100,34.5
2026-04-21 13:33:50.151Z,6.2990,6.3182,100,100,30.4
2026-04-21 13:33:51.280Z,6.2986,6.3230,100,100,38.7
2026-04-21 13:33:52.252Z,6.3004,6.3222,100,100,34.5
2026-04-21 13:33:53.780Z,6.2991,6.3215,100,100,35.5
2026-04-21 13:33:54.573Z,6.2977,6.3193,100,100,34.2
2026-04-21 13:33:55.626Z,6.3008,6.3202,100,100,30.7
2026-04-21 13:33:56.560Z,6.2989,6.3207,100,100,34.5
2026-04-21 13:33:57.520Z,6.3021,6.3195,100,100,27.6
2026-04-21 13:33:58.252Z,6.2984,6.3202,100,100,34.6
2026-04-21 13:33:59.225Z,6.2999,6.3201,100,100,32.0
2026-04-21 13:37:00.880Z,6.2984,6.3216,100,100,36.8
2026-04-21 13:37:01.509Z,6.3032,6.3198,100,100,26.3
2026-04-21 13:37:02.713Z,6.3024,6.3206,100,100,28.8
2026-04-21 13:37:03.755Z,6.2999,6.3197,100,100,31.4
2026-04-21 13:37:04.660Z,6.2968,6.3212,100,100,38.7
2026-04-21 13:37:05.323Z,6.2978,6.3214,100,100,37.4
2026-04-21 13:37:06.303Z,6.3004,6.3206,100,100,32.0
2026-04-21 13:37:07.283Z,6.2998,6.3216,100,100,34.5
2026-04-21 13:37:08.828Z,6.2994,6.3214,100,100,34.9
2026-04-21 13:37:09.602Z,6.2997,6.3195,100,100,31.4
2026-04-21 13:37:10.573Z,6.2988,6.3190,100,100,32.0
2026-04-21 13:37:11.892Z,6.2972,6.3206,100,100,37.1
2026-04-21 13:37:12.251Z,6.2996,6.3188,100,100,30.4
2026-04-21 13:37:13.300Z,6.3009,6.3207,100,100,31.4
2026-04-21 13:37:14.122Z,6.2988,6.3200,100,100,33.6
2026-04-21 13:37:15.848Z,6.2985,6.3211,100,100,35.8
2026-04-21 13:37:16.435Z,6.2975,6.3193,100,100,34.6
2026-04-21 13:37:17.485Z,6.3005,6.3215,100,100,33.3
2026-04-21 13:37:18.764Z,6.2998,6.3190,100,100,30.4
2026-04-21 13:37:19.440Z,6.3000,6.3230,100,100,36.4
2026-04-21 13:37:20.056Z,6.2998,6.3182,100,100,29.2
2026-04-21 13:37:21.488Z,6.2987,6.3199,100,100,33.6
2026-04-21 13:37:22.850Z,6.2987,6.3199,100,100,33.6
2026-04-21 13:37:23.123Z,6.2996,6.3190,100,100,30.7
2026-04-21 13:37:24.335Z,6.2980,6.3220,100,100,38.0
2026-04-21 13:37:25.595Z,6.3011,6.3207,100,100,31.1
2026-04-21 13:37:26.641Z,6.3008,6.3186,100,100,28.2
2026-04-21 13:37:27.802Z,6.2995,6.3193,100,100,31.4
2026-04-21 13:37:28.066Z,6.2985,6.3193,100,100,33.0
2026-04-21 13:37:29.201Z,6.2996,6.3208,100,100,33.6
2026-04-21 13:37:30.890Z,6.2992,6.3224,100,100,36.8
2026-04-21 13:37:31.050Z,6.2970,6.3208,100,100,37.7
2026-04-21 13:37:32.155Z,6.3014,6.3190,100,100,27.9
2026-04-21 13:37:33.525Z,6.3018,6.3190,100,100,27.3
2026-04-21 13:37:34.386Z,6.2988,6.3192,100,100,32.3
2026-04-21 13:37:35.533Z,6.2986,6.3198,100,100,33.6
2026-04-21 13:37:36.617Z,6.3002,6.3204,100,100,32.0
2026-04-21 13:37:37.349Z,6.2996,6.3222,100,100,35.8
2026-04-21 13:37:38.790Z,6.2994,6.3174,100,100,28.5
2026-04-21 13:37:39.193Z,6.2999,6.3219,100,100,34.9
2026-04-21 13:37:40.164Z,6.3018,6.3194,100,100,27.9
2026-04-21 13:37:41.278Z,6.2999,6.3223,100,100,35.5
2026-04-21 13:37:42.453Z,6.2993,6.3233,100,100,38.0
2026-04-21 13:37:43.843Z,6.2983,6.3227,100,100,38.7
2026-04-21 13:37:44.206Z,6.2979,6.3191,100,100,33.6
2026-04-21 13:37:45.547Z,6.3006,6.3202,100,100,31.1
2026-04-21 13:37:46.060Z,6.2983,6.3203,100,100,34.9
2026-04-21 13:37:47.653Z,6.3012,6.3176,100,100,26.0
2026-04-21 13:37:48.504Z,6.2986,6.3232,100,100,39.0
2026-04-21 13:37:49.055Z,6.3001,6.3179,100,100,28.2
2026-04-21 13:37:50.024Z,6.2993,6.3179,100,100,29.5
2026-04-21 13:37:51.183Z,6.2981,6.3195,100,100,33.9
2026-04-21 13:37:52.638Z,6.2995,6.3191,100,100,31.1
2026-04-21 13:37:53.619Z,6.2971,6.3205,100,100,37.1
2026-04-21 13:37:54.290Z,6.2990,6.3206,100,100,34.2
2026-04-21 13:37:55.262Z,6.2998,6.3186,100,100,29.8
2026-04-21 13:37:56.557Z,6.2994,6.3218,100,100,35.5
2026-04-21 13:37:57.824Z,6.3004,6.3194,100,100,30.1
2026-04-21 13:37:58.052Z,6.3012,6.3206,100,100,30.7
2026-04-21 13:37:59.598Z,6.3008,6.3192,100,100,29.2
2026-04-21 13:40:00.022Z,6.3216,6.3384,100,100,26.5
2026-04-21 13:40:01.454Z,6.3185,6.3421,100,100,37.3
2026-04-21 13:40:02.157Z,6.3213,6.3403,100,100,30.0
2026-04-21 13:40:03.668Z,6.3176,6.3410,100,100,37.0
2026-04-21 13:40:04.078Z,6.3214,6.3410,100,100,31.0
2026-04-21 13:40:05.733Z,6.3186,6.3422,100,100,37.3
2026-04-21 13:40:06.825Z,6.3184,6.3390,100,100,32.6
2026-04-21 13:40:07.598Z,6.3175,6.3409,100,100,37.0
2026-04-21 13:40:08.076Z,6.3199,6.3397,100,100,31.3
2026-04-21 13:40:09.624Z,6.3187,6.3387,100,100,31.6
2026-04-21 13:40:10.793Z,6.3192,6.3414,100,100,35.1
2026-04-21 13:40:11.112Z,6.3183,6.3405,100,100,35.1
2026-04-21 13:40:12.877Z,6.3201,6.3415,100,100,33.8
2026-04-21 13:40:13.184Z,6.3222,6.3388,100,100,26.2
2026-04-21 13:40:14.583Z,6.3205,6.3423,100,100,34.4
2026-04-21 13:40:15.230Z,6.3206,6.3412,100,100,32.5
2026-04-21 13:40:16.586Z,6.3207,6.3405,100,100,31.3
2026-04-21 13:40:17.695Z,6.3197,6.3391,100,100,30.7
2026-04-21 13:40:18.013Z,6.3201,6.3419,100,100,34.4
2026-04-21 13:40:19.716Z,6.3196,6.3374,100,100,28.1
2026-04-21 13:40:20.817Z,6.3203,6.3389,100,100,29.4
2026-04-21 13:40:21.295Z,6.3189,6.3413,100,100,35.4
2026-04-21 13:40:22.284Z,6.3194,6.3406,100,100,33.5
2026-04-21 13:40:23.680Z,6.3173,6.3411,100,100,37.6
2026-04-21 13:40:24.270Z,6.3180,6.3418,100,100,37.6
2026-04-21 13:40:25.363Z,6.3193,6.3397,100,100,32.2
2026-04-21 13:40:26.195Z,6.3199,6.3389,100,100,30.0
2026-04-21 13:40:27.320Z,6.3186,6.3394,100,100,32.9
2026-04-21 13:40:28.313Z,6.3192,6.3390,100,100,31.3
2026-04-21 13:40:29.556Z,6.3175,6.3411,100,100,37.3
2026-04-21 13:40:30.036Z,6.3218,6.3400,100,100,28.7
2026-04-21 13:40:31.610Z,6.3191,6.3381,100,100,30.0
2026-04-21 13:40:32.788Z,6.3201,6.3385,100,100,29.1
2026-04-21 13:40:33.295Z,6.3179,6.3403,100,100,35.4
2026-04-21 13:40:34.658Z,6.3195,6.3413,100,100,34.4
2026-04-21 13:40:35.258Z,6.3195,6.3391,100,100,31.0
2026-04-21 13:40:36.687Z,6.3200,6.3372,100,100,27.2
2026-04-21 13:40:37.048Z,6.3190,6.3406,100,100,34.1
2026-04-21 13:40:38.214Z,6.3227,6.3395,100,100,26.5
2026-04-21 13:40:39.078Z,6.3201,6.3423,100,100,35.1
2026-04-21 13:40:40.853Z,6.3199,6.3399,100,100,31.6
2026-04-21 13:40:41.420Z,6.3195,6.3431,100,100,37.3
2026-04-21 13:40:42.651Z,6.3204,6.3406,100,100,31.9
2026-04-21 13:40:43.514Z,6.3192,6.3392,100,100,31.6
2026-04-21 13:40:44.362Z,6.3201,6.3401,100,100,31.6
2026-04-21 13:40:45.476Z,6.3192,6.3420,100,100,36.0
2026-04-21 13:40:46.065Z,6.3220,6.3400,100,100,28.4
2026-04-21 13:40:47.546Z,6.3187,6.3417,100,100,36.3
2026-04-21 13:40:48.805Z,6.3205,6.3401,100,100,31.0
2026-04-21 13:40:49.277Z,6.3191,6.3393,100,100,31.9
2026-04-21 13:40:50.565Z,6.3208,6.3390,100,100,28.8
2026-04-21 13:40:51.883Z,6.3190,6.3430,100,100,37.9
2026-04-21 13:40:52.164Z,6.3195,6.3409,100,100,33.8
2026-04-21 13:40:53.176Z,6.3200,6.3404,100,100,32.2
2026-04-21 13:40:54.015Z,6.3204,6.3400,100,100,31.0
2026-04-21 13:40:55.196Z,6.3221,6.3401,100,100,28.4
2026-04-21 13:40:56.053Z,6.3206,6.3380,100,100,27.5
2026-04-21 13:40:57.192Z,6.3168,6.3404,100,100,37.3
2026-04-21 13:40:58.802Z,6.3202,6.3374,100,100,27.2
2026-04-21 13:40:59.760Z,6.3195,6.3405,100,100,33.2
2026-04-21 13:41:00.594Z,6.3102,6.3298,100,100,31.0
2026-04-21 13:41:01.813Z,6.3108,6.3310,100,100,32.0
2026-04-21 13:41:02.477Z,6.3101,6.3279,100,100,28.2
2026-04-21 13:41:03.138Z,6.3086,6.3330,100,100,38.6
2026-04-21 13:41:04.024Z,6.3101,6.3277,100,100,27.9
2026-04-21 13:41:05.694Z,6.3106,6.3304,100,100,31.3
2026-04-21 13:41:06.798Z,6.3112,6.3290,100,100,28.2
2026-04-21 13:41:07.772Z,6.3122,6.3304,100,100,28.8
2026-04-21 13:41:08.835Z,6.3096,6.3324,100,100,36.1
2026-04-21 13:41:09.329Z,6.3078,6.3298,100,100,34.8
2026-04-21 13:41:10.691Z,6.3086,6.3290,100,100,32.3
2026-04-21 13:41:11.717Z,6.3088,6.3298,100,100,33.2
2026-04-21 13:41:12.395Z,6.3095,6.3287,100,100,30.4
2026-04-21 13:41:13.367Z,6.3097,6.3321,100,100,35.4
2026-04-21 13:41:14.416Z,6.3074,6.3306,100,100,36.7
2026-04-21 13:41:15.604Z,6.3102,6.3312,100,100,33.2
2026-04-21 13:41:16.116Z,6.3091,6.3331,100,100,38.0
2026-04-21 13:41:17.477Z,6.3086,6.3296,100,100,33.2
2026-04-21 13:41:18.130Z,6.3093,6.3335,100,100,38.3
2026-04-21 13:41:19.534Z,6.3092,6.3278,100,100,29.4
2026-04-21 13:41:20.112Z,6.3080,6.3308,100,100,36.1
2026-04-21 13:41:21.175Z,6.3086,6.3332,100,100,38.9
2026-04-21 13:41:22.797Z,6.3131,6.3293,100,100,25.6
2026-04-21 13:41:23.442Z,6.3095,6.3305,100,100,33.2
2026-04-21 13:41:24.267Z,6.3078,6.3300,100,100,35.1
2026-04-21 13:41:25.673Z,6.3125,6.3293,100,100,26.6
2026-04-21 13:41:26.245Z,6.3110,6.3284,100,100,27.5
2026-04-21 13:41:27.553Z,6.3102,6.3322,100,100,34.8
2026-04-21 13:41:28.178Z,6.3106,6.3314,100,100,32.9
2026-04-21 13:41:29.756Z,6.3084,6.3288,100,100,32.3
2026-04-21 13:41:30.547Z,6.3099,6.3283,100,100,29.1
2026-04-21 13:41:31.344Z,6.3122,6.3300,100,100,28.2
2026-04-21 13:41:32.125Z,6.3097,6.3335,100,100,37.6
2026-04-21 13:41:33.456Z,6.3100,6.3280,100,100,28.5
2026-04-21 13:41:34.731Z,6.3078,6.3314,100,100,37.3
2026-04-21 13:41:35.852Z,6.3093,6.3329,100,100,37.3
2026-04-21 13:41:36.562Z,6.3112,6.3294,100,100,28.8
2026-04-21 13:41:37.141Z,6.3117,6.3313,100,100,31.0
2026-04-21 13:41:38.302Z,6.3078,6.3306,100,100,36.1
2026-04-21 13:41:39.090Z,6.3108,6.3284,100,100,27.8
2026-04-21 13:41:40.635Z,6.3103,6.3301,100,100,31.3
2026-04-21 13:41:41.157Z,6.3094,6.3296,100,100,32.0
2026-04-21 13:41:42.330Z,6.3099,6.3275,100,100,27.9
2026-04-21 13:41:43.204Z,6.3093,6.3303,100,100,33.2
2026-04-21 13:41:44.136Z,6.3105,6.3283,100,100,28.2
2026-04-21 13:41:45.010Z,6.3106,6.3326,100,100,34.8
2026-04-21 13:41:46.378Z,6.3109,6.3301,100,100,30.4
2026-04-21 13:41:47.451Z,6.3121,6.3297,100,100,27.8
2026-04-21 13:41:48.628Z,6.3102,6.3282,100,100,28.5
2026-04-21 13:41:49.816Z,6.3082,6.3310,100,100,36.1
2026-04-21 13:41:50.401Z,6.3086,6.3308,100,100,35.1
2026-04-21 13:41:51.359Z,6.3118,6.3286,100,100,26.6
2026-04-21 13:41:52.773Z,6.3101,6.3307,100,100,32.6
2026-04-21 13:41:53.118Z,6.3096,6.3274,100,100,28.2
2026-04-21 13:41:54.029Z,6.3107,6.3307,100,100,31.6
2026-04-21 13:41:55.193Z,6.3086,6.3294,100,100,32.9
2026-04-21 13:41:56.005Z,6.3108,6.3310,100,100,32.0
2026-04-21 13:41:57.557Z,6.3121,6.3305,100,100,29.1
2026-04-21 13:41:58.198Z,6.3103,6.3279,100,100,27.9
2026-04-21 13:41:59.574Z,6.3102,6.3298,100,100,31.0
2026-04-21 13:42:00.339Z,6.2408,6.2592,100,100,29.4
2026-04-21 13:42:01.280Z,6.2402,6.2622,100,100,35.2
2026-04-21 13:42:02.360Z,6.2408,6.2604,100,100,31.4
2026-04-21 13:42:03.638Z,6.2377,6.2603,100,100,36.2
2026-04-21 13:42:04.811Z,6.2413,6.2599,100,100,29.8
2026-04-21 13:42:05.004Z,6.2428,6.2592,100,100,26.2
2026-04-21 13:42:06.820Z,6.2393,6.2617,100,100,35.8
2026-04-21 13:42:07.416Z,6.2376,6.2614,100,100,38.1
2026-04-21 13:42:08.667Z,6.2385,6.2629,100,100,39.0
2026-04-21 13:42:09.214Z,6.2391,6.2603,100,100,33.9
2026-04-21 13:42:10.505Z,6.2420,6.2586,100,100,26.6
2026-04-21 13:42:11.256Z,6.2384,6.2586,100,100,32.3
2026-04-21 13:42:12.265Z,6.2388,6.2630,100,100,38.7
2026-04-21 13:42:13.183Z,6.2390,6.2592,100,100,32.3
2026-04-21 13:42:14.243Z,6.2381,6.2605,100,100,35.8
2026-04-21 13:42:15.396Z,6.2418,6.2612,100,100,31.0
2026-04-21 13:42:16.663Z,6.2403,6.2623,100,100,35.2
2026-04-21 13:42:17.278Z,6.2386,6.2606,100,100,35.2
2026-04-21 13:42:18.862Z,6.2369,6.2603,100,100,37.4
2026-04-21 13:42:19.381Z,6.2385,6.2631,100,100,39.4
2026-04-21 13:42:20.663Z,6.2375,6.2609,100,100,37.4
2026-04-21 13:42:21.799Z,6.2411,6.2589,100,100,28.5
2026-04-21 13:42:22.046Z,6.2406,6.2598,100,100,30.7
2026-04-21 13:42:23.354Z,6.2401,6.2579,100,100,28.5
2026-04-21 13:42:24.743Z,6.2384,6.2606,100,100,35.5
2026-04-21 13:42:25.381Z,6.2397,6.2629,100,100,37.1
2026-04-21 13:42:26.793Z,6.2395,6.2589,100,100,31.0
2026-04-21 13:42:27.136Z,6.2417,6.2589,100,100,27.5
2026-04-21 13:42:28.620Z,6.2367,6.2611,100,100,39.0
2026-04-21 13:42:29.168Z,6.2389,6.2591,100,100,32.3
2026-04-21 13:42:30.229Z,6.2396,6.2626,100,100,36.8
2026-04-21 13:42:31.576Z,6.2381,6.2607,100,100,36.2
2026-04-21 13:42:32.136Z,6.2409,6.2621,100,100,33.9
2026-04-21 13:42:33.336Z,6.2384,6.2616,100,100,37.1
2026-04-21 13:42:34.335Z,6.2427,6.2599,100,100,27.5
2026-04-21 13:42:35.379Z,6.2371,6.2611,100,100,38.4
2026-04-21 13:42:36.060Z,6.2400,6.2614,100,100,34.2
2026-04-21 13:42:37.483Z,6.2412,6.2608,100,100,31.4
2026-04-21 13:42:38.760Z,6.2405,6.2617,100,100,33.9
2026-04-21 13:42:39.388Z,6.2394,6.2618,100,100,35.8
2026-04-21 13:42:40.212Z,6.2400,6.2574,100,100,27.8
2026-04-21 13:42:41.186Z,6.2385,6.2639,100,100,40.6
2026-04-21 13:42:42.870Z,6.2416,6.2590,100,100,27.8
2026-04-21 13:42:43.143Z,6.2401,6.2591,100,100,30.4
2026-04-21 13:42:44.487Z,6.2385,6.2585,100,100,32.0
2026-04-21 13:42:45.479Z,6.2400,6.2628,100,100,36.5
2026-04-21 13:42:46.019Z,6.2406,6.2616,100,100,33.6
2026-04-21 13:42:47.721Z,6.2407,6.2607,100,100,32.0
2026-04-21 13:42:48.728Z,6.2414,6.2594,100,100,28.8
2026-04-21 13:42:49.293Z,6.2392,6.2592,100,100,32.0
2026-04-21 13:42:50.120Z,6.2404,6.2602,100,100,31.7
2026-04-21 13:42:51.879Z,6.2386,6.2624,100,100,38.1
2026-04-21 13:42:52.181Z,6.2424,6.2604,100,100,28.8
2026-04-21 13:42:53.701Z,6.2406,6.2606,100,100,32.0
2026-04-21 13:42:54.861Z,6.2401,6.2575,100,100,27.8
2026-04-21 13:42:55.390Z,6.2381,6.2589,100,100,33.3
2026-04-21 13:42:56.441Z,6.2394,6.2580,100,100,29.8
2026-04-21 13:42:57.014Z,6.2383,6.2613,100,100,36.8
2026-04-21 13:42:58.497Z,6.2420,6.2598,100,100,28.5
2026-04-21 13:42:59.257Z,6.2388,6.2612,100,100,35.8
2026-04-21 13:44:00.209Z,6.2908,6.3092,100,100,29.2
2026-04-21 13:44:01.648Z,6.2893,6.3115,100,100,35.2
2026-04-21 13:44:02.447Z,6.2883,6.3113,100,100,36.5
2026-04-21 13:44:03.872Z,6.2891,6.3085,100,100,30.8
2026-04-21 13:44:04.700Z,6.2908,6.3082,100,100,27.6
2026-04-21 13:44:05.486Z,6.2869,6.3109,100,100,38.1
2026-04-21 13:44:06.309Z,6.2889,6.3111,100,100,35.2
2026-04-21 13:44:07.326Z,6.2911,6.3105,100,100,30.8
2026-04-21 13:44:08.014Z,6.2917,6.3105,100,100,29.8
2026-04-21 13:44:09.459Z,6.2902,6.3124,100,100,35.2
2026-04-21 13:44:10.077Z,6.2903,6.3087,100,100,29.2
2026-04-21 13:44:11.325Z,6.2899,6.3075,100,103,27.9
2026-04-21 13:44:12.592Z,6.2894,6.3130,100,100,37.5
2026-04-21 13:44:13.376Z,6.2892,6.3114,100,131,35.2
2026-04-21 13:44:14.663Z,6.2870,6.3106,100,100,37.5
2026-04-21 13:44:15.594Z,6.2906,6.3070,100,100,26.0
2026-04-21 13:44:16.687Z,6.2916,6.3100,100,100,29.2
2026-04-21 13:44:17.066Z,6.2897,6.3105,100,100,33.0
2026-04-21 13:44:18.574Z,6.2905,6.3123,100,100,34.6
2026-04-21 13:44:19.201Z,6.2877,6.3095,100,100,34.6
2026-04-21 13:44:20.234Z,6.2900,6.3072,100,100,27.3
2026-04-21 13:44:21.105Z,6.2869,6.3071,100,100,32.1
2026-04-21 13:44:22.585Z,6.2864,6.3038,100,100,27.6
2026-04-21 13:44:23.180Z,6.2846,6.3030,100,100,29.2
2026-04-21 13:44:24.013Z,6.2815,6.3029,100,100,34.0
2026-04-21 13:44:25.202Z,6.2759,6.2981,100,100,35.3
2026-04-21 13:44:26.611Z,6.2724,6.2976,100,100,40.1
2026-04-21 13:44:27.205Z,6.2724,6.2924,100,100,31.8
2026-04-21 13:44:28.829Z,6.2676,6.2922,100,100,39.2
2026-04-21 13:44:29.012Z,6.2650,6.2902,100,100,40.1
2026-04-21 13:44:30.552Z,6.2640,6.2860,100,100,35.1
2026-04-21 13:44:31.452Z,6.2592,6.2826,100,100,37.3
2026-04-21 13:44:32.548Z,6.2614,6.2792,100,100,28.4
2026-04-21 13:44:33.137Z,6.2580,6.2754,100,100,27.8
2026-04-21 13:44:34.216Z,6.2561,6.2741,100,100,28.7
2026-04-21 13:44:35.145Z,6.2547,6.2733,100,100,29.7
2026-04-21 13:44:36.030Z,6.2487,6.2719,100,100,37.1
2026-04-21 13:44:37.517Z,6.2504,6.2680,100,100,28.1
2026-04-21 13:44:38.658Z,6.2498,6.2694,100,100,31.3
2026-04-21 13:44:39.662Z,6.2481,6.2701,100,100,35.1
2026-04-21 13:44:40.206Z,6.2481,6.2705,100,100,35.8
2026-04-21 13:44:41.146Z,6.2485,6.2709,100,100,35.8
2026-04-21 13:44:42.891Z,6.2488,6.2736,100,100,39.6
2026-04-21 13:44:43.776Z,6.2533,6.2719,100,100,29.7
2026-04-21 13:44:44.598Z,6.2543,6.2731,100,100,30.0
2026-04-21 13:44:45.332Z,6.2517,6.2713,100,100,31.3
2026-04-21 13:44:46.700Z,6.2537,6.2713,100,100,28.1
2026-04-21 13:44:47.518Z,6.2530,6.2732,100,100,32.3
2026-04-21 13:44:48.430Z,6.2548,6.2710,100,100,25.9
2026-04-21 13:44:49.628Z,6.2515,6.2745,100,100,36.7
2026-04-21 13:44:50.270Z,6.2530,6.2710,100,100,28.7
2026-04-21 13:44:51.034Z,6.2487,6.2729,100,100,38.7
2026-04-21 13:44:52.584Z,6.2542,6.2712,100,100,27.1
2026-04-21 13:44:53.616Z,6.2512,6.2728,100,100,34.5
2026-04-21 13:44:54.724Z,6.2510,6.2734,100,100,35.8
2026-04-21 13:44:55.071Z,6.2510,6.2714,100,100,32.6
2026-04-21 13:44:56.425Z,6.2515,6.2703,100,100,30.0
2026-04-21 13:44:57.674Z,6.2495,6.2739,100,100,39.0
2026-04-21 13:44:58.488Z,6.2494,6.2690,100,100,31.3
2026-04-21 13:44:59.428Z,6.2496,6.2704,100,100,33.2
2026-04-21 13:49:00.556Z,6.2000,6.2200,100,100,32.2
2026-04-21 13:49:01.097Z,6.2005,6.2215,100,100,33.8
2026-04-21 13:49:02.349Z,6.2002,6.2196,100,100,31.2
2026-04-21 13:49:03.611Z,6.1981,6.2193,100,100,34.1
2026-04-21 13:49:04.679Z,6.1985,6.2241,100,100,41.2
2026-04-21 13:49:05.881Z,6.1985,6.2221,100,100,38.0
2026-04-21 13:49:06.664Z,6.1997,6.2207,100,100,33.8
2026-04-21 13:49:07.338Z,6.2006,6.2184,100,100,28.7
2026-04-21 13:49:08.808Z,6.2007,6.2199,100,100,30.9
2026-04-21 13:49:09.155Z,6.1977,6.2219,100,100,39.0
2026-04-21 13:49:10.759Z,6.2008,6.2200,100,100,30.9
2026-04-21 13:49:11.243Z,6.1978,6.2212,100,100,37.7
2026-04-21 13:49:12.597Z,6.1988,6.2230,100,100,39.0
2026-04-21 13:49:13.403Z,6.2005,6.2215,100,100,33.8
2026-04-21 13:49:14.847Z,6.1996,6.2208,100,100,34.1
2026-04-21 13:49:15.533Z,6.1987,6.2209,100,100,35.7
2026-04-21 13:49:16.674Z,6.2004,6.2196,100,100,30.9
2026-04-21 13:49:17.463Z,6.2025,6.2205,100,100,29.0
2026-04-21 13:49:18.291Z,6.2025,6.2201,100,100,28.3
2026-04-21 13:49:19.536Z,6.2021,6.2207,100,100,29.9
2026-04-21 13:49:20.794Z,6.1989,6.2201,100,100,34.1
2026-04-21 13:49:21.877Z,6.2021,6.2197,100,100,28.3
2026-04-21 13:49:22.009Z,6.1987,6.2185,100,100,31.9
2026-04-21 13:49:23.501Z,6.1987,6.2229,100,100,39.0
2026-04-21 13:49:24.664Z,6.1981,6.2195,100,100,34.5
2026-04-21 13:49:25.686Z,6.2005,6.2183,100,100,28.7
2026-04-21 13:49:26.661Z,6.2007,6.2221,100,100,34.5
2026-04-21 13:49:27.591Z,6.1966,6.2208,100,100,39.0
2026-04-21 13:49:28.875Z,6.1990,6.2214,100,100,36.1
2026-04-21 13:49:29.508Z,6.1983,6.2209,100,100,36.4
2026-04-21 13:49:30.730Z,6.2006,6.2202,100,100,31.6
2026-04-21 13:49:31.808Z,6.1990,6.2232,100,100,39.0
2026-04-21 13:49:32.595Z,6.1974,6.2206,100,100,37.4
2026-04-21 13:49:33.455Z,6.1987,6.2219,100,100,37.4
2026-04-21 13:49:34.056Z,6.1987,6.2187,100,100,32.2
2026-04-21 13:49:35.043Z,6.2007,6.2211,100,100,32.8
2026-04-21 13:49:36.696Z,6.1989,6.2227,100,100,38.3
2026-04-21 13:49:37.802Z,6.1999,6.2215,100,100,34.8
2026-04-21 13:49:38.260Z,6.2017,6.2209,100,100,30.9
2026-04-21 13:49:39.244Z,6.1992,6.2232,100,100,38.6
2026-04-21 13:49:40.412Z,6.2016,6.2214,100,100,31.9
2026-04-21 13:49:41.274Z,6.2007,6.2213,100,100,33.2
2026-04-21 13:49:42.252Z,6.1959,6.2211,100,100,40.6
2026-04-21 13:49:43.425Z,6.1985,6.2191,100,100,33.2
2026-04-21 13:49:44.056Z,6.2011,6.2203,100,100,30.9
2026-04-21 13:49:45.281Z,6.1999,6.2171,100,100,27.7
2026-04-21 13:49:46.541Z,6.1995,6.2185,100,100,30.6
2026-04-21 13:49:47.159Z,6.2022,6.2202,100,100,29.0
2026-04-21 13:49:48.258Z,6.1976,6.2212,100,100,38.0
2026-04-21 13:49:49.555Z,6.1999,6.2185,100,100,30.0
2026-04-21 13:49:50.213Z,6.2022,6.2200,100,100,28.7
2026-04-21 13:49:51.599Z,6.2003,6.2173,100,100,27.4
2026-04-21 13:49:52.585Z,6.1995,6.2213,100,100,35.1
2026-04-21 13:49:53.613Z,6.1985,6.2191,100,100,33.2
2026-04-21 13:49:54.849Z,6.1977,6.2219,100,100,39.0
2026-04-21 13:49:55.343Z,6.2008,6.2220,100,100,34.1
2026-04-21 13:49:56.187Z,6.1971,6.2207,100,100,38.0
2026-04-21 13:49:57.442Z,6.1980,6.2216,100,100,38.0
2026-04-21 13:49:58.438Z,6.1987,6.2215,100,100,36.7
2026-04-21 13:49:59.072Z,6.1984,6.2216,100,100,37.4
2026-04-21 13:50:00.475Z,6.2307,6.2493,100,100,29.8
2026-04-21 13:50:01.654Z,6.2284,6.2512,100,100,36.5
2026-04-21 13:50:02.849Z,6.2293,6.2491,100,100,31.7
2026-04-21 13:50:03.065Z,6.2323,6.2489,100,100,26.6
2026-04-21 13:50:04.738Z,6.2292,6.2508,100,100,34.6
2026-04-21 13:50:05.470Z,6.2319,6.2503,100,100,29.5
2026-04-21 13:50:06.799Z,6.2317,6.2511,100,100,31.1
2026-04-21 13:50:07.822Z,6.2317,6.2483,100,100,26.6
2026-04-21 13:50:08.571Z,6.2272,6.2512,100,100,38.5
2026-04-21 13:50:09.041Z,6.2283,6.2515,100,100,37.2
2026-04-21 13:50:10.335Z,6.2300,6.2496,100,100,31.4
2026-04-21 13:50:11.718Z,6.2313,6.2499,100,100,29.8
2026-04-21 13:50:12.246Z,6.2261,6.2509,100,100,39.8
2026-04-21 13:50:13.617Z,6.2306,6.2470,100,100,26.3
2026-04-21 13:50:14.450Z,6.2282,6.2512,100,100,36.9
2026-04-21 13:50:15.478Z,6.2280,6.2516,100,100,37.8
2026-04-21 13:50:16.871Z,6.2310,6.2504,100,100,31.1
2026-04-21 13:50:17.576Z,6.2291,6.2517,100,100,36.2
2026-04-21 13:50:18.080Z,6.2307,6.2475,100,100,26.9
2026-04-21 13:50:19.363Z,6.2312,6.2486,100,100,27.9
2026-04-21 13:50:20.524Z,6.2273,6.2503,100,100,36.9
2026-04-21 13:50:21.523Z,6.2310,6.2490,100,100,28.8
2026-04-21 13:50:22.790Z,6.2303,6.2489,100,100,29.8
2026-04-21 13:50:23.327Z,6.2318,6.2480,100,100,26.0
2026-04-21 13:50:24.432Z,6.2297,6.2533,100,100,37.8
2026-04-21 13:50:25.117Z,6.2293,6.2505,100,100,34.0
2026-04-21 13:50:26.741Z,6.2271,6.2499,100,100,36.5
2026-04-21 13:50:27.252Z,6.2308,6.2516,100,100,33.3
2026-04-21 13:50:28.303Z,6.2281,6.2523,100,100,38.8
2026-04-21 13:50:29.191Z,6.2299,6.2511,100,100,34.0
2026-04-21 13:50:30.033Z,6.2297,6.2473,100,100,28.2
2026-04-21 13:50:31.322Z,6.2324,6.2504,100,100,28.8
2026-04-21 13:50:32.885Z,6.2288,6.2496,100,100,33.3
2026-04-21 13:50:33.106Z,6.2272,6.2498,100,100,36.2
2026-04-21 13:50:34.226Z,6.2286,6.2528,100,100,38.8
2026-04-21 13:50:35.174Z,6.2304,6.2524,100,100,35.2
2026-04-21 13:50:36.479Z,6.2267,6.2503,100,100,37.8
2026-04-21 13:50:37.082Z,6.2289,6.2513,100,100,35.9
2026-04-21 13:50:38.550Z,6.2309,6.2517,100,100,33.3
2026-04-21 13:50:39.625Z,6.2280,6.2498,100,100,34.9
2026-04-21 13:50:40.188Z,6.2294,6.2478,100,100,29.5
2026-04-21 13:50:41.038Z,6.2300,6.2524,100,100,35.9
2026-04-21 13:50:42.564Z,6.2319,6.2509,100,100,30.4
2026-04-21 13:50:43.666Z,6.2322,6.2486,100,100,26.3
2026-04-21 13:50:44.647Z,6.2309,6.2521,100,100,34.0
2026-04-21 13:50:45.648Z,6.2280,6.2510,100,100,36.9
2026-04-21 13:50:46.057Z,6.2317,6.2485,100,100,26.9
2026-04-21 13:50:47.601Z,6.2307,6.2517,100,100,33.6
2026-04-21 13:50:48.474Z,6.2298,6.2484,100,100,29.8
2026-04-21 13:50:49.050Z,6.2279,6.2525,100,100,39.4
2026-04-21 13:50:50.370Z,6.2284,6.2494,100,100,33.7
2026-04-21 13:50:51.519Z,6.2302,6.2482,100,100,28.8
2026-04-21 13:50:52.087Z,6.2309,6.2495,100,100,29.8
2026-04-21 13:50:53.152Z,6.2302,6.2470,100,100,26.9
2026-04-21 13:50:54.654Z,6.2301,6.2515,100,100,34.3
2026-04-21 13:50:55.118Z,6.2326,6.2492,100,100,26.6
2026-04-21 13:50:56.668Z,6.2283,6.2495,100,100,34.0
2026-04-21 13:50:57.408Z,6.2286,6.2510,100,100,35.9
2026-04-21 13:50:58.553Z,6.2287,6.2519,100,100,37.2
2026-04-21 13:50:59.031Z,6.2289,6.2511,100,100,35.6
2026-04-21 13:51:00.580Z,6.2293,6.2507,100,100,34.3
2026-04-21 13:51:01.669Z,6.2282,6.2512,100,100,36.9
2026-04-21 13:51:02.429Z,6.2302,6.2484,100,100,29.2
2026-04-21 13:51:03.592Z,6.2318,6.2496,100,100,28.5
2026-04-21 13:51:04.266Z,6.2295,6.2479,100,100,29.5
2026-04-21 13:51:05.746Z,6.2306,6.2490,100,100,29.5
2026-04-21 13:51:06.111Z,6.2301,6.2495,100,100,31.1
2026-04-21 13:51:07.202Z,6.2308,6.2496,100,100,30.1
2026-04-21 13:51:08.067Z,6.2289,6.2519,100,100,36.9
2026-04-21 13:51:09.637Z,6.2293,6.2535,100,100,38.8
2026-04-21 13:51:10.277Z,6.2291,6.2513,100,100,35.6
2026-04-21 13:51:11.691Z,6.2304,6.2478,100,100,27.9
2026-04-21 13:51:12.374Z,6.2298,6.2500,100,100,32.4
2026-04-21 13:51:13.549Z,6.2283,6.2521,100,100,38.1
2026-04-21 13:51:14.240Z,6.2293,6.2515,100,100,35.6
2026-04-21 13:51:15.135Z,6.2292,6.2506,100,100,34.3
2026-04-21 13:51:16.105Z,6.2297,6.2503,100,100,33.0
2026-04-21 13:51:17.577Z,6.2298,6.2494,100,100,31.4
2026-04-21 13:51:18.380Z,6.2293,6.2485,100,100,30.8
2026-04-21 13:51:19.479Z,6.2319,6.2491,100,100,27.6
2026-04-21 13:51:20.145Z,6.2298,6.2510,100,100,34.0
2026-04-21 13:51:21.009Z,6.2300,6.2514,100,100,34.3
2026-04-21 13:51:22.510Z,6.2292,6.2496,100,100,32.7
2026-04-21 13:51:23.611Z,6.2293,6.2525,100,100,37.2
2026-04-21 13:51:24.237Z,6.2272,6.2516,100,100,39.1
2026-04-21 13:51:25.093Z,6.2314,6.2480,100,100,26.6
2026-04-21 13:51:26.442Z,6.2282,6.2504,100,100,35.6
2026-04-21 13:51:27.293Z,6.2282,6.2522,100,100,38.5
2026-04-21 13:51:28.236Z,6.2284,6.2510,100,100,36.2
2026-04-21 13:51:29.640Z,6.2286,6.2482,100,100,31.4
2026-04-21 13:51:30.403Z,6.2289,6.2489,100,100,32.1
2026-04-21 13:51:31.594Z,6.2283,6.2499,100,100,34.6
2026-04-21 13:51:32.169Z,6.2312,6.2514,100,100,32.4
2026-04-21 13:51:33.583Z,6.2290,6.2496,100,100,33.0
2026-04-21 13:51:34.014Z,6.2301,6.2495,100,100,31.1
2026-04-21 13:51:35.042Z,6.2302,6.2502,100,100,32.1
2026-04-21 13:51:36.617Z,6.2316,6.2490,100,100,27.9
2026-04-21 13:51:37.716Z,6.2309,6.2493,100,100,29.5
2026-04-21 13:51:38.600Z,6.2317,6.2481,100,100,26.3
2026-04-21 13:51:39.873Z,6.2330,6.2496,100,100,26.6
2026-04-21 13:51:40.208Z,6.2284,6.2492,100,100,33.3
2026-04-21 13:51:41.304Z,6.2274,6.2512,100,100,38.1
2026-04-21 13:51:42.354Z,6.2313,6.2483,100,100,27.2
2026-04-21 13:51:43.082Z,6.2314,6.2496,100,100,29.2
2026-04-21 13:51:44.648Z,6.2282,6.2492,100,100,33.7
2026-04-21 13:51:45.421Z,6.2310,6.2516,100,100,33.0
2026-04-21 13:51:46.243Z,6.2320,6.2498,100,100,28.5
2026-04-21 13:51:47.557Z,6.2274,6.2520,100,100,39.4
2026-04-21 13:51:48.544Z,6.2302,6.2526,100,100,35.9
2026-04-21 13:51:49.048Z,6.2321,6.2491,100,100,27.2
2026-04-21 13:51:50.857Z,6.2296,6.2504,100,100,33.3
2026-04-21 13:51:51.790Z,6.2267,6.2503,100,100,37.8
2026-04-21 13:51:52.157Z,6.2305,6.2509,100,100,32.7
2026-04-21 13:51:53.343Z,6.2301,6.2515,100,100,34.3
2026-04-21 13:51:54.071Z,6.2281,6.2503,100,100,35.6
2026-04-21 13:51:55.812Z,6.2293,6.2503,100,100,33.7
2026-04-21 13:51:56.166Z,6.2313,6.2505,100,100,30.8
2026-04-21 13:51:57.561Z,6.2306,6.2522,100,100,34.6
2026-04-21 13:51:58.142Z,6.2290,6.2484,100,100,31.1
2026-04-21 13:51:59.370Z,6.2291,6.2509,100,100,34.9
2026-04-21 13:52:00.035Z,6.2315,6.2485,100,100,27.2
2026-04-21 13:52:01.281Z,6.2306,6.2490,100,100,29.5
2026-04-21 13:52:02.574Z,6.2280,6.2522,100,100,38.8
2026-04-21 13:52:03.795Z,6.2321,6.2497,100,100,28.2
2026-04-21 13:52:04.227Z,6.2282,6.2490,100,100,33.3
2026-04-21 13:52:05.788Z,6.2292,6.2526,100,100,37.5
2026-04-21 13:52:06.740Z,6.2302,6.2488,100,100,29.8
2026-04-21 13:52:07.659Z,6.2293,6.2537,100,100,39.1
2026-04-21 13:52:08.013Z,6.2319,6.2503,100,100,29.5
2026-04-21 13:52:09.183Z,6.2289,6.2513,100,100,35.9
2026-04-21 13:52:10.551Z,6.2304,6.2520,100,100,34.6
2026-04-21 13:52:11.890Z,6.2289,6.2529,100,100,38.5
2026-04-21 13:52:12.187Z,6.2283,6.2523,100,100,38.5
2026-04-21 13:52:13.719Z,6.2303,6.2515,100,100,34.0
2026-04-21 13:52:14.866Z,6.2315,6.2509,100,100,31.1
2026-04-21 13:52:15.598Z,6.2271,6.2509,100,100,38.1
2026-04-21 13:52:16.254Z,6.2320,6.2498,100,100,28.5
2026-04-21 13:52:17.483Z,6.2288,6.2528,100,100,38.5
2026-04-21 13:52:18.284Z,6.2299,6.2515,100,100,34.6
2026-04-21 13:52:19.378Z,6.2286,6.2492,100,100,33.0
2026-04-21 13:52:20.746Z,6.2289,6.2493,100,100,32.7
2026-04-21 13:52:21.829Z,6.2315,6.2493,100,100,28.5
2026-04-21 13:52:22.351Z,6.2300,6.2528,100,100,36.5
2026-04-21 13:52:23.545Z,6.2311,6.2489,100,100,28.5
2026-04-21 13:52:24.682Z,6.2314,6.2496,100,100,29.2
2026-04-21 13:52:25.231Z,6.2267,6.2509,100,100,38.8
2026-04-21 13:52:26.466Z,6.2293,6.2525,100,100,37.2
2026-04-21 13:52:27.316Z,6.2310,6.2508,100,100,31.7
2026-04-21 13:52:28.835Z,6.2308,6.2478,100,100,27.2
2026-04-21 13:52:29.792Z,6.2322,6.2496,100,100,27.9
2026-04-21 13:52:30.772Z,6.2322,6.2496,100,100,27.9
2026-04-21 13:52:31.076Z,6.2303,6.2477,100,100,27.9
2026-04-21 13:52:32.528Z,6.2302,6.2472,100,100,27.2
2026-04-21 13:52:33.207Z,6.2288,6.2536,100,100,39.7
2026-04-21 13:52:34.741Z,6.2331,6.2493,100,100,26.0
2026-04-21 13:52:35.315Z,6.2297,6.2485,100,100,30.1
2026-04-21 13:52:36.016Z,6.2314,6.2486,100,100,27.6
2026-04-21 13:52:37.096Z,6.2303,6.2493,100,100,30.4
2026-04-21 13:52:38.379Z,6.2323,6.2503,100,100,28.8
2026-04-21 13:52:39.102Z,6.2275,6.2513,100,100,38.1
2026-04-21 13:52:40.164Z,6.2289,6.2485,100,100,31.4
2026-04-21 13:52:41.046Z,6.2301,6.2525,100,100,35.9
2026-04-21 13:52:42.269Z,6.2279,6.2509,100,100,36.9
2026-04-21 13:52:43.767Z,6.2290,6.2504,100,100,34.3
2026-04-21 13:52:44.715Z,6.2300,6.2490,100,100,30.5
2026-04-21 13:52:45.343Z,6.2306,6.2474,100,100,26.9
2026-04-21 13:52:46.897Z,6.2305,6.2521,100,100,34.6
2026-04-21 13:52:47.062Z,6.2301,6.2477,100,100,28.2
2026-04-21 13:52:48.689Z,6.2290,6.2480,100,100,30.5
2026-04-21 13:52:49.496Z,6.2316,6.2492,100,100,28.2
2026-04-21 13:52:50.570Z,6.2297,6.2511,100,100,34.3
2026-04-21 13:52:51.337Z,6.2269,6.2513,100,100,39.1
2026-04-21 13:52:52.677Z,6.2306,6.2492,100,100,29.8
2026-04-21 13:52:53.319Z,6.2305,6.2477,100,100,27.6
2026-04-21 13:52:54.416Z,6.2319,6.2491,100,100,27.6
2026-04-21 13:52:55.153Z,6.2292,6.2536,100,100,39.1
2026-04-21 13:52:56.318Z,6.2297,6.2481,100,100,29.5
2026-04-21 13:52:57.773Z,6.2317,6.2495,100,100,28.5
2026-04-21 13:52:58.836Z,6.2311,6.2511,100,100,32.0
2026-04-21 13:52:59.848Z,6.2318,6.2482,100,100,26.3
2026-04-21 13:56:00.020Z,6.2181,6.2419,100,100,38.2
2026-04-21 13:56:01.716Z,6.2217,6.2385,100,100,27.0
2026-04-21 13:56:02.145Z,6.2206,6.2376,100,100,27.3
2026-04-21 13:56:03.485Z,6.2200,6.2370,100,100,27.3
2026-04-21 13:56:04.146Z,6.2211,6.2417,100,100,33.1
2026-04-21 13:56:05.114Z,6.2190,6.2422,100,100,37.2
2026-04-21 13:56:06.077Z,6.2199,6.2417,100,100,35.0
2026-04-21 13:56:07.612Z,6.2180,6.2418,100,100,38.2
2026-04-21 13:56:08.354Z,6.2196,6.2402,100,100,33.1
2026-04-21 13:56:09.427Z,6.2195,6.2421,100,100,36.3
2026-04-21 13:56:10.055Z,6.2202,6.2418,100,100,34.7
2026-04-21 13:56:11.358Z,6.2197,6.2417,100,100,35.3
2026-04-21 13:56:12.402Z,6.2190,6.2424,100,100,37.6
2026-04-21 13:56:13.396Z,6.2175,6.2397,100,100,35.6
2026-04-21 13:56:14.631Z,6.2207,6.2403,100,100,31.5
2026-04-21 13:56:15.892Z,6.2217,6.2403,100,100,29.9
2026-04-21 13:56:16.727Z,6.2169,6.2403,100,100,37.6
2026-04-21 13:56:17.435Z,6.2181,6.2423,100,100,38.8
2026-04-21 13:56:18.459Z,6.2162,6.2410,100,100,39.8
2026-04-21 13:56:19.514Z,6.2171,6.2409,100,100,38.2
2026-04-21 13:56:20.524Z,6.2197,6.2413,100,100,34.7
2026-04-21 13:56:21.599Z,6.2212,6.2414,100,100,32.4
2026-04-21 13:56:22.526Z,6.2208,6.2406,100,100,31.8
2026-04-21 13:56:23.477Z,6.2214,6.2382,100,100,27.0
2026-04-21 13:56:24.303Z,6.2198,6.2394,100,100,31.5
2026-04-21 13:56:25.321Z,6.2174,6.2394,100,100,35.3
2026-04-21 13:56:26.274Z,6.2196,6.2434,100,100,38.2
2026-04-21 13:56:27.838Z,6.2173,6.2401,100,100,36.6
2026-04-21 13:56:28.209Z,6.2179,6.2399,100,100,35.3
2026-04-21 13:56:29.595Z,6.2181,6.2423,100,100,38.8
2026-04-21 13:56:30.233Z,6.2189,6.2435,100,100,39.5
2026-04-21 13:56:31.704Z,6.2199,6.2425,100,100,36.3
2026-04-21 13:56:32.595Z,6.2182,6.2426,100,100,39.2
2026-04-21 13:56:33.341Z,6.2168,6.2402,100,100,37.6
2026-04-21 13:56:34.514Z,6.2194,6.2406,100,100,34.0
2026-04-21 13:56:35.705Z,6.2199,6.2421,100,100,35.6
2026-04-21 13:56:36.638Z,6.2210,6.2384,100,100,27.9
2026-04-21 13:56:37.502Z,6.2207,6.2381,100,100,27.9
2026-04-21 13:56:38.874Z,6.2203,6.2385,100,100,29.2
2026-04-21 13:56:39.508Z,6.2177,6.2395,100,100,35.0
2026-04-21 13:56:40.481Z,6.2193,6.2425,100,100,37.2
2026-04-21 13:56:41.840Z,6.2215,6.2391,100,100,28.2
2026-04-21 13:56:42.377Z,6.2215,6.2379,100,100,26.3
2026-04-21 13:56:43.878Z,6.2218,6.2408,100,100,30.5
2026-04-21 13:56:44.158Z,6.2191,6.2423,100,100,37.2
2026-04-21 13:56:45.875Z,6.2201,6.2375,100,100,27.9
2026-04-21 13:56:46.648Z,6.2201,6.2377,100,100,28.3
2026-04-21 13:56:47.657Z,6.2212,6.2374,100,100,26.0
2026-04-21 13:56:48.723Z,6.2199,6.2391,100,100,30.8
2026-04-21 13:56:49.436Z,6.2206,6.2414,100,100,33.4
2026-04-21 13:56:50.690Z,6.2169,6.2405,100,100,37.9
2026-04-21 13:56:51.784Z,6.2195,6.2387,100,100,30.8
2026-04-21 13:56:52.713Z,6.2206,6.2420,100,100,34.3
2026-04-21 13:56:53.649Z,6.2190,6.2414,100,100,36.0
2026-04-21 13:56:54.520Z,6.2195,6.2379,100,100,29.5
2026-04-21 13:56:55.472Z,6.2206,6.2424,100,100,35.0
2026-04-21 13:56:56.872Z,6.2180,6.2392,100,100,34.0
2026-04-21 13:56:57.047Z,6.2218,6.2394,100,100,28.2
2026-04-21 13:56:58.606Z,6.2180,6.2418,100,100,38.2
2026-04-21 13:56:59.794Z,6.2193,6.2407,100,100,34.3
2026-04-21 13:59:00.429Z,6.2304,6.2496,100,100,30.8
2026-04-21 13:59:01.762Z,6.2306,6.2486,100,100,28.8
2026-04-21 13:59:02.218Z,6.2287,6.2519,100,100,37.2
2026-04-21 13:59:03.113Z,6.2277,6.2519,100,100,38.8
2026-04-21 13:59:04.816Z,6.2312,6.2522,100,100,33.6
2026-04-21 13:59:05.782Z,6.2345,6.2513,100,100,26.9
2026-04-21 13:59:06.336Z,6.2333,6.2515,100,100,29.2
2026-04-21 13:59:07.598Z,6.2309,6.2531,100,100,35.6
2026-04-21 13:59:08.587Z,6.2358,6.2530,100,100,27.5
2026-04-21 13:59:09.148Z,6.2348,6.2552,100,100,32.7
2026-04-21 13:59:10.282Z,6.2347,6.2557,100,100,33.6
2026-04-21 13:59:11.857Z,6.2343,6.2587,100,100,39.1
2026-04-21 13:59:12.810Z,6.2347,6.2531,100,100,29.5
2026-04-21 13:59:13.426Z,6.2338,6.2580,100,100,38.7
2026-04-21 13:59:14.285Z,6.2344,6.2530,100,100,29.8
2026-04-21 13:59:15.880Z,6.2327,6.2563,100,100,37.8
2026-04-21 13:59:16.109Z,6.2346,6.2516,100,100,27.2
2026-04-21 13:59:17.320Z,6.2326,6.2532,100,100,33.0
2026-04-21 13:59:18.175Z,6.2352,6.2524,100,100,27.5
2026-04-21 13:59:19.673Z,6.2327,6.2545,100,100,34.9
2026-04-21 13:59:20.386Z,6.2349,6.2525,100,100,28.2
2026-04-21 13:59:21.308Z,6.2295,6.2535,100,100,38.5
2026-04-21 13:59:22.274Z,6.2302,6.2542,100,100,38.4
2026-04-21 13:59:23.031Z,6.2300,6.2488,100,100,30.1
2026-04-21 13:59:24.658Z,6.2307,6.2509,100,100,32.4
2026-04-21 13:59:25.793Z,6.2261,6.2501,100,100,38.5
2026-04-21 13:59:26.428Z,6.2243,6.2483,100,100,38.5
2026-04-21 13:59:27.819Z,6.2238,6.2476,100,100,38.2
2026-04-21 13:59:28.658Z,6.2252,6.2428,100,100,28.2
2026-04-21 13:59:29.416Z,6.2227,6.2453,100,100,36.3
2026-04-21 13:59:30.489Z,6.2216,6.2404,100,100,30.2
2026-04-21 13:59:31.887Z,6.2198,6.2434,100,100,37.9
2026-04-21 13:59:32.583Z,6.2201,6.2385,100,100,29.5
2026-04-21 13:59:33.410Z,6.2199,6.2369,100,100,27.3
2026-04-21 13:59:34.564Z,6.2173,6.2369,100,100,31.5
2026-04-21 13:59:35.137Z,6.2125,6.2371,100,100,39.5
2026-04-21 13:59:36.795Z,6.2148,6.2348,100,100,32.1
2026-04-21 13:59:37.338Z,6.2162,6.2368,100,100,33.1
2026-04-21 13:59:38.378Z,6.2155,6.2331,100,100,28.3
2026-04-21 13:59:39.728Z,6.2134,6.2340,100,100,33.1
2026-04-21 13:59:40.866Z,6.2173,6.2359,100,100,29.9
2026-04-21 13:59:41.464Z,6.2182,6.2354,100,100,27.6
2026-04-21 13:59:42.071Z,6.2170,6.2354,100,100,29.6
2026-04-21 13:59:43.304Z,6.2155,6.2385,100,100,36.9
2026-04-21 13:59:44.044Z,6.2179,6.2357,100,100,28.6
2026-04-21 13:59:45.137Z,6.2158,6.2356,100,100,31.8
2026-04-21 13:59:46.759Z,6.2151,6.2363,100,100,34.1
2026-04-21 13:59:47.322Z,6.2148,6.2372,100,100,36.0
2026-04-21 13:59:48.868Z,6.2155,6.2339,100,100,29.6
2026-04-21 13:59:49.219Z,6.2136,6.2380,100,100,39.2
2026-04-21 13:59:50.861Z,6.2166,6.2350,100,100,29.6
2026-04-21 13:59:51.705Z,6.2121,6.2367,100,100,39.5
2026-04-21 13:59:52.500Z,6.2154,6.2364,100,100,33.7
2026-04-21 13:59:53.057Z,6.2180,6.2346,100,100,26.7
2026-04-21 13:59:54.640Z,6.2133,6.2363,100,100,36.9
2026-04-21 13:59:55.572Z,6.2169,6.2331,100,100,26.0
2026-04-21 13:59:56.661Z,6.2165,6.2341,100,100,28.3
2026-04-21 13:59:57.643Z,6.2164,6.2354,100,100,30.5
2026-04-21 13:59:58.254Z,6.2127,6.2349,100,100,35.7
2026-04-21 13:59:59.279Z,6.2159,6.2341,100,100,29.2
2026-04-21 14:00:00.729Z,6.2160,6.2340,168,156,28.9
2026-04-21 14:00:01.815Z,6.2135,6.2345,100,124,33.7
2026-04-21 14:00:02.810Z,6.2166,6.2358,156,100,30.8
2026-04-21 14:00:03.129Z,6.2163,6.2361,149,103,31.8
2026-04-21 14:00:04.062Z,6.2139,6.2377,100,118,38.2
2026-04-21 14:00:05.706Z,6.2169,6.2363,272,146,31.2
2026-04-21 14:00:06.717Z,6.2150,6.2354,100,154,32.8
2026-04-21 14:00:07.300Z,6.2140,6.2358,100,177,35.0
2026-04-21 14:00:08.738Z,6.2150,6.2322,127,156,27.6
2026-04-21 14:00:09.329Z,6.2173,6.2357,110,100,29.6
2026-04-21 14:00:10.006Z,6.2110,6.2362,100,164,40.5
2026-04-21 14:00:11.585Z,6.2172,6.2356,267,120,29.6
2026-04-21 14:00:12.071Z,6.2182,6.2342,264,393,25.7
2026-04-21 14:00:13.187Z,6.2129,6.2361,159,487,37.3
2026-04-21 14:00:14.667Z,6.2134,6.2336,100,105,32.5
2026-04-21 14:00:15.892Z,6.2160,6.2346,196,116,29.9
2026-04-21 14:00:16.352Z,6.2165,6.2337,100,205,27.6
2026-04-21 14:00:17.650Z,6.2136,6.2354,100,170,35.0
2026-04-21 14:00:18.346Z,6.2143,6.2345,179,257,32.5
2026-04-21 14:00:19.105Z,6.2149,6.2347,173,109,31.8
2026-04-21 14:00:20.349Z,6.2147,6.2329,100,119,29.2
2026-04-21 14:00:21.676Z,6.2100,6.2312,100,100,34.1
2026-04-21 14:00:22.053Z,6.2105,6.2275,100,116,27.3
2026-04-21 14:00:23.327Z,6.2001,6.2263,100,195,42.2
2026-04-21 14:00:24.899Z,6.2012,6.2216,100,100,32.8
2026-04-21 14:00:25.051Z,6.1971,6.2153,100,100,29.3
2026-04-21 14:00:26.399Z,6.1897,6.2119,100,128,35.8
2026-04-21 14:00:27.618Z,6.1859,6.2075,100,100,34.9
2026-04-21 14:00:28.432Z,6.1797,6.2047,100,114,40.4
2026-04-21 14:00:29.356Z,6.1791,6.1973,100,114,29.4
2026-04-21 14:00:30.592Z,6.1756,6.1932,100,118,28.5
2026-04-21 14:00:31.400Z,6.1655,6.1913,100,155,41.8
2026-04-21 14:00:32.862Z,6.1623,6.1841,100,101,35.3
2026-04-21 14:00:33.363Z,6.1595,6.1799,100,118,33.1
2026-04-21 14:00:34.137Z,6.1563,6.1787,100,100,36.3
2026-04-21 14:00:35.233Z,6.1571,6.1751,100,100,29.2
2026-04-21 14:00:36.813Z,6.1504,6.1720,100,100,35.1
2026-04-21 14:00:37.883Z,6.1509,6.1689,100,226,29.2
2026-04-21 14:00:38.778Z,6.1529,6.1703,361,214,28.2
2026-04-21 14:00:39.473Z,6.1501,6.1677,100,254,28.6
2026-04-21 14:00:40.557Z,6.1524,6.1724,219,106,32.5
2026-04-21 14:00:41.487Z,6.1522,6.1724,100,138,32.8
2026-04-21 14:00:42.043Z,6.1538,6.1728,100,100,30.8
2026-04-21 14:00:43.862Z,6.1551,6.1769,100,100,35.4
2026-04-21 14:00:44.290Z,6.1562,6.1784,100,100,36.0
2026-04-21 14:00:45.489Z,6.1591,6.1755,108,145,26.6
2026-04-21 14:00:46.564Z,6.1580,6.1758,100,100,28.9
2026-04-21 14:00:47.259Z,6.1551,6.1787,184,105,38.3
2026-04-21 14:00:48.063Z,6.1555,6.1787,151,100,37.6
2026-04-21 14:00:49.270Z,6.1571,6.1767,100,149,31.8
2026-04-21 14:00:50.506Z,6.1565,6.1767,128,186,32.8
2026-04-21 14:00:51.487Z,6.1551,6.1769,104,167,35.4
2026-04-21 14:00:52.276Z,6.1515,6.1745,100,126,37.3
2026-04-21 14:00:53.833Z,6.1551,6.1719,176,106,27.3
2026-04-21 14:00:54.492Z,6.1520,6.1700,100,162,29.2
2026-04-21 14:00:55.436Z,6.1514,6.1706,100,100,31.2
2026-04-21 14:00:56.507Z,6.1517,6.1699,100,145,29.5
2026-04-21 14:00:57.308Z,6.1510,6.1710,237,100,32.5
2026-04-21 14:00:58.713Z,6.1483,6.1717,128,287,38.0
2026-04-21 14:00:59.600Z,6.1487,6.1713,212,192,36.7
2026-04-21 14:01:00.530Z,6.1649,6.1851,100,100,32.7
2026-04-21 14:01:01.174Z,6.1654,6.1840,100,100,30.1
2026-04-21 14:01:02.309Z,6.1626,6.1858,100,100,37.6
2026-04-21 14:01:03.247Z,6.1617,6.1825,100,100,33.7
2026-04-21 14:01:04.025Z,6.1605,6.1825,100,100,35.6
2026-04-21 14:01:05.862Z,6.1591,6.1767,100,100,28.5
2026-04-21 14:01:06.639Z,6.1560,6.1758,100,100,32.1
2026-04-21 14:01:07.813Z,6.1550,6.1764,100,100,34.7
2026-04-21 14:01:08.792Z,6.1537,6.1711,100,100,28.2
2026-04-21 14:01:09.363Z,6.1520,6.1728,100,100,33.8
2026-04-21 14:01:10.062Z,6.1504,6.1740,100,100,38.3
2026-04-21 14:01:11.643Z,6.1489,6.1693,100,100,33.1
2026-04-21 14:01:12.334Z,6.1493,6.1687,100,100,31.5
2026-04-21 14:01:13.581Z,6.1501,6.1737,100,100,38.3
2026-04-21 14:01:14.689Z,6.1485,6.1729,100,100,39.6
2026-04-21 14:01:15.773Z,6.1497,6.1741,100,100,39.6
2026-04-21 14:01:16.371Z,6.1538,6.1742,100,100,33.1
2026-04-21 14:01:17.489Z,6.1526,6.1768,100,100,39.3
2026-04-21 14:01:18.546Z,6.1536,6.1710,100,100,28.2
2026-04-21 14:01:19.743Z,6.1522,6.1764,100,100,39.3
2026-04-21 14:01:20.860Z,6.1558,6.1720,100,100,26.3
2026-04-21 14:01:21.170Z,6.1570,6.1758,100,100,30.5
2026-04-21 14:01:22.583Z,6.1551,6.1771,100,100,35.7
2026-04-21 14:01:23.638Z,6.1608,6.1798,100,100,30.8
2026-04-21 14:01:24.622Z,6.1636,6.1818,100,100,29.5
2026-04-21 14:01:25.632Z,6.1635,6.1825,100,100,30.8
2026-04-21 14:01:26.305Z,6.1674,6.1848,100,100,28.2
2026-04-21 14:01:27.025Z,6.1684,6.1870,100,100,30.1
2026-04-21 14:01:28.009Z,6.1722,6.1894,100,100,27.8
2026-04-21 14:01:29.358Z,6.1727,6.1979,100,100,40.7
2026-04-21 14:01:30.044Z,6.1749,6.1981,100,100,37.5
2026-04-21 14:01:31.594Z,6.1810,6.2000,100,100,30.7
2026-04-21 14:01:32.469Z,6.1823,6.1989,100,100,26.8
2026-04-21 14:01:33.257Z,6.1833,6.2019,100,100,30.0
2026-04-21 14:01:34.683Z,6.1825,6.2067,100,100,39.1
2026-04-21 14:01:35.260Z,6.1881,6.2067,100,100,30.0
2026-04-21 14:01:36.659Z,6.1902,6.2086,100,100,29.7
2026-04-21 14:01:37.155Z,6.1878,6.2096,100,100,35.2
2026-04-21 14:01:38.221Z,6.1875,6.2111,100,100,38.1
2026-04-21 14:01:39.294Z,6.1904,6.2112,100,100,33.5
2026-04-21 14:01:40.166Z,6.1894,6.2118,100,100,36.1
2026-04-21 14:01:41.216Z,6.1888,6.2076,100,100,30.3
2026-04-21 14:01:42.419Z,6.1909,6.2087,100,100,28.7
2026-04-21 14:01:43.136Z,6.1883,6.2095,100,100,34.2
2026-04-21 14:01:44.053Z,6.1868,6.2084,100,100,34.9
2026-04-21 14:01:45.550Z,6.1856,6.2060,100,100,32.9
2026-04-21 14:01:46.152Z,6.1864,6.2034,100,100,27.4
2026-04-21 14:01:47.522Z,6.1866,6.2054,100,100,30.3
2026-04-21 14:01:48.120Z,6.1885,6.2075,100,100,30.7
2026-04-21 14:01:49.299Z,6.1826,6.2080,100,100,41.0
2026-04-21 14:01:50.394Z,6.1861,6.2065,100,100,32.9
2026-04-21 14:01:51.534Z,6.1896,6.2066,100,100,27.4
2026-04-21 14:01:52.757Z,6.1854,6.2086,100,100,37.4
2026-04-21 14:01:53.209Z,6.1879,6.2089,100,100,33.9
2026-04-21 14:01:54.223Z,6.1903,6.2083,100,100,29.0
2026-04-21 14:01:55.492Z,6.1880,6.2080,100,100,32.3
2026-04-21 14:01:56.141Z,6.1902,6.2118,100,100,34.8
2026-04-21 14:01:57.723Z,6.1903,6.2095,100,100,31.0
2026-04-21 14:01:58.189Z,6.1886,6.2092,100,100,33.2
2026-04-21 14:01:59.189Z,6.1881,6.2119,100,100,38.4
2026-04-21 14:02:00.678Z,6.1608,6.1794,100,100,30.1
2026-04-21 14:02:01.365Z,6.1570,6.1814,100,100,39.6
2026-04-21 14:02:02.505Z,6.1593,6.1829,100,100,38.2
2026-04-21 14:02:03.505Z,6.1608,6.1784,100,100,28.5
2026-04-21 14:02:04.488Z,6.1613,6.1817,100,100,33.1
2026-04-21 14:02:05.222Z,6.1582,6.1822,100,100,38.9
2026-04-21 14:02:06.254Z,6.1607,6.1797,100,100,30.8
2026-04-21 14:02:07.874Z,6.1616,6.1806,100,100,30.8
2026-04-21 14:02:08.253Z,6.1611,6.1791,100,100,29.2
2026-04-21 14:02:09.593Z,6.1592,6.1790,100,100,32.1
2026-04-21 14:02:10.259Z,6.1588,6.1796,100,100,33.7
2026-04-21 14:02:11.453Z,6.1598,6.1776,100,100,28.9
2026-04-21 14:02:12.832Z,6.1607,6.1823,100,100,35.0
2026-04-21 14:02:13.576Z,6.1616,6.1808,100,100,31.1
2026-04-21 14:02:14.076Z,6.1612,6.1784,100,100,27.9
2026-04-21 14:02:15.853Z,6.1584,6.1802,100,100,35.3
2026-04-21 14:02:16.459Z,6.1592,6.1788,100,100,31.8
2026-04-21 14:02:17.368Z,6.1607,6.1795,100,100,30.5
2026-04-21 14:02:18.001Z,6.1617,6.1793,100,100,28.5
2026-04-21 14:02:19.357Z,6.1626,6.1794,100,100,27.2
2026-04-21 14:02:20.810Z,6.1639,6.1815,100,100,28.5
2026-04-21 14:02:21.848Z,6.1616,6.1818,100,100,32.7
2026-04-21 14:02:22.150Z,6.1630,6.1844,100,100,34.7
2026-04-21 14:02:23.517Z,6.1666,6.1848,100,100,29.5
2026-04-21 14:02:24.025Z,6.1682,6.1922,100,100,38.8
2026-04-21 14:02:25.143Z,6.1705,6.1901,100,100,31.7
2026-04-21 14:02:26.275Z,6.1714,6.1946,100,100,37.5
2026-04-21 14:02:27.641Z,6.1759,6.1975,100,100,34.9
2026-04-21 14:02:28.592Z,6.1797,6.1967,100,100,27.5
2026-04-21 14:02:29.459Z,6.1833,6.2017,100,100,29.7
2026-04-21 14:02:30.714Z,6.1834,6.2056,100,100,35.8
2026-04-21 14:02:31.307Z,6.1849,6.2087,100,100,38.4
2026-04-21 14:02:32.818Z,6.1895,6.2113,100,100,35.2
2026-04-21 14:02:33.084Z,6.1932,6.2116,100,100,29.7
2026-04-21 14:02:34.248Z,6.1965,6.2151,100,100,30.0
2026-04-21 14:02:35.812Z,6.1968,6.2138,100,100,27.4
2026-04-21 14:02:36.010Z,6.1958,6.2158,100,100,32.2
2026-04-21 14:02:37.197Z,6.1997,6.2177,100,100,29.0
2026-04-21 14:02:38.844Z,6.1992,6.2196,100,100,32.9
2026-04-21 14:02:39.592Z,6.1957,6.2199,100,100,39.0
2026-04-21 14:02:40.412Z,6.1960,6.2196,100,100,38.0
2026-04-21 14:02:41.234Z,6.1967,6.2161,100,100,31.3
2026-04-21 14:02:42.547Z,6.1951,6.2133,100,100,29.3
2026-04-21 14:02:43.456Z,6.1947,6.2141,100,100,31.3
2026-04-21 14:02:44.809Z,6.1920,6.2162,100,100,39.0
2026-04-21 14:02:45.568Z,6.1942,6.2110,100,100,27.1
2026-04-21 14:02:46.044Z,6.1926,6.2108,100,100,29.3
2026-04-21 14:02:47.628Z,6.1916,6.2102,100,100,30.0
2026-04-21 14:02:48.701Z,6.1904,6.2082,100,100,28.7
2026-04-21 14:02:49.014Z,6.1844,6.2096,100,100,40.7
2026-04-21 14:02:50.634Z,6.1800,6.2060,100,100,42.0
2026-04-21 14:02:51.193Z,6.1828,6.2012,100,100,29.7
2026-04-21 14:02:52.475Z,6.1768,6.1992,100,100,36.2
2026-04-21 14:02:53.246Z,6.1740,6.1926,100,100,30.1
2026-04-21 14:02:54.001Z,6.1693,6.1887,100,100,31.4
2026-04-21 14:02:55.076Z,6.1656,6.1872,100,100,35.0
2026-04-21 14:02:56.655Z,6.1609,6.1847,100,100,38.6
2026-04-21 14:02:57.847Z,6.1600,6.1826,100,100,36.6
2026-04-21 14:02:58.649Z,6.1609,6.1801,100,100,31.1
2026-04-21 14:02:59.790Z,6.1619,6.1783,100,100,26.6
2026-04-21 14:03:00.420Z,6.1594,6.1806,100,100,34.4
2026-04-21 14:03:01.029Z,6.1606,6.1796,100,100,30.8
2026-04-21 14:03:02.013Z,6.1601,6.1799,100,100,32.1
2026-04-21 14:03:03.389Z,6.1616,6.1824,100,100,33.7
2026-04-21 14:03:04.511Z,6.1636,6.1826,100,100,30.8
2026-04-21 14:03:05.178Z,6.1632,6.1834,100,100,32.7
2026-04-21 14:03:06.198Z,6.1637,6.1885,100,100,40.2
2026-04-21 14:03:07.251Z,6.1640,6.1860,100,100,35.6
2026-04-21 14:03:08.544Z,6.1670,6.1882,100,100,34.3
2026-04-21 14:03:09.066Z,6.1684,6.1878,100,100,31.4
2026-04-21 14:03:10.570Z,6.1673,6.1923,100,100,40.5
2026-04-21 14:03:11.192Z,6.1704,6.1920,100,100,34.9
2026-04-21 14:03:12.213Z,6.1665,6.1915,100,100,40.5
2026-04-21 14:03:13.530Z,6.1700,6.1920,100,100,35.6
2026-04-21 14:03:14.793Z,6.1687,6.1915,100,100,36.9
2026-04-21 14:03:15.013Z,6.1677,6.1903,100,100,36.6
2026-04-21 14:03:16.041Z,6.1657,6.1879,100,100,35.9
2026-04-21 14:03:17.637Z,6.1665,6.1897,100,100,37.6
2026-04-21 14:03:18.472Z,6.1684,6.1852,100,100,27.2
2026-04-21 14:03:19.429Z,6.1651,6.1863,100,100,34.3
2026-04-21 14:03:20.572Z,6.1636,6.1856,100,100,35.6
2026-04-21 14:03:21.239Z,6.1667,6.1833,100,100,26.9
2026-04-21 14:03:22.297Z,6.1637,6.1843,100,100,33.4
2026-04-21 14:03:23.340Z,6.1615,6.1841,100,100,36.6
2026-04-21 14:03:24.540Z,6.1548,6.1814,100,100,43.1
2026-04-21 14:03:25.460Z,6.1561,6.1781,100,100,35.7
2026-04-21 14:03:26.614Z,6.1548,6.1778,100,100,37.3
2026-04-21 14:03:27.628Z,6.1536,6.1734,100,100,32.1
2026-04-21 14:03:28.617Z,6.1512,6.1732,100,100,35.7
2026-04-21 14:03:29.205Z,6.1453,6.1703,100,100,40.6
2026-04-21 14:03:30.588Z,6.1478,6.1676,100,100,32.2
2026-04-21 14:03:31.235Z,6.1406,6.1664,100,100,41.9
2026-04-21 14:03:32.381Z,6.1410,6.1618,100,100,33.8
2026-04-21 14:03:33.818Z,6.1381,6.1611,100,100,37.4
2026-04-21 14:03:34.569Z,6.1386,6.1612,100,100,36.7
2026-04-21 14:03:35.453Z,6.1367,6.1555,100,100,30.6
2026-04-21 14:03:36.870Z,6.1361,6.1559,100,100,32.2
2026-04-21 14:03:37.542Z,6.1375,6.1537,100,100,26.4
2026-04-21 14:03:38.547Z,6.1334,6.1560,100,100,36.8
2026-04-21 14:03:39.676Z,6.1348,6.1528,100,100,29.3
2026-04-21 14:03:40.745Z,6.1336,6.1550,100,100,34.8
2026-04-21 14:03:41.587Z,6.1333,6.1575,100,100,39.4
2026-04-21 14:03:42.675Z,6.1358,6.1550,100,100,31.2
2026-04-21 14:03:43.020Z,6.1360,6.1594,100,100,38.1
2026-04-21 14:03:44.101Z,6.1357,6.1595,100,100,38.7
2026-04-21 14:03:45.258Z,6.1375,6.1559,100,100,29.9
2026-04-21 14:03:46.729Z,6.1388,6.1580,100,100,31.2
2026-04-21 14:03:47.415Z,6.1389,6.1561,100,100,28.0
2026-04-21 14:03:48.292Z,6.1390,6.1554,100,100,26.7
2026-04-21 14:03:49.205Z,6.1382,6.1550,100,100,27.3
2026-04-21 14:03:50.270Z,6.1348,6.1588,100,100,39.0
2026-04-21 14:03:51.160Z,6.1346,6.1574,100,100,37.1
2026-04-21 14:03:52.752Z,6.1374,6.1566,100,100,31.2
2026-04-21 14:03:53.369Z,6.1362,6.1560,100,100,32.2
2026-04-21 14:03:54.439Z,6.1367,6.1539,100,100,28.0
2026-04-21 14:03:55.869Z,6.1364,6.1564,100,100,32.5
2026-04-21 14:03:56.173Z,6.1358,6.1542,100,100,29.9
2026-04-21 14:03:57.583Z,6.1371,6.1535,100,100,26.7
2026-04-21 14:03:58.281Z,6.1336,6.1562,100,100,36.8
2026-04-21 14:03:59.412Z,6.1346,6.1554,100,100,33.8
2026-04-21 14:05:00.498Z,6.1703,6.1897,100,100,31.4
2026-04-21 14:05:01.028Z,6.1688,6.1932,100,100,39.5
2026-04-21 14:05:02.365Z,6.1666,6.1916,100,100,40.5
2026-04-21 14:05:03.842Z,6.1683,6.1893,100,100,34.0
2026-04-21 14:05:04.789Z,6.1692,6.1932,100,100,38.8
2026-04-21 14:05:05.022Z,6.1686,6.1920,100,100,37.9
2026-04-21 14:05:06.536Z,6.1689,6.1933,100,100,39.5
2026-04-21 14:05:07.232Z,6.1691,6.1925,100,100,37.9
2026-04-21 14:05:08.626Z,6.1701,6.1893,100,100,31.1
2026-04-21 14:05:09.445Z,6.1697,6.1907,100,100,34.0
2026-04-21 14:05:10.652Z,6.1699,6.1925,100,100,36.6
2026-04-21 14:05:11.687Z,6.1728,6.1890,100,100,26.2
2026-04-21 14:05:12.706Z,6.1676,6.1908,100,100,37.5
2026-04-21 14:05:13.080Z,6.1700,6.1870,100,100,27.5
2026-04-21 14:05:14.377Z,6.1696,6.1932,100,100,38.2
2026-04-21 14:05:15.042Z,6.1717,6.1885,100,100,27.2
2026-04-21 14:05:16.673Z,6.1681,6.1913,100,100,37.5
2026-04-21 14:05:17.293Z,6.1719,6.1885,100,100,26.9
2026-04-21 14:05:18.125Z,6.1707,6.1881,100,100,28.2
2026-04-21 14:05:19.064Z,6.1714,6.1908,100,100,31.4
2026-04-21 14:05:20.276Z,6.1699,6.1937,100,100,38.5
2026-04-21 14:05:21.227Z,6.1711,6.1941,100,100,37.2
2026-04-21 14:05:22.490Z,6.1760,6.1948,100,100,30.4
2026-04-21 14:05:23.645Z,6.1760,6.1964,100,100,33.0
2026-04-21 14:05:24.120Z,6.1767,6.2023,100,100,41.4
2026-04-21 14:05:25.019Z,6.1800,6.2046,100,100,39.7
2026-04-21 14:05:26.424Z,6.1849,6.2047,100,100,32.0
2026-04-21 14:05:27.655Z,6.1875,6.2097,100,100,35.8
2026-04-21 14:05:28.135Z,6.1892,6.2132,100,100,38.7
2026-04-21 14:05:29.123Z,6.1939,6.2109,100,100,27.4
2026-04-21 14:05:30.852Z,6.1923,6.2167,100,100,39.3
2026-04-21 14:05:31.886Z,6.1986,6.2178,100,100,30.9
2026-04-21 14:05:32.276Z,6.1992,6.2220,100,100,36.7
2026-04-21 14:05:33.622Z,6.2017,6.2263,100,100,39.6
2026-04-21 14:05:34.434Z,6.2043,6.2257,100,100,34.4
2026-04-21 14:05:35.298Z,6.2048,6.2296,100,100,39.9
2026-04-21 14:05:36.292Z,6.2092,6.2292,100,100,32.2
2026-04-21 14:05:37.842Z,6.2097,6.2277,100,100,28.9
2026-04-21 14:05:38.262Z,6.2105,6.2267,100,100,26.1
2026-04-21 14:05:39.609Z,6.2087,6.2303,100,100,34.7
2026-04-21 14:05:40.559Z,6.2077,6.2299,100,100,35.7
2026-04-21 14:05:41.114Z,6.2099,6.2287,100,100,30.2
2026-04-21 14:05:42.211Z,6.2040,6.2290,100,100,40.2
2026-04-21 14:05:43.563Z,6.2071,6.2275,100,100,32.8
2026-04-21 14:05:44.897Z,6.2049,6.2267,100,100,35.1
2026-04-21 14:05:45.361Z,6.2073,6.2265,100,100,30.9
2026-04-21 14:05:46.183Z,6.2026,6.2270,100,100,39.3
2026-04-21 14:05:47.599Z,6.2048,6.2238,100,100,30.6
2026-04-21 14:05:48.446Z,6.2040,6.2232,100,100,30.9
2026-04-21 14:05:49.566Z,6.2048,6.2250,100,100,32.5
2026-04-21 14:05:50.441Z,6.2047,6.2231,100,100,29.6
2026-04-21 14:05:51.746Z,6.2022,6.2214,100,100,30.9
2026-04-21 14:05:52.803Z,6.2008,6.2198,100,100,30.6
2026-04-21 14:05:53.283Z,6.2014,6.2194,100,100,29.0
2026-04-21 14:05:54.221Z,6.1980,6.2166,100,100,30.0
2026-04-21 14:05:55.527Z,6.1985,6.2183,100,100,31.9
2026-04-21 14:05:56.745Z,6.1980,6.2164,100,100,29.6
2026-04-21 14:05:57.023Z,6.1968,6.2140,100,100,27.7
2026-04-21 14:05:58.249Z,6.1962,6.2166,100,100,32.9
2026-04-21 14:05:59.579Z,6.1933,6.2167,100,100,37.7
2026-04-21 14:08:00.187Z,6.2010,6.2190,100,100,29.0
2026-04-21 14:08:01.216Z,6.2013,6.2193,100,100,29.0
2026-04-21 14:08:02.664Z,6.2014,6.2210,100,100,31.6
2026-04-21 14:08:03.412Z,6.1995,6.2227,100,100,37.4
2026-04-21 14:08:04.664Z,6.2005,6.2211,100,100,33.2
2026-04-21 14:08:05.444Z,6.1997,6.2207,100,100,33.8
2026-04-21 14:08:06.180Z,6.2023,6.2203,100,100,29.0
2026-04-21 14:08:07.125Z,6.2001,6.2213,100,100,34.1
2026-04-21 14:08:08.343Z,6.2014,6.2206,100,100,30.9
2026-04-21 14:08:09.380Z,6.1996,6.2218,100,100,35.7
2026-04-21 14:08:10.079Z,6.1998,6.2232,100,100,37.7
2026-04-21 14:08:11.614Z,6.1990,6.2200,100,100,33.8
2026-04-21 14:08:12.640Z,6.2025,6.2195,100,100,27.4
2026-04-21 14:08:13.517Z,6.2005,6.2205,100,100,32.2
2026-04-21 14:08:14.608Z,6.2019,6.2195,100,100,28.3
2026-04-21 14:08:15.448Z,6.2013,6.2183,100,100,27.4
2026-04-21 14:08:16.315Z,6.1997,6.2179,100,100,29.3
2026-04-21 14:08:17.313Z,6.1985,6.2185,100,100,32.2
2026-04-21 14:08:18.583Z,6.1971,6.2213,100,100,39.0
2026-04-21 14:08:19.571Z,6.2007,6.2181,100,100,28.0
2026-04-21 14:08:20.584Z,6.1980,6.2212,100,100,37.4
2026-04-21 14:08:21.079Z,6.2011,6.2231,100,100,35.4
2026-04-21 14:08:22.722Z,6.2010,6.2236,100,100,36.4
2026-04-21 14:08:23.216Z,6.2015,6.2213,100,100,31.9
2026-04-21 14:08:24.813Z,6.2012,6.2212,100,100,32.2
2026-04-21 14:08:25.505Z,6.2000,6.2232,100,100,37.3
2026-04-21 14:08:26.483Z,6.2026,6.2238,100,100,34.1
2026-04-21 14:08:27.314Z,6.2038,6.2240,100,100,32.5
2026-04-21 14:08:28.073Z,6.2030,6.2274,100,100,39.3
2026-04-21 14:08:29.751Z,6.2031,6.2259,100,100,36.7
2026-04-21 14:08:30.407Z,6.2063,6.2253,100,100,30.6
2026-04-21 14:08:31.091Z,6.2051,6.2295,100,100,39.2
2026-04-21 14:08:32.028Z,6.2081,6.2283,100,100,32.5
2026-04-21 14:08:33.373Z,6.2078,6.2300,100,100,35.7
2026-04-21 14:08:34.253Z,6.2082,6.2272,100,100,30.6
2026-04-21 14:08:35.813Z,6.2100,6.2296,100,100,31.5
2026-04-21 14:08:36.783Z,6.2119,6.2303,100,100,29.6
2026-04-21 14:08:37.126Z,6.2092,6.2300,100,100,33.4
2026-04-21 14:08:38.225Z,6.2107,6.2281,100,100,28.0
2026-04-21 14:08:39.073Z,6.2108,6.2278,100,100,27.3
2026-04-21 14:08:40.069Z,6.2092,6.2330,100,100,38.3
2026-04-21 14:08:41.008Z,6.2120,6.2296,100,100,28.3
2026-04-21 14:08:42.474Z,6.2116,6.2286,100,100,27.3
2026-04-21 14:08:43.341Z,6.2083,6.2307,100,100,36.0
2026-04-21 14:08:44.614Z,6.2054,6.2302,100,100,39.9
2026-04-21 14:08:45.154Z,6.2069,6.2313,100,100,39.2
2026-04-21 14:08:46.493Z,6.2101,6.2285,100,100,29.6
2026-04-21 14:08:47.311Z,6.2055,6.2299,100,100,39.2
2026-04-21 14:08:48.084Z,6.2074,6.2270,100,100,31.5
2026-04-21 14:08:49.043Z,6.2076,6.2292,100,100,34.7
2026-04-21 14:08:50.342Z,6.2081,6.2287,100,100,33.1
2026-04-21 14:08:51.071Z,6.2100,6.2264,100,100,26.4
2026-04-21 14:08:52.353Z,6.2058,6.2298,100,100,38.6
2026-04-21 14:08:53.305Z,6.2105,6.2301,100,100,31.5
2026-04-21 14:08:54.120Z,6.2100,6.2314,100,100,34.4
2026-04-21 14:08:55.110Z,6.2089,6.2285,100,100,31.5
2026-04-21 14:08:56.372Z,6.2123,6.2297,100,100,28.0
2026-04-21 14:08:57.132Z,6.2111,6.2313,100,100,32.5
2026-04-21 14:08:58.780Z,6.2080,6.2294,100,100,34.4
2026-04-21 14:08:59.592Z,6.2102,6.2298,100,100,31.5
2026-04-21 14:09:00.690Z,6.2119,6.2281,100,100,26.0
2026-04-21 14:09:01.313Z,6.2084,6.2304,100,100,35.4
2026-04-21 14:09:02.217Z,6.2112,6.2280,100,100,27.0
2026-04-21 14:09:03.714Z,6.2101,6.2297,100,100,31.5
2026-04-21 14:09:04.426Z,6.2126,6.2300,100,100,28.0
2026-04-21 14:09:05.267Z,6.2071,6.2307,100,100,37.9
2026-04-21 14:09:06.857Z,6.2111,6.2311,100,100,32.1
2026-04-21 14:09:07.523Z,6.2087,6.2323,100,100,37.9
2026-04-21 14:09:08.360Z,6.2109,6.2275,100,100,26.7
2026-04-21 14:09:09.332Z,6.2103,6.2267,100,100,26.4
2026-04-21 14:09:10.604Z,6.2113,6.2281,100,100,27.0
2026-04-21 14:09:11.215Z,6.2092,6.2282,100,100,30.6
2026-04-21 14:09:12.888Z,6.2116,6.2288,100,100,27.7
2026-04-21 14:09:13.356Z,6.2096,6.2316,100,100,35.4
2026-04-21 14:09:14.806Z,6.2085,6.2323,100,100,38.3
2026-04-21 14:09:15.369Z,6.2121,6.2299,100,100,28.6
2026-04-21 14:09:16.385Z,6.2109,6.2319,100,100,33.8
2026-04-21 14:09:17.125Z,6.2075,6.2313,100,100,38.3
2026-04-21 14:09:18.012Z,6.2110,6.2312,100,100,32.5
2026-04-21 14:09:19.655Z,6.2059,6.2313,100,100,40.8
2026-04-21 14:09:20.070Z,6.2079,6.2301,100,100,35.7
2026-04-21 14:09:21.005Z,6.2101,6.2317,100,100,34.7
2026-04-21 14:09:22.384Z,6.2067,6.2305,100,100,38.3
2026-04-21 14:09:23.567Z,6.2112,6.2284,100,100,27.7
2026-04-21 14:09:24.842Z,6.2072,6.2310,100,100,38.3
2026-04-21 14:09:25.747Z,6.2111,6.2273,100,100,26.0
2026-04-21 14:09:26.678Z,6.2103,6.2315,100,100,34.1
2026-04-21 14:09:27.732Z,6.2096,6.2294,100,100,31.8
2026-04-21 14:09:28.880Z,6.2086,6.2318,100,100,37.3
2026-04-21 14:09:29.786Z,6.2083,6.2303,100,100,35.4
2026-04-21 14:09:30.400Z,6.2111,6.2313,100,100,32.5
2026-04-21 14:09:31.603Z,6.2128,6.2298,100,100,27.3
2026-04-21 14:09:32.494Z,6.2117,6.2295,100,100,28.6
2026-04-21 14:09:33.145Z,6.2113,6.2297,100,100,29.6
2026-04-21 14:09:34.399Z,6.2114,6.2302,100,100,30.2
2026-04-21 14:09:35.449Z,6.2104,6.2286,100,100,29.3
2026-04-21 14:09:36.588Z,6.2080,6.2314,100,100,37.6
2026-04-21 14:09:37.788Z,6.2082,6.2322,100,100,38.6
2026-04-21 14:09:38.090Z,6.2085,6.2305,100,100,35.4
2026-04-21 14:09:39.735Z,6.2090,6.2304,100,100,34.4
2026-04-21 14:09:40.374Z,6.2113,6.2291,100,100,28.6
2026-04-21 14:09:41.137Z,6.2091,6.2279,100,100,30.2
2026-04-21 14:09:42.809Z,6.2094,6.2330,100,100,37.9
2026-04-21 14:09:43.720Z,6.2105,6.2295,100,100,30.5
2026-04-21 14:09:44.427Z,6.2104,6.2286,100,100,29.3
2026-04-21 14:09:45.135Z,6.2091,6.2291,100,100,32.2
2026-04-21 14:09:46.227Z,6.2110,6.2298,100,100,30.2
2026-04-21 14:09:47.656Z,6.2106,6.2320,100,100,34.4
2026-04-21 14:09:48.022Z,6.2118,6.2312,100,100,31.2
2026-04-21 14:09:49.599Z,6.2124,6.2296,100,100,27.6
2026-04-21 14:09:50.433Z,6.2108,6.2312,100,100,32.8
2026-04-21 14:09:51.154Z,6.2080,6.2314,100,100,37.6
2026-04-21 14:09:52.524Z,6.2095,6.2281,100,100,29.9
2026-04-21 14:09:53.440Z,6.2094,6.2288,100,100,31.2
2026-04-21 14:09:54.894Z,6.2097,6.2301,100,100,32.8
2026-04-21 14:09:55.866Z,6.2101,6.2281,100,100,28.9
2026-04-21 14:09:56.160Z,6.2120,6.2294,100,100,28.0
2026-04-21 14:09:57.495Z,6.2083,6.2297,100,100,34.4
2026-04-21 14:09:58.659Z,6.2096,6.2324,100,100,36.7
2026-04-21 14:09:59.294Z,6.2110,6.2290,100,100,28.9
2026-04-21 14:10:00.081Z,6.1870,6.2066,100,100,31.6
2026-04-21 14:10:01.452Z,6.1877,6.2043,100,100,26.8
2026-04-21 14:10:02.859Z,6.1882,6.2074,100,100,31.0
2026-04-21 14:10:03.134Z,6.1866,6.2040,100,100,28.1
2026-04-21 14:10:04.454Z,6.1876,6.2046,100,100,27.4
2026-04-21 14:10:05.019Z,6.1885,6.2077,100,100,31.0
2026-04-21 14:10:06.811Z,6.1850,6.2082,100,100,37.4
2026-04-21 14:10:07.646Z,6.1846,6.2062,100,100,34.9
2026-04-21 14:10:08.646Z,6.1886,6.2078,100,100,31.0
2026-04-21 14:10:09.622Z,6.1897,6.2063,100,100,26.8
2026-04-21 14:10:10.036Z,6.1863,6.2047,100,100,29.7
2026-04-21 14:10:11.343Z,6.1878,6.2072,100,100,31.3
2026-04-21 14:10:12.596Z,6.1867,6.2055,100,100,30.3
2026-04-21 14:10:13.143Z,6.1883,6.2059,100,100,28.4
2026-04-21 14:10:14.091Z,6.1870,6.2072,100,100,32.6
2026-04-21 14:10:15.323Z,6.1864,6.2078,100,100,34.5
2026-04-21 14:10:16.799Z,6.1836,6.2076,100,100,38.7
2026-04-21 14:10:17.301Z,6.1862,6.2074,100,100,34.2
2026-04-21 14:10:18.548Z,6.1894,6.2060,100,100,26.8
2026-04-21 14:10:19.501Z,6.1854,6.2066,100,100,34.2
2026-04-21 14:10:20.053Z,6.1847,6.2079,100,100,37.4
2026-04-21 14:10:21.780Z,6.1885,6.2067,100,100,29.4
2026-04-21 14:10:22.195Z,6.1857,6.2089,100,100,37.4
2026-04-21 14:10:23.048Z,6.1844,6.2072,100,100,36.8
2026-04-21 14:10:24.157Z,6.1881,6.2069,100,100,30.3
2026-04-21 14:10:25.274Z,6.1884,6.2072,100,100,30.3
2026-04-21 14:10:26.479Z,6.1848,6.2060,100,100,34.2
2026-04-21 14:10:27.308Z,6.1848,6.2090,100,100,39.1
2026-04-21 14:10:28.017Z,6.1869,6.2053,100,100,29.7
2026-04-21 14:10:29.618Z,6.1835,6.2077,100,100,39.1
2026-04-21 14:10:30.307Z,6.1851,6.2075,100,100,36.2
2026-04-21 14:10:31.578Z,6.1870,6.2042,100,100,27.8
2026-04-21 14:10:32.778Z,6.1869,6.2037,100,100,27.1
2026-04-21 14:10:33.860Z,6.1854,6.2102,100,100,40.0
2026-04-21 14:10:34.563Z,6.1847,6.2073,100,100,36.5
2026-04-21 14:10:35.827Z,6.1852,6.2070,100,100,35.2
2026-04-21 14:10:36.381Z,6.1880,6.2050,100,100,27.4
2026-04-21 14:10:37.312Z,6.1863,6.2073,100,100,33.9
2026-04-21 14:10:38.054Z,6.1876,6.2080,100,100,32.9
2026-04-21 14:10:39.233Z,6.1854,6.2070,100,100,34.9
2026-04-21 14:10:40.077Z,6.1864,6.2042,100,100,28.7
2026-04-21 14:10:41.257Z,6.1868,6.2040,100,100,27.8
2026-04-21 14:10:42.875Z,6.1846,6.2064,100,100,35.2
2026-04-21 14:10:43.468Z,6.1871,6.2091,100,100,35.5
2026-04-21 14:10:44.307Z,6.1852,6.2084,100,100,37.4
2026-04-21 14:10:45.104Z,6.1843,6.2077,100,100,37.8
2026-04-21 14:10:46.505Z,6.1876,6.2056,100,100,29.0
2026-04-21 14:10:47.135Z,6.1838,6.2078,100,100,38.7
2026-04-21 14:10:48.365Z,6.1888,6.2072,100,100,29.7
2026-04-21 14:10:49.605Z,6.1836,6.2072,100,100,38.1
2026-04-21 14:10:50.406Z,6.1858,6.2076,100,100,35.2
2026-04-21 14:10:51.259Z,6.1839,6.2083,100,100,39.4
2026-04-21 14:10:52.788Z,6.1870,6.2094,100,100,36.1
2026-04-21 14:10:53.855Z,6.1826,6.2080,100,100,41.0
2026-04-21 14:10:54.048Z,6.1857,6.2085,100,100,36.8
2026-04-21 14:10:55.302Z,6.1875,6.2055,100,100,29.0
2026-04-21 14:10:56.138Z,6.1868,6.2052,100,100,29.7
2026-04-21 14:10:57.266Z,6.1898,6.2066,100,100,27.1
2026-04-21 14:10:58.067Z,6.1864,6.2094,100,100,37.1
2026-04-21 14:10:59.799Z,6.1858,6.2078,100,100,35.5
2026-04-21 14:12:00.401Z,6.2098,6.2302,100,100,32.8
2026-04-21 14:12:01.151Z,6.2098,6.2296,100,100,31.8
2026-04-21 14:12:02.676Z,6.2107,6.2273,100,100,26.7
2026-04-21 14:12:03.334Z,6.2097,6.2315,100,100,35.0
2026-04-21 14:12:04.116Z,6.2100,6.2308,100,100,33.4
2026-04-21 14:12:05.418Z,6.2080,6.2308,100,100,36.7
2026-04-21 14:12:06.377Z,6.2126,6.2298,100,100,27.6
2026-04-21 14:12:07.546Z,6.2100,6.2298,100,100,31.8
2026-04-21 14:12:08.245Z,6.2088,6.2288,100,100,32.2
2026-04-21 14:12:09.014Z,6.2096,6.2308,100,100,34.1
2026-04-21 14:12:10.613Z,6.2120,6.2282,100,100,26.0
2026-04-21 14:12:11.414Z,6.2117,6.2295,165,124,28.6
2026-04-21 14:12:12.024Z,6.2105,6.2283,100,186,28.6
2026-04-21 14:12:13.161Z,6.2101,6.2319,142,100,35.0
2026-04-21 14:12:14.163Z,6.2100,6.2306,100,100,33.1
2026-04-21 14:12:15.711Z,6.2090,6.2308,100,100,35.0
2026-04-21 14:12:16.529Z,6.2118,6.2280,100,100,26.0
2026-04-21 14:12:17.259Z,6.2100,6.2310,118,100,33.8
2026-04-21 14:12:18.249Z,6.2123,6.2285,100,100,26.0
2026-04-21 14:12:19.378Z,6.2102,6.2336,100,100,37.6
2026-04-21 14:12:20.606Z,6.2123,6.2303,100,100,28.9
2026-04-21 14:12:21.794Z,6.2110,6.2334,100,100,36.0
2026-04-21 14:12:22.577Z,6.2154,6.2338,100,100,29.6
2026-04-21 14:12:23.248Z,6.2143,6.2333,100,100,30.5
2026-04-21 14:12:24.863Z,6.2158,6.2380,100,100,35.7
2026-04-21 14:12:25.246Z,6.2183,6.2395,100,100,34.0
2026-04-21 14:12:26.044Z,6.2225,6.2403,100,100,28.6
2026-04-21 14:12:27.709Z,6.2225,6.2421,100,100,31.4
2026-04-21 14:12:28.081Z,6.2239,6.2467,100,100,36.6
2026-04-21 14:12:29.154Z,6.2250,6.2484,100,100,37.5
2026-04-21 14:12:30.589Z,6.2278,6.2480,100,100,32.4
2026-04-21 14:12:31.223Z,6.2315,6.2503,100,100,30.1
2026-04-21 14:12:32.580Z,6.2335,6.2523,100,100,30.1
2026-04-21 14:12:33.009Z,6.2340,6.2586,100,100,39.4
2026-04-21 14:12:34.859Z,6.2334,6.2578,100,100,39.1
2026-04-21 14:12:35.614Z,6.2363,6.2585,100,100,35.5
2026-04-21 14:12:36.667Z,6.2368,6.2592,100,100,35.9
2026-04-21 14:12:37.163Z,6.2389,6.2623,100,100,37.4
2026-04-21 14:12:38.031Z,6.2432,6.2596,132,100,26.2
2026-04-21 14:12:39.124Z,6.2392,6.2598,100,157,33.0
2026-04-21 14:12:40.815Z,6.2395,6.2581,100,138,29.8
2026-04-21 14:12:41.809Z,6.2372,6.2580,100,100,33.3
2026-04-21 14:12:42.473Z,6.2390,6.2566,100,100,28.2
2026-04-21 14:12:43.452Z,6.2379,6.2583,100,100,32.6
2026-04-21 14:12:44.561Z,6.2378,6.2576,100,100,31.7
2026-04-21 14:12:45.064Z,6.2364,6.2538,100,155,27.9
2026-04-21 14:12:46.593Z,6.2369,6.2581,100,100,33.9
2026-04-21 14:12:47.044Z,6.2376,6.2580,100,100,32.7
2026-04-21 14:12:48.228Z,6.2371,6.2549,100,100,28.5
2026-04-21 14:12:49.547Z,6.2347,6.2567,100,100,35.2
2026-04-21 14:12:50.007Z,6.2358,6.2566,100,100,33.3
2026-04-21 14:12:51.222Z,6.2367,6.2565,100,100,31.7
2026-04-21 14:12:52.397Z,6.2404,6.2582,100,100,28.5
2026-04-21 14:12:53.130Z,6.2393,6.2577,100,100,29.4
2026-04-21 14:12:54.584Z,6.2373,6.2615,100,100,38.7
2026-04-21 14:12:55.603Z,6.2387,6.2599,100,100,33.9
2026-04-21 14:12:56.019Z,6.2413,6.2593,100,100,28.8
2026-04-21 14:12:57.221Z,6.2414,6.2586,100,106,27.5
2026-04-21 14:12:58.839Z,6.2381,6.2619,100,100,38.1
2026-04-21 14:12:59.246Z,6.2386,6.2614,100,100,36.5
2026-04-21 14:13:00.562Z,6.1880,6.2120,100,100,38.7
2026-04-21 14:13:01.610Z,6.1893,6.2103,100,100,33.9
2026-04-21 14:13:02.516Z,6.1881,6.2113,100,100,37.4
2026-04-21 14:13:03.598Z,6.1899,6.2099,100,100,32.3
2026-04-21 14:13:04.615Z,6.1887,6.2099,100,100,34.2
2026-04-21 14:13:05.242Z,6.1895,6.2077,100,100,29.4
2026-04-21 14:13:06.126Z,6.1905,6.2115,100,100,33.9
2026-04-21 14:13:07.595Z,6.1922,6.2088,100,100,26.8
2026-04-21 14:13:08.614Z,6.1892,6.2108,100,100,34.8
2026-04-21 14:13:09.689Z,6.1869,6.2111,100,116,39.0
2026-04-21 14:13:10.294Z,6.1907,6.2093,100,100,30.0
2026-04-21 14:13:11.648Z,6.1867,6.2107,100,177,38.7
2026-04-21 14:13:12.778Z,6.1887,6.2109,122,112,35.8
2026-04-21 14:13:13.230Z,6.1898,6.2106,138,100,33.5
2026-04-21 14:13:14.507Z,6.1911,6.2093,100,100,29.4
2026-04-21 14:13:15.194Z,6.1914,6.2098,100,100,29.7
2026-04-21 14:13:16.428Z,6.1911,6.2099,100,118,30.3
2026-04-21 14:13:17.128Z,6.1889,6.2095,100,100,33.2
2026-04-21 14:13:18.132Z,6.1866,6.2106,100,100,38.7
2026-04-21 14:13:19.350Z,6.1900,6.2104,100,100,32.9
2026-04-21 14:13:20.090Z,6.1885,6.2067,100,100,29.4
2026-04-21 14:13:21.676Z,6.1834,6.2076,100,100,39.1
2026-04-21 14:13:22.552Z,6.1841,6.2047,100,100,33.3
2026-04-21 14:13:23.281Z,6.1799,6.2023,100,100,36.2
2026-04-21 14:13:24.776Z,6.1749,6.1969,100,100,35.6
2026-04-21 14:13:25.012Z,6.1713,6.1963,100,100,40.4
2026-04-21 14:13:26.707Z,6.1669,6.1917,100,100,40.1
2026-04-21 14:13:27.164Z,6.1647,6.1847,100,100,32.4
2026-04-21 14:13:28.566Z,6.1569,6.1833,100,100,42.8
2026-04-21 14:13:29.699Z,6.1560,6.1768,100,100,33.7
2026-04-21 14:13:30.369Z,6.1520,6.1738,100,100,35.4
2026-04-21 14:13:31.232Z,6.1454,6.1688,100,100,38.0
2026-04-21 14:13:32.349Z,6.1409,6.1663,100,100,41.3
2026-04-21 14:13:33.355Z,6.1380,6.1634,100,100,41.3
2026-04-21 14:13:34.577Z,6.1381,6.1563,100,100,29.6
2026-04-21 14:13:35.229Z,6.1301,6.1555,100,100,41.3
2026-04-21 14:13:36.611Z,6.1294,6.1520,100,100,36.8
2026-04-21 14:13:37.161Z,6.1292,6.1536,100,100,39.7
2026-04-21 14:13:38.486Z,6.1300,6.1520,100,100,35.8
2026-04-21 14:13:39.723Z,6.1299,6.1481,100,100,29.6
2026-04-21 14:13:40.341Z,6.1314,6.1520,149,100,33.5
2026-04-21 14:13:41.305Z,6.1329,6.1503,100,100,28.3
2026-04-21 14:13:42.192Z,6.1311,6.1521,100,100,34.2
2026-04-21 14:13:43.641Z,6.1347,6.1513,100,100,27.0
2026-04-21 14:13:44.637Z,6.1338,6.1540,100,100,32.9
2026-04-21 14:13:45.593Z,6.1336,6.1556,100,100,35.8
2026-04-21 14:13:46.178Z,6.1316,6.1554,100,145,38.7
2026-04-21 14:13:47.601Z,6.1345,6.1567,100,100,36.1
2026-04-21 14:13:48.273Z,6.1359,6.1525,100,100,27.0
2026-04-21 14:13:49.287Z,6.1316,6.1552,100,100,38.4
2026-04-21 14:13:50.366Z,6.1350,6.1514,100,100,26.7
2026-04-21 14:13:51.023Z,6.1355,6.1523,106,100,27.3
2026-04-21 14:13:52.662Z,6.1322,6.1512,100,100,30.9
2026-04-21 14:13:53.633Z,6.1304,6.1514,100,100,34.2
2026-04-21 14:13:54.581Z,6.1291,6.1529,100,100,38.8
2026-04-21 14:13:55.843Z,6.1283,6.1513,100,100,37.5
2026-04-21 14:13:56.264Z,6.1316,6.1486,100,100,27.7
2026-04-21 14:13:57.654Z,6.1292,6.1496,100,100,33.2
2026-04-21 14:13:58.298Z,6.1310,6.1514,100,100,33.2
2026-04-21 14:13:59.162Z,6.1317,6.1483,100,100,27.0
2026-04-21 14:14:00.407Z,6.1405,6.1595,100,100,30.9
2026-04-21 14:14:01.035Z,6.1409,6.1621,100,100,34.5
2026-04-21 14:14:02.055Z,6.1387,6.1593,100,100,33.5
2026-04-21 14:14:03.769Z,6.1405,6.1595,100,100,30.9
2026-04-21 14:14:04.881Z,6.1399,6.1623,100,100,36.4
2026-04-21 14:14:05.795Z,6.1373,6.1613,100,100,39.0
2026-04-21 14:14:06.728Z,6.1385,6.1617,100,100,37.7
2026-04-21 14:14:07.598Z,6.1404,6.1588,100,100,29.9
2026-04-21 14:14:08.768Z,6.1368,6.1604,100,100,38.4
2026-04-21 14:14:09.122Z,6.1385,6.1607,100,100,36.1
2026-04-21 14:14:10.852Z,6.1377,6.1599,100,100,36.1
2026-04-21 14:14:11.680Z,6.1406,6.1618,100,100,34.5
2026-04-21 14:14:12.442Z,6.1425,6.1599,100,100,28.3
2026-04-21 14:14:13.306Z,6.1409,6.1597,100,100,30.6
2026-04-21 14:14:14.088Z,6.1410,6.1620,100,100,34.1
2026-04-21 14:14:15.282Z,6.1411,6.1611,100,100,32.5
2026-04-21 14:14:16.660Z,6.1380,6.1620,100,100,39.0
2026-04-21 14:14:17.381Z,6.1381,6.1609,100,100,37.1
2026-04-21 14:14:18.296Z,6.1401,6.1609,100,100,33.8
2026-04-21 14:14:19.094Z,6.1408,6.1614,100,100,33.5
2026-04-21 14:14:20.528Z,6.1385,6.1613,100,100,37.1
2026-04-21 14:14:21.370Z,6.1405,6.1607,100,100,32.8
2026-04-21 14:14:22.864Z,6.1397,6.1581,100,100,29.9
2026-04-21 14:14:23.615Z,6.1419,6.1601,100,100,29.6
2026-04-21 14:14:24.674Z,6.1419,6.1599,100,100,29.3
2026-04-21 14:14:25.561Z,6.1377,6.1595,100,100,35.5
2026-04-21 14:14:26.012Z,6.1391,6.1595,100,100,33.2
2026-04-21 14:14:27.456Z,6.1373,6.1601,100,100,37.1
2026-04-21 14:14:28.763Z,6.1410,6.1584,100,100,28.3
2026-04-21 14:14:29.863Z,6.1386,6.1584,100,100,32.2
2026-04-21 14:14:30.827Z,6.1383,6.1615,100,100,37.7
2026-04-21 14:14:31.427Z,6.1419,6.1607,100,100,30.6
2026-04-21 14:14:32.477Z,6.1395,6.1577,100,100,29.6
2026-04-21 14:14:33.710Z,6.1394,6.1630,100,100,38.4
2026-04-21 14:14:34.056Z,6.1416,6.1606,100,100,30.9
2026-04-21 14:14:35.840Z,6.1432,6.1596,100,100,26.7
2026-04-21 14:14:36.747Z,6.1413,6.1605,100,100,31.2
2026-04-21 14:14:37.037Z,6.1412,6.1586,100,100,28.3
2026-04-21 14:14:38.195Z,6.1387,6.1591,100,100,33.2
2026-04-21 14:14:39.317Z,6.1407,6.1599,100,100,31.2
2026-04-21 14:14:40.448Z,6.1400,6.1570,100,100,27.6
2026-04-21 14:14:41.660Z,6.1411,6.1609,100,100,32.2
2026-04-21 14:14:42.658Z,6.1406,6.1606,100,100,32.5
2026-04-21 14:14:43.643Z,6.1405,6.1597,100,100,31.2
2026-04-21 14:14:44.018Z,6.1399,6.1607,100,100,33.8
2026-04-21 14:14:45.752Z,6.1383,6.1613,100,100,37.4
2026-04-21 14:14:46.321Z,6.1394,6.1576,100,100,29.6
2026-04-21 14:14:47.563Z,6.1404,6.1566,100,100,26.3
2026-04-21 14:14:48.689Z,6.1421,6.1607,100,100,30.2
2026-04-21 14:14:49.002Z,6.1409,6.1613,100,100,33.2
2026-04-21 14:14:50.780Z,6.1403,6.1577,100,100,28.3
2026-04-21 14:14:51.150Z,6.1400,6.1588,100,100,30.6
2026-04-21 14:14:52.682Z,6.1406,6.1602,100,100,31.9
2026-04-21 14:14:53.894Z,6.1386,6.1612,100,100,36.7
2026-04-21 14:14:54.776Z,6.1394,6.1616,100,100,36.1
2026-04-21 14:14:55.247Z,6.1401,6.1625,100,100,36.4
2026-04-21 14:14:56.290Z,6.1417,6.1603,100,100,30.2
2026-04-21 14:14:57.014Z,6.1408,6.1614,100,100,33.5
2026-04-21 14:14:58.832Z,6.1426,6.1602,100,100,28.6
2026-04-21 14:14:59.213Z,6.1405,6.1595,100,100,30.9
2026-04-21 14:16:00.852Z,6.1503,6.1697,100,100,31.5
2026-04-21 14:16:01.157Z,6.1493,6.1735,100,100,39.3
2026-04-21 14:16:02.339Z,6.1461,6.1713,100,100,40.9
2026-04-21 14:16:03.537Z,6.1505,6.1693,100,100,30.5
2026-04-21 14:16:04.494Z,6.1480,6.1714,100,100,38.0
2026-04-21 14:16:05.456Z,6.1493,6.1721,100,100,37.0
2026-04-21 14:16:06.801Z,6.1491,6.1715,100,100,36.4
2026-04-21 14:16:07.220Z,6.1500,6.1678,100,100,28.9
2026-04-21 14:16:08.106Z,6.1520,6.1694,100,100,28.2
2026-04-21 14:16:09.547Z,6.1508,6.1686,100,100,28.9
2026-04-21 14:16:10.261Z,6.1492,6.1716,100,100,36.4
2026-04-21 14:16:11.629Z,6.1518,6.1700,100,100,29.5
2026-04-21 14:16:12.262Z,6.1511,6.1705,100,100,31.5
2026-04-21 14:16:13.308Z,6.1479,6.1697,100,100,35.4
2026-04-21 14:16:14.394Z,6.1510,6.1680,100,100,27.6
2026-04-21 14:16:15.141Z,6.1525,6.1697,100,100,27.9
2026-04-21 14:16:16.852Z,6.1504,6.1678,100,100,28.3
2026-04-21 14:16:17.866Z,6.1468,6.1702,100,100,38.0
2026-04-21 14:16:18.144Z,6.1521,6.1695,100,100,28.2
2026-04-21 14:16:19.019Z,6.1471,6.1701,100,100,37.3
2026-04-21 14:16:20.004Z,6.1506,6.1672,100,100,27.0
2026-04-21 14:16:21.234Z,6.1503,6.1685,100,100,29.5
2026-04-21 14:16:22.433Z,6.1496,6.1706,100,100,34.1
2026-04-21 14:16:23.300Z,6.1509,6.1701,100,100,31.2
2026-04-21 14:16:24.476Z,6.1504,6.1714,100,100,34.1
2026-04-21 14:16:25.653Z,6.1515,6.1699,100,100,29.9
2026-04-21 14:16:26.400Z,6.1491,6.1699,100,100,33.8
2026-04-21 14:16:27.205Z,6.1497,6.1711,100,100,34.7
2026-04-21 14:16:28.198Z,6.1503,6.1707,100,100,33.1
2026-04-21 14:16:29.890Z,6.1527,6.1697,100,100,27.6
2026-04-21 14:16:30.104Z,6.1468,6.1708,100,100,39.0
2026-04-21 14:16:31.750Z,6.1477,6.1715,100,100,38.6
2026-04-21 14:16:32.876Z,6.1520,6.1688,100,100,27.3
2026-04-21 14:16:33.541Z,6.1460,6.1710,100,100,40.6
2026-04-21 14:16:34.200Z,6.1485,6.1709,100,100,36.4
2026-04-21 14:16:35.595Z,6.1510,6.1702,100,100,31.2
2026-04-21 14:16:36.031Z,6.1473,6.1709,100,100,38.3
2026-04-21 14:16:37.059Z,6.1483,6.1715,100,100,37.7
2026-04-21 14:16:38.884Z,6.1517,6.1695,100,100,28.9
2026-04-21 14:16:39.808Z,6.1529,6.1693,100,100,26.6
2026-04-21 14:16:40.009Z,6.1491,6.1687,100,100,31.8
2026-04-21 14:16:41.750Z,6.1493,6.1677,100,100,29.9
2026-04-21 14:16:42.595Z,6.1494,6.1730,100,100,38.3
2026-04-21 14:16:43.745Z,6.1491,6.1717,100,100,36.7
2026-04-21 14:16:44.811Z,6.1517,6.1687,100,100,27.6
2026-04-21 14:16:45.435Z,6.1519,6.1711,100,100,31.2
2026-04-21 14:16:46.194Z,6.1483,6.1711,100,100,37.0
2026-04-21 14:16:47.855Z,6.1510,6.1716,100,100,33.4
2026-04-21 14:16:48.892Z,6.1502,6.1688,100,100,30.2
2026-04-21 14:16:49.309Z,6.1505,6.1679,100,100,28.3
2026-04-21 14:16:50.026Z,6.1507,6.1709,100,100,32.8
2026-04-21 14:16:51.477Z,6.1520,6.1704,100,100,29.9
2026-04-21 14:16:52.869Z,6.1472,6.1700,100,100,37.0
2026-04-21 14:16:53.657Z,6.1521,6.1691,100,100,27.6
2026-04-21 14:16:54.482Z,6.1470,6.1700,100,100,37.3
2026-04-21 14:16:55.855Z,6.1494,6.1712,100,100,35.4
2026-04-21 14:16:56.796Z,6.1506,6.1718,100,100,34.4
2026-04-21 14:16:57.457Z,6.1514,6.1710,100,100,31.8
2026-04-21 14:16:58.132Z,6.1485,6.1695,100,100,34.1
2026-04-21 14:16:59.623Z,6.1493,6.1707,100,100,34.7
2026-04-21 14:17:00.753Z,6.1507,6.1695,100,100,30.5
2026-04-21 14:17:01.631Z,6.1497,6.1691,100,100,31.5
2026-04-21 14:17:02.359Z,6.1486,6.1698,100,100,34.4
2026-04-21 14:17:03.268Z,6.1482,6.1702,100,100,35.7
2026-04-21 14:17:04.345Z,6.1515,6.1679,100,100,26.6
2026-04-21 14:17:05.043Z,6.1499,6.1717,100,100,35.4
2026-04-21 14:17:06.676Z,6.1470,6.1712,100,100,39.3
2026-04-21 14:17:07.893Z,6.1508,6.1694,100,100,30.2
2026-04-21 14:17:08.403Z,6.1484,6.1726,100,100,39.3
2026-04-21 14:17:09.514Z,6.1523,6.1707,100,100,29.9
2026-04-21 14:17:10.400Z,6.1499,6.1733,100,100,38.0
2026-04-21 14:17:11.649Z,6.1492,6.1712,100,102,35.7
2026-04-21 14:17:12.539Z,6.1498,6.1676,100,100,28.9
2026-04-21 14:17:13.131Z,6.1500,6.1686,100,100,30.2
2026-04-21 14:17:14.133Z,6.1501,6.1707,100,100,33.4
2026-04-21 14:17:15.516Z,6.1499,6.1691,100,100,31.2
2026-04-21 14:17:16.045Z,6.1507,6.1693,100,100,30.2
2026-04-21 14:17:17.727Z,6.1500,6.1692,100,100,31.2
2026-04-21 14:17:18.800Z,6.1494,6.1700,100,100,33.4
2026-04-21 14:17:19.654Z,6.1477,6.1705,100,100,37.0
2026-04-21 14:17:20.805Z,6.1518,6.1692,100,100,28.2
2026-04-21 14:17:21.698Z,6.1531,6.1703,100,100,27.9
2026-04-21 14:17:22.098Z,6.1538,6.1722,100,100,29.9
2026-04-21 14:17:23.368Z,6.1530,6.1744,100,100,34.7
2026-04-21 14:17:24.091Z,6.1548,6.1750,100,100,32.8
2026-04-21 14:17:25.570Z,6.1561,6.1759,100,100,32.1
2026-04-21 14:17:26.899Z,6.1565,6.1775,100,100,34.1
2026-04-21 14:17:27.481Z,6.1569,6.1811,100,100,39.2
2026-04-21 14:17:28.225Z,6.1575,6.1813,100,100,38.6
2026-04-21 14:17:29.874Z,6.1599,6.1831,100,100,37.6
2026-04-21 14:17:30.759Z,6.1620,6.1828,100,100,33.7
2026-04-21 14:17:31.013Z,6.1648,6.1826,100,100,28.8
2026-04-21 14:17:32.261Z,6.1645,6.1851,100,100,33.4
2026-04-21 14:17:33.576Z,6.1641,6.1883,100,100,39.2
2026-04-21 14:17:34.603Z,6.1672,6.1886,100,100,34.6
2026-04-21 14:17:35.365Z,6.1693,6.1905,100,100,34.3
2026-04-21 14:17:36.082Z,6.1679,6.1889,100,100,34.0
2026-04-21 14:17:37.682Z,6.1684,6.1928,100,100,39.5
2026-04-21 14:17:38.770Z,6.1722,6.1892,100,100,27.5
2026-04-21 14:17:39.630Z,6.1711,6.1897,100,100,30.1
2026-04-21 14:17:40.482Z,6.1706,6.1876,100,100,27.5
2026-04-21 14:17:41.156Z,6.1674,6.1900,100,100,36.6
2026-04-21 14:17:42.452Z,6.1688,6.1908,100,100,35.6
2026-04-21 14:17:43.133Z,6.1682,6.1904,100,100,35.9
2026-04-21 14:17:44.648Z,6.1684,6.1892,100,100,33.7
2026-04-21 14:17:45.622Z,6.1717,6.1883,100,100,26.9
2026-04-21 14:17:46.551Z,6.1686,6.1884,100,100,32.0
2026-04-21 14:17:47.641Z,6.1684,6.1896,100,100,34.3
2026-04-21 14:17:48.769Z,6.1660,6.1882,100,100,35.9
2026-04-21 14:17:49.708Z,6.1662,6.1886,100,100,36.3
2026-04-21 14:17:50.764Z,6.1691,6.1855,100,100,26.5
2026-04-21 14:17:51.250Z,6.1670,6.1906,100,100,38.2
2026-04-21 14:17:52.103Z,6.1679,6.1879,100,100,32.4
2026-04-21 14:17:53.850Z,6.1679,6.1923,100,100,39.5
2026-04-21 14:17:54.042Z,6.1670,6.1910,100,100,38.8
2026-04-21 14:17:55.271Z,6.1705,6.1915,100,100,34.0
2026-04-21 14:17:56.819Z,6.1723,6.1889,100,100,26.9
2026-04-21 14:17:57.651Z,6.1706,6.1906,100,100,32.4
2026-04-21 14:17:58.248Z,6.1710,6.1902,100,100,31.1
2026-04-21 14:17:59.674Z,6.1708,6.1892,100,100,29.8
2026-04-21 14:19:00.076Z,6.1716,6.1884,100,100,27.2
2026-04-21 14:19:01.803Z,6.1678,6.1894,100,100,35.0
2026-04-21 14:19:02.874Z,6.1708,6.1902,100,100,31.4
2026-04-21 14:19:03.590Z,6.1699,6.1929,100,100,37.2
2026-04-21 14:19:04.217Z,6.1717,6.1893,100,100,28.5
2026-04-21 14:19:05.546Z,6.1704,6.1926,100,100,35.9
2026-04-21 14:19:06.467Z,6.1701,6.1917,100,100,34.9
2026-04-21 14:19:07.316Z,6.1721,6.1907,100,100,30.1
2026-04-21 14:19:08.391Z,6.1696,6.1928,100,100,37.5
2026-04-21 14:19:09.001Z,6.1701,6.1913,100,100,34.3
2026-04-21 14:19:10.073Z,6.1709,6.1887,100,100,28.8
2026-04-21 14:19:11.041Z,6.1672,6.1898,100,123,36.6
2026-04-21 14:19:12.157Z,6.1694,6.1912,100,100,35.3
2026-04-21 14:19:13.126Z,6.1678,6.1918,100,120,38.8
2026-04-21 14:19:14.570Z,6.1715,6.1905,100,100,30.7
2026-04-21 14:19:15.578Z,6.1717,6.1893,100,100,28.5
2026-04-21 14:19:16.815Z,6.1700,6.1904,100,100,33.0
2026-04-21 14:19:17.821Z,6.1700,6.1912,100,100,34.3
2026-04-21 14:19:18.494Z,6.1686,6.1918,100,121,37.5
2026-04-21 14:19:19.482Z,6.1710,6.1906,100,100,31.7
2026-04-21 14:19:20.463Z,6.1704,6.1946,100,100,39.1
2026-04-21 14:19:21.193Z,6.1732,6.1900,100,100,27.2
2026-04-21 14:19:22.442Z,6.1722,6.1926,100,100,33.0
2026-04-21 14:19:23.286Z,6.1726,6.1970,100,100,39.5
2026-04-21 14:19:24.273Z,6.1759,6.1953,100,100,31.4
2026-04-21 14:19:25.340Z,6.1776,6.1956,100,100,29.1
2026-04-21 14:19:26.569Z,6.1774,6.2008,100,100,37.8
2026-04-21 14:19:27.804Z,6.1791,6.2029,100,100,38.4
2026-04-21 14:19:28.277Z,6.1817,6.2037,100,100,35.5
2026-04-21 14:19:29.539Z,6.1854,6.2048,100,100,31.3
2026-04-21 14:19:30.734Z,6.1887,6.2057,100,100,27.4
2026-04-21 14:19:31.588Z,6.1875,6.2119,100,100,39.4
2026-04-21 14:19:32.120Z,6.1908,6.2142,100,100,37.7
2026-04-21 14:19:33.402Z,6.1948,6.2138,100,100,30.6
2026-04-21 14:19:34.649Z,6.1930,6.2164,100,100,37.7
2026-04-21 14:19:35.113Z,6.1976,6.2158,100,100,29.3
2026-04-21 14:19:36.624Z,6.1993,6.2165,100,100,27.7
2026-04-21 14:19:37.780Z,6.1989,6.2189,100,100,32.2
2026-04-21 14:19:38.008Z,6.1993,6.2175,100,128,29.3
2026-04-21 14:19:39.270Z,6.1993,6.2187,124,100,31.2
2026-04-21 14:19:40.517Z,6.1974,6.2188,100,100,34.5
2026-04-21 14:19:41.018Z,6.1992,6.2164,100,100,27.7
2026-04-21 14:19:42.527Z,6.1961,6.2153,100,100,30.9
2026-04-21 14:19:43.647Z,6.1987,6.2159,100,100,27.7
2026-04-21 14:19:44.411Z,6.1918,6.2166,100,100,40.0
2026-04-21 14:19:45.314Z,6.1936,6.2144,100,100,33.5
2026-04-21 14:19:46.055Z,6.1959,6.2157,100,100,31.9
2026-04-21 14:19:47.853Z,6.1915,6.2157,100,100,39.0
2026-04-21 14:19:48.343Z,6.1954,6.2150,100,100,31.6
2026-04-21 14:19:49.398Z,6.1939,6.2179,100,100,38.7
2026-04-21 14:19:50.173Z,6.1969,6.2173,100,100,32.9
2026-04-21 14:19:51.164Z,6.1978,6.2166,100,100,30.3
2026-04-21 14:19:52.373Z,6.1944,6.2180,100,100,38.0
2026-04-21 14:19:53.809Z,6.1954,6.2166,100,100,34.2
2026-04-21 14:19:54.062Z,6.1963,6.2161,100,100,31.9
2026-04-21 14:19:55.888Z,6.1969,6.2161,100,100,30.9
2026-04-21 14:19:56.186Z,6.1954,6.2182,100,100,36.7
2026-04-21 14:19:57.250Z,6.1967,6.2165,100,100,31.9
2026-04-21 14:19:58.160Z,6.1971,6.2211,100,100,38.7
2026-04-21 14:19:59.790Z,6.1974,6.2186,100,100,34.1
2026-04-21 14:21:00.289Z,6.1999,6.2201,100,100,32.5
2026-04-21 14:21:01.451Z,6.2015,6.2179,100,100,26.4
2026-04-21 14:21:02.130Z,6.2003,6.2225,100,100,35.7
2026-04-21 14:21:03.858Z,6.1976,6.2198,100,100,35.8
2026-04-21 14:21:04.652Z,6.2007,6.2203,100,100,31.6
2026-04-21 14:21:05.760Z,6.1975,6.2197,100,100,35.8
2026-04-21 14:21:06.688Z,6.1986,6.2206,100,100,35.4
2026-04-21 14:21:07.094Z,6.1994,6.2216,100,100,35.7
2026-04-21 14:21:08.354Z,6.1960,6.2210,100,100,40.3
2026-04-21 14:21:09.104Z,6.2010,6.2174,100,100,26.4
2026-04-21 14:21:10.231Z,6.2015,6.2191,100,100,28.3
2026-04-21 14:21:11.139Z,6.2019,6.2203,100,100,29.6
2026-04-21 14:21:12.217Z,6.2008,6.2190,100,100,29.3
2026-04-21 14:21:13.214Z,6.1997,6.2229,100,100,37.4
2026-04-21 14:21:14.745Z,6.2020,6.2198,100,100,28.7
2026-04-21 14:21:15.326Z,6.2009,6.2191,100,100,29.3
2026-04-21 14:21:16.389Z,6.2008,6.2180,100,100,27.7
2026-04-21 14:21:17.322Z,6.1979,6.2199,100,100,35.4
2026-04-21 14:21:18.262Z,6.1996,6.2206,100,100,33.8
2026-04-21 14:21:19.429Z,6.1989,6.2203,100,100,34.5
2026-04-21 14:21:20.868Z,6.1993,6.2195,100,100,32.5
2026-04-21 14:21:21.398Z,6.1991,6.2223,100,100,37.4
2026-04-21 14:21:22.515Z,6.1989,6.2185,100,100,31.6
2026-04-21 14:21:23.726Z,6.1994,6.2222,100,100,36.7
2026-04-21 14:21:24.315Z,6.1981,6.2215,100,100,37.7
2026-04-21 14:21:25.290Z,6.2026,6.2196,100,100,27.4
2026-04-21 14:21:26.163Z,6.1981,6.2189,100,100,33.5
2026-04-21 14:21:27.849Z,6.1977,6.2199,100,100,35.8
2026-04-21 14:21:28.160Z,6.1995,6.2193,100,100,31.9
2026-04-21 14:21:29.803Z,6.2000,6.2182,100,100,29.3
2026-04-21 14:21:30.547Z,6.2016,6.2184,100,100,27.1
2026-04-21 14:21:31.171Z,6.1975,6.2217,100,100,39.0
2026-04-21 14:21:32.830Z,6.2024,6.2192,100,100,27.0
2026-04-21 14:21:33.743Z,6.2017,6.2185,100,100,27.1
2026-04-21 14:21:34.156Z,6.1990,6.2218,100,100,36.7
2026-04-21 14:21:35.581Z,6.1997,6.2191,100,100,31.2
2026-04-21 14:21:36.508Z,6.2029,6.2199,100,100,27.4
2026-04-21 14:21:37.458Z,6.2027,6.2203,100,100,28.3
2026-04-21 14:21:38.016Z,6.2002,6.2184,100,100,29.3
2026-04-21 14:21:39.612Z,6.2014,6.2200,100,100,29.9
2026-04-21 14:21:40.793Z,6.1999,6.2217,100,100,35.1
2026-04-21 14:21:41.165Z,6.1990,6.2226,100,100,38.0
2026-04-21 14:21:42.607Z,6.1990,6.2190,100,100,32.2
2026-04-21 14:21:43.335Z,6.1996,6.2178,100,100,29.3
2026-04-21 14:21:44.049Z,6.1997,6.2217,100,100,35.4
2026-04-21 14:21:45.196Z,6.2000,6.2180,100,100,29.0
2026-04-21 14:21:46.470Z,6.1999,6.2187,100,100,30.3
2026-04-21 14:21:47.870Z,6.2023,6.2199,100,100,28.3
2026-04-21 14:21:48.642Z,6.1991,6.2223,100,100,37.4
2026-04-21 14:21:49.236Z,6.2026,6.2202,100,100,28.3
2026-04-21 14:21:50.663Z,6.1971,6.2221,100,100,40.3
2026-04-21 14:21:51.836Z,6.2024,6.2188,100,100,26.4
2026-04-21 14:21:52.442Z,6.1980,6.2218,100,100,38.3
2026-04-21 14:21:53.079Z,6.1986,6.2224,100,100,38.3
2026-04-21 14:21:54.514Z,6.1995,6.2219,100,100,36.1
2026-04-21 14:21:55.681Z,6.1976,6.2196,100,100,35.4
2026-04-21 14:21:56.410Z,6.1994,6.2188,100,100,31.2
2026-04-21 14:21:57.819Z,6.1992,6.2226,100,100,37.7
2026-04-21 14:21:58.260Z,6.2022,6.2200,100,100,28.7
2026-04-21 14:21:59.099Z,6.2011,6.2189,100,100,28.7
2026-04-21 14:23:00.296Z,6.1942,6.2158,100,100,34.8
2026-04-21 14:23:01.574Z,6.1922,6.2152,100,100,37.1
2026-04-21 14:23:02.005Z,6.1933,6.2165,100,100,37.4
2026-04-21 14:23:03.198Z,6.1975,6.2147,100,100,27.7
2026-04-21 14:23:04.160Z,6.1918,6.2164,100,100,39.7
2026-04-21 14:23:05.757Z,6.1974,6.2156,100,100,29.3
2026-04-21 14:23:06.776Z,6.1966,6.2160,100,100,31.3
2026-04-21 14:23:07.461Z,6.1950,6.2166,100,100,34.8
2026-04-21 14:23:08.524Z,6.1940,6.2164,100,100,36.1
2026-04-21 14:23:09.206Z,6.1938,6.2182,100,100,39.3
2026-04-21 14:23:10.266Z,6.1947,6.2131,100,100,29.7
2026-04-21 14:23:11.215Z,6.1933,6.2175,100,100,39.0
2026-04-21 14:23:12.626Z,6.1953,6.2167,100,100,34.5
2026-04-21 14:23:13.316Z,6.1935,6.2169,100,100,37.7
2026-04-21 14:23:14.138Z,6.1952,6.2148,100,100,31.6
2026-04-21 14:23:15.864Z,6.1970,6.2150,100,100,29.0
2026-04-21 14:23:16.697Z,6.1978,6.2146,100,100,27.1
2026-04-21 14:23:17.274Z,6.1946,6.2166,100,100,35.5
2026-04-21 14:23:18.460Z,6.1952,6.2160,100,100,33.5
2026-04-21 14:23:19.056Z,6.1957,6.2131,100,100,28.0
2026-04-21 14:23:20.785Z,6.1966,6.2158,100,100,30.9
2026-04-21 14:23:21.654Z,6.1957,6.2161,100,100,32.9
2026-04-21 14:23:22.850Z,6.1916,6.2166,100,100,40.3
2026-04-21 14:23:23.254Z,6.1942,6.2130,100,100,30.3
2026-04-21 14:23:24.012Z,6.1947,6.2129,100,100,29.3
2026-04-21 14:23:25.179Z,6.1937,6.2137,100,100,32.2
2026-04-21 14:23:26.631Z,6.1960,6.2166,100,100,33.2
2026-04-21 14:23:27.572Z,6.1949,6.2155,100,100,33.2
2026-04-21 14:23:28.547Z,6.1965,6.2141,100,100,28.4
2026-04-21 14:23:29.491Z,6.1943,6.2153,100,100,33.8
2026-04-21 14:23:30.712Z,6.1958,6.2148,100,100,30.6
2026-04-21 14:23:31.539Z,6.1953,6.2147,100,100,31.3
2026-04-21 14:23:32.408Z,6.1917,6.2157,100,100,38.7
2026-04-21 14:23:33.229Z,6.1954,6.2150,100,100,31.6
2026-04-21 14:23:34.628Z,6.1960,6.2130,100,100,27.4
2026-04-21 14:23:35.487Z,6.1931,6.2173,100,100,39.0
2026-04-21 14:23:36.759Z,6.1954,6.2132,100,100,28.7
2026-04-21 14:23:37.327Z,6.1938,6.2138,100,100,32.2
2026-04-21 14:23:38.724Z,6.1961,6.2141,100,100,29.0
2026-04-21 14:23:39.498Z,6.1935,6.2173,100,100,38.4
2026-04-21 14:23:40.708Z,6.1946,6.2128,100,100,29.3
2026-04-21 14:23:41.572Z,6.1974,6.2144,100,100,27.4
2026-04-21 14:23:42.645Z,6.1950,6.2124,100,100,28.0
2026-04-21 14:23:43.509Z,6.1958,6.2170,100,100,34.2
2026-04-21 14:23:44.038Z,6.1971,6.2143,100,100,27.7
2026-04-21 14:23:45.065Z,6.1965,6.2133,100,100,27.1
2026-04-21 14:23:46.482Z,6.1945,6.2135,100,100,30.6
2026-04-21 14:23:47.111Z,6.1954,6.2128,100,100,28.0
2026-04-21 14:23:48.517Z,6.1938,6.2184,100,100,39.6
2026-04-21 14:23:49.046Z,6.1940,6.2144,100,100,32.9
2026-04-21 14:23:50.687Z,6.1972,6.2152,100,100,29.0
2026-04-21 14:23:51.424Z,6.1932,6.2162,100,100,37.1
2026-04-21 14:23:52.837Z,6.1947,6.2181,100,100,37.7
2026-04-21 14:23:53.320Z,6.1945,6.2137,100,100,30.9
2026-04-21 14:23:54.317Z,6.1964,6.2152,100,100,30.3
2026-04-21 14:23:55.196Z,6.1967,6.2155,100,100,30.3
2026-04-21 14:23:56.848Z,6.1966,6.2164,100,100,31.9
2026-04-21 14:23:57.784Z,6.1937,6.2145,100,100,33.5
2026-04-21 14:23:58.099Z,6.1933,6.2155,100,100,35.8
2026-04-21 14:23:59.882Z,6.1938,6.2162,100,100,36.1
2026-04-21 14:24:00.155Z,6.1883,6.2117,100,100,37.7
2026-04-21 14:24:01.679Z,6.1906,6.2106,100,100,32.3
2026-04-21 14:24:02.786Z,6.1890,6.2098,100,100,33.6
2026-04-21 14:24:03.608Z,6.1886,6.2124,100,100,38.4
2026-04-21 14:24:04.727Z,6.1927,6.2101,100,100,28.1
2026-04-21 14:24:05.570Z,6.1927,6.2099,100,100,27.7
2026-04-21 14:24:06.106Z,6.1919,6.2091,100,100,27.7
2026-04-21 14:24:07.104Z,6.1885,6.2101,100,100,34.8
2026-04-21 14:24:08.082Z,6.1904,6.2114,100,100,33.9
2026-04-21 14:24:09.874Z,6.1920,6.2098,100,100,28.7
2026-04-21 14:24:10.194Z,6.1893,6.2135,100,100,39.0
2026-04-21 14:24:11.437Z,6.1871,6.2115,100,100,39.4
2026-04-21 14:24:12.076Z,6.1879,6.2103,100,100,36.1
2026-04-21 14:24:13.444Z,6.1882,6.2118,100,100,38.1
2026-04-21 14:24:14.070Z,6.1883,6.2123,100,100,38.7
2026-04-21 14:24:15.309Z,6.1890,6.2130,100,100,38.7
2026-04-21 14:24:16.739Z,6.1919,6.2085,100,100,26.8
2026-04-21 14:24:17.340Z,6.1878,6.2108,100,100,37.1
2026-04-21 14:24:18.408Z,6.1900,6.2122,100,100,35.8
2026-04-21 14:24:19.703Z,6.1877,6.2101,100,100,36.1
2026-04-21 14:24:20.691Z,6.1929,6.2101,100,100,27.7
2026-04-21 14:24:21.041Z,6.1887,6.2117,100,100,37.1
2026-04-21 14:24:22.034Z,6.1896,6.2108,100,100,34.2
2026-04-21 14:24:23.495Z,6.1895,6.2075,100,100,29.0
2026-04-21 14:24:24.370Z,6.1903,6.2091,100,100,30.3
2026-04-21 14:24:25.427Z,6.1915,6.2079,100,100,26.5
2026-04-21 14:24:26.458Z,6.1887,6.2113,100,100,36.5
2026-04-21 14:24:27.839Z,6.1902,6.2114,100,100,34.2
2026-04-21 14:24:28.504Z,6.1874,6.2096,100,100,35.8
2026-04-21 14:24:29.552Z,6.1890,6.2108,100,100,35.2
2026-04-21 14:24:30.697Z,6.1919,6.2079,100,100,25.8
2026-04-21 14:24:31.264Z,6.1900,6.2110,100,100,33.9
2026-04-21 14:24:32.408Z,6.1876,6.2102,100,100,36.5
2026-04-21 14:24:33.448Z,6.1892,6.2084,100,100,31.0
2026-04-21 14:24:34.872Z,6.1868,6.2102,100,100,37.8
2026-04-21 14:24:35.253Z,6.1918,6.2096,100,100,28.7
2026-04-21 14:24:36.250Z,6.1893,6.2135,100,100,39.0
2026-04-21 14:24:37.530Z,6.1916,6.2096,100,100,29.0
2026-04-21 14:24:38.481Z,6.1876,6.2110,100,100,37.7
2026-04-21 14:24:39.517Z,6.1908,6.2104,100,100,31.6
2026-04-21 14:24:40.158Z,6.1919,6.2087,100,100,27.1
2026-04-21 14:24:41.347Z,6.1887,6.2127,100,100,38.7
2026-04-21 14:24:42.871Z,6.1878,6.2120,100,100,39.0
2026-04-21 14:24:43.204Z,6.1922,6.2086,100,100,26.4
2026-04-21 14:24:44.437Z,6.1892,6.2100,100,100,33.6
2026-04-21 14:24:45.080Z,6.1888,6.2088,100,100,32.3
2026-04-21 14:24:46.515Z,6.1910,6.2074,100,100,26.5
2026-04-21 14:24:47.126Z,6.1910,6.2114,100,100,32.9
2026-04-21 14:24:48.049Z,6.1933,6.2097,100,100,26.4
2026-04-21 14:24:49.210Z,6.1858,6.2114,100,100,41.3
2026-04-21 14:24:50.409Z,6.1906,6.2084,100,100,28.7
2026-04-21 14:24:51.325Z,6.1909,6.2105,100,100,31.6
2026-04-21 14:24:52.797Z,6.1898,6.2118,100,100,35.5
2026-04-21 14:24:53.212Z,6.1931,6.2093,100,100,26.1
2026-04-21 14:24:54.107Z,6.1902,6.2126,100,100,36.1
2026-04-21 14:24:55.563Z,6.1902,6.2128,100,100,36.4
2026-04-21 14:24:56.165Z,6.1895,6.2083,100,100,30.3
2026-04-21 14:24:57.315Z,6.1890,6.2116,100,100,36.4
2026-04-21 14:24:58.164Z,6.1892,6.2106,100,100,34.5
2026-04-21 14:24:59.534Z,6.1898,6.2102,100,100,32.9
2026-04-21 14:25:00.579Z,6.1884,6.2116,100,100,37.4
2026-04-21 14:25:01.200Z,6.1916,6.2114,100,100,31.9
