TimestampUtc,Price,Size,Exchange
2026-04-21 13:30:00.329Z,6.5113,37,SYNTH
2026-04-21 13:30:01.536Z,6.5130,54,SYNTH
2026-04-21 13:30:02.422Z,6.5117,45,SYNTH
2026-04-21 13:30:03.055Z,6.5064,59,SYNTH
2026-04-21 13:30:04.414Z,6.5070,48,SYNTH
2026-04-21 13:30:05.562Z,6.5116,30,SYNTH
2026-04-21 13:30:06.562Z,6.5068,25,SYNTH
2026-04-21 13:30:07.479Z,6.5141,27,SYNTH
2026-04-21 13:30:08.688Z,6.5069,46,SYNTH
2026-04-21 13:30:09.414Z,6.5155,40,SYNTH
2026-04-21 13:30:10.641Z,6.5071,31,SYNTH
2026-04-21 13:30:11.644Z,6.5115,89,SYNTH
2026-04-21 13:30:12.148Z,6.5111,100,SYNTH
2026-04-21 13:30:13.540Z,6.5093,59,SYNTH
2026-04-21 13:30:14.493Z,6.5117,28,SYNTH
2026-04-21 13:30:15.562Z,6.5086,33,SYNTH
2026-04-21 13:30:16.550Z,6.5127,58,SYNTH
2026-04-21 13:30:17.638Z,6.5084,78,SYNTH
2026-04-21 13:30:18.113Z,6.5131,52,SYNTH
2026-04-21 13:30:19.382Z,6.5062,36,SYNTH
2026-04-21 13:30:20.257Z,6.5044,36,SYNTH
2026-04-21 13:30:21.596Z,6.5010,39,SYNTH
2026-04-21 13:30:22.318Z,6.4967,28,SYNTH
2026-04-21 13:30:23.108Z,6.4942,23,SYNTH
2026-04-21 13:30:24.690Z,6.4892,19,SYNTH
2026-04-21 13:30:25.641Z,6.4840,38,SYNTH
2026-04-21 13:30:26.112Z,6.4759,19,SYNTH
2026-04-21 13:30:27.801Z,6.4703,39,SYNTH
2026-04-21 13:30:28.508Z,6.4632,33,SYNTH
2026-04-21 13:30:29.497Z,6.4581,34,SYNTH
2026-04-21 13:30:30.412Z,6.4524,42,SYNTH
2026-04-21 13:30:31.697Z,6.4432,43,SYNTH
2026-04-21 13:30:32.482Z,6.4376,21,SYNTH
2026-04-21 13:30:33.877Z,6.4328,19,SYNTH
2026-04-21 13:30:34.491Z,6.4284,39,SYNTH
2026-04-21 13:30:35.166Z,6.4267,36,SYNTH
2026-04-21 13:30:36.083Z,6.4222,28,SYNTH
2026-04-21 13:30:37.638Z,6.4173,53,SYNTH
2026-04-21 13:30:38.266Z,6.4199,109,SYNTH
2026-04-21 13:30:39.183Z,6.4255,94,SYNTH
2026-04-21 13:30:40.668Z,6.4208,91,SYNTH
2026-04-21 13:30:41.729Z,6.4254,41,SYNTH
2026-04-21 13:30:42.639Z,6.4222,46,SYNTH
2026-04-21 13:30:43.023Z,6.4308,37,SYNTH
2026-04-21 13:30:44.447Z,6.4222,23,SYNTH
2026-04-21 13:30:45.657Z,6.4297,37,SYNTH
2026-04-21 13:30:46.802Z,6.4289,60,SYNTH
2026-04-21 13:30:47.531Z,6.4316,68,SYNTH
2026-04-21 13:30:48.790Z,6.4242,27,SYNTH
2026-04-21 13:30:49.675Z,6.4314,51,SYNTH
2026-04-21 13:30:50.377Z,6.4257,24,SYNTH
2026-04-21 13:30:51.162Z,6.4252,56,SYNTH
2026-04-21 13:30:52.864Z,6.4306,36,SYNTH
2026-04-21 13:30:53.298Z,6.4224,57,SYNTH
2026-04-21 13:30:54.646Z,6.4222,51,SYNTH
2026-04-21 13:30:55.812Z,6.4258,30,SYNTH
2026-04-21 13:30:56.109Z,6.4223,59,SYNTH
2026-04-21 13:30:57.190Z,6.4195,36,SYNTH
2026-04-21 13:30:58.872Z,6.4221,45,SYNTH
2026-04-21 13:30:59.081Z,6.4178,56,SYNTH
2026-04-21 13:31:00.857Z,6.4229,14,SYNTH
2026-04-21 13:31:01.101Z,6.4155,15,SYNTH
2026-04-21 13:31:02.218Z,6.4208,11,SYNTH
2026-04-21 13:31:03.722Z,6.4165,15,SYNTH
2026-04-21 13:31:04.516Z,6.4157,16,SYNTH
2026-04-21 13:31:05.035Z,6.4210,18,SYNTH
2026-04-21 13:31:06.899Z,6.4186,18,SYNTH
2026-04-21 13:31:07.471Z,6.4189,8,SYNTH
2026-04-21 13:31:08.884Z,6.4219,11,SYNTH
2026-04-21 13:31:09.186Z,6.4159,14,SYNTH
2026-04-21 13:31:10.002Z,6.4239,8,SYNTH
2026-04-21 13:31:11.768Z,6.4196,20,SYNTH
2026-04-21 13:31:12.715Z,6.4158,22,SYNTH
2026-04-21 13:31:13.175Z,6.4209,24,SYNTH
2026-04-21 13:31:14.486Z,6.4251,10,SYNTH
2026-04-21 13:31:15.863Z,6.4186,14,SYNTH
2026-04-21 13:31:16.109Z,6.4229,27,SYNTH
2026-04-21 13:31:17.295Z,6.4190,15,SYNTH
2026-04-21 13:31:18.554Z,6.4157,15,SYNTH
2026-04-21 13:31:19.400Z,6.4217,16,SYNTH
2026-04-21 13:31:20.631Z,6.4173,10,SYNTH
2026-04-21 13:31:21.163Z,6.4166,12,SYNTH
2026-04-21 13:31:22.848Z,6.4093,12,SYNTH
2026-04-21 13:31:23.824Z,6.4100,8,SYNTH
2026-04-21 13:31:24.566Z,6.4071,6,SYNTH
2026-04-21 13:31:25.455Z,6.4045,11,SYNTH
2026-04-21 13:31:26.200Z,6.3999,9,SYNTH
2026-04-21 13:31:27.534Z,6.3956,11,SYNTH
2026-04-21 13:31:28.511Z,6.3926,11,SYNTH
2026-04-21 13:31:29.078Z,6.3899,13,SYNTH
2026-04-21 13:31:30.708Z,6.3855,11,SYNTH
2026-04-21 13:31:31.579Z,6.3848,10,SYNTH
2026-04-21 13:31:32.369Z,6.3790,6,SYNTH
2026-04-21 13:31:33.350Z,6.3760,8,SYNTH
2026-04-21 13:31:34.549Z,6.3716,10,SYNTH
2026-04-21 13:31:35.244Z,6.3719,13,SYNTH
2026-04-21 13:31:36.193Z,6.3764,10,SYNTH
2026-04-21 13:31:37.577Z,6.3658,29,SYNTH
2026-04-21 13:31:38.592Z,6.3743,36,SYNTH
2026-04-21 13:31:39.535Z,6.3702,36,SYNTH
2026-04-21 13:31:40.736Z,6.3729,18,SYNTH
2026-04-21 13:31:41.885Z,6.3725,12,SYNTH
2026-04-21 13:31:42.430Z,6.3741,13,SYNTH
2026-04-21 13:31:43.552Z,6.3751,14,SYNTH
2026-04-21 13:31:44.030Z,6.3771,14,SYNTH
2026-04-21 13:31:45.236Z,6.3709,22,SYNTH
2026-04-21 13:31:46.026Z,6.3781,21,SYNTH
2026-04-21 13:31:47.855Z,6.3726,25,SYNTH
2026-04-21 13:31:48.863Z,6.3744,14,SYNTH
2026-04-21 13:31:49.037Z,6.3745,12,SYNTH
2026-04-21 13:31:50.792Z,6.3756,9,SYNTH
2026-04-21 13:31:51.374Z,6.3755,17,SYNTH
2026-04-21 13:31:52.866Z,6.3721,17,SYNTH
2026-04-21 13:31:53.174Z,6.3772,14,SYNTH
2026-04-21 13:31:54.364Z,6.3696,8,SYNTH
2026-04-21 13:31:55.564Z,6.3763,8,SYNTH
2026-04-21 13:31:56.683Z,6.3679,17,SYNTH
2026-04-21 13:31:57.828Z,6.3663,21,SYNTH
2026-04-21 13:31:58.308Z,6.3746,20,SYNTH
2026-04-21 13:31:59.241Z,6.3670,21,SYNTH
2026-04-21 13:32:00.384Z,6.3452,1,SYNTH
2026-04-21 13:32:01.289Z,6.3495,1,SYNTH
2026-04-21 13:32:02.434Z,6.3431,2,SYNTH
2026-04-21 13:32:03.521Z,6.3438,2,SYNTH
2026-04-21 13:32:04.150Z,6.3431,2,SYNTH
2026-04-21 13:32:05.865Z,6.3400,2,SYNTH
2026-04-21 13:32:06.777Z,6.3473,2,SYNTH
2026-04-21 13:32:07.347Z,6.3492,1,SYNTH
2026-04-21 13:32:08.825Z,6.3490,1,SYNTH
2026-04-21 13:32:09.774Z,6.3446,1,SYNTH
2026-04-21 13:32:10.186Z,6.3407,1,SYNTH
2026-04-21 13:32:11.739Z,6.3459,4,SYNTH
2026-04-21 13:32:12.280Z,6.3430,2,SYNTH
2026-04-21 13:32:13.107Z,6.3462,3,SYNTH
2026-04-21 13:32:14.394Z,6.3478,1,SYNTH
2026-04-21 13:32:15.185Z,6.3444,1,SYNTH
2026-04-21 13:32:16.567Z,6.3489,2,SYNTH
2026-04-21 13:32:17.232Z,6.3491,2,SYNTH
2026-04-21 13:32:18.450Z,6.3421,2,SYNTH
2026-04-21 13:32:19.512Z,6.3440,3,SYNTH
2026-04-21 13:32:20.097Z,6.3435,1,SYNTH
2026-04-21 13:32:21.386Z,6.3462,1,SYNTH
2026-04-21 13:32:22.297Z,6.3429,1,SYNTH
2026-04-21 13:32:23.429Z,6.3470,1,SYNTH
2026-04-21 13:32:24.299Z,6.3416,1,SYNTH
2026-04-21 13:32:25.265Z,6.3431,1,SYNTH
2026-04-21 13:32:26.791Z,6.3473,1,SYNTH
2026-04-21 13:32:27.076Z,6.3423,1,SYNTH
2026-04-21 13:32:28.841Z,6.3488,1,SYNTH
2026-04-21 13:32:29.899Z,6.3439,1,SYNTH
2026-04-21 13:32:30.640Z,6.3471,1,SYNTH
2026-04-21 13:32:31.827Z,6.3423,1,SYNTH
2026-04-21 13:32:32.826Z,6.3477,1,SYNTH
2026-04-21 13:32:33.627Z,6.3471,1,SYNTH
2026-04-21 13:32:34.672Z,6.3439,1,SYNTH
2026-04-21 13:32:35.361Z,6.3439,1,SYNTH
2026-04-21 13:32:36.842Z,6.3460,1,SYNTH
2026-04-21 13:32:37.242Z,6.3403,3,SYNTH
2026-04-21 13:32:38.004Z,6.3492,2,SYNTH
2026-04-21 13:32:39.877Z,6.3422,2,SYNTH
2026-04-21 13:32:40.252Z,6.3454,3,SYNTH
2026-04-21 13:32:41.196Z,6.3408,1,SYNTH
2026-04-21 13:32:42.025Z,6.3479,1,SYNTH
2026-04-21 13:32:43.036Z,6.3410,1,SYNTH
2026-04-21 13:32:44.314Z,6.3464,1,SYNTH
2026-04-21 13:32:45.099Z,6.3412,1,SYNTH
2026-04-21 13:32:46.705Z,6.3464,1,SYNTH
2026-04-21 13:32:47.846Z,6.3443,1,SYNTH
2026-04-21 13:32:48.101Z,6.3442,1,SYNTH
2026-04-21 13:32:49.896Z,6.3480,1,SYNTH
2026-04-21 13:32:50.250Z,6.3493,1,SYNTH
2026-04-21 13:32:51.256Z,6.3432,1,SYNTH
2026-04-21 13:32:52.344Z,6.3467,1,SYNTH
2026-04-21 13:32:53.117Z,6.3469,1,SYNTH
2026-04-21 13:32:54.072Z,6.3433,2,SYNTH
2026-04-21 13:32:55.760Z,6.3414,1,SYNTH
2026-04-21 13:32:56.023Z,6.3467,1,SYNTH
2026-04-21 13:32:57.775Z,6.3449,1,SYNTH
2026-04-21 13:32:58.023Z,6.3471,2,SYNTH
2026-04-21 13:32:59.629Z,6.3425,2,SYNTH
2026-04-21 13:33:00.140Z,6.3108,3,SYNTH
2026-04-21 13:33:01.772Z,6.3074,5,SYNTH
2026-04-21 13:33:02.026Z,6.3062,3,SYNTH
2026-04-21 13:33:03.502Z,6.3133,5,SYNTH
2026-04-21 13:33:04.021Z,6.3147,4,SYNTH
2026-04-21 13:33:05.868Z,6.3065,5,SYNTH
2026-04-21 13:33:06.223Z,6.3082,3,SYNTH
2026-04-21 13:33:07.272Z,6.3131,3,SYNTH
2026-04-21 13:33:08.251Z,6.3092,3,SYNTH
2026-04-21 13:33:09.859Z,6.3084,2,SYNTH
2026-04-21 13:33:10.388Z,6.3119,2,SYNTH
2026-04-21 13:33:11.238Z,6.3097,5,SYNTH
2026-04-21 13:33:12.502Z,6.3141,9,SYNTH
2026-04-21 13:33:13.744Z,6.3084,6,SYNTH
2026-04-21 13:33:14.294Z,6.3071,2,SYNTH
2026-04-21 13:33:15.880Z,6.3108,2,SYNTH
2026-04-21 13:33:16.440Z,6.3129,5,SYNTH
2026-04-21 13:33:17.414Z,6.3086,4,SYNTH
2026-04-21 13:33:18.396Z,6.3088,3,SYNTH
2026-04-21 13:33:19.366Z,6.3081,3,SYNTH
2026-04-21 13:33:20.557Z,6.3125,3,SYNTH
2026-04-21 13:33:21.196Z,6.3078,3,SYNTH
2026-04-21 13:33:22.073Z,6.3080,3,SYNTH
2026-04-21 13:33:23.793Z,6.3140,3,SYNTH
2026-04-21 13:33:24.416Z,6.3113,1,SYNTH
2026-04-21 13:33:25.718Z,6.3064,3,SYNTH
2026-04-21 13:33:26.217Z,6.3152,2,SYNTH
2026-04-21 13:33:27.278Z,6.3075,3,SYNTH
2026-04-21 13:33:28.426Z,6.3053,1,SYNTH
2026-04-21 13:33:29.206Z,6.3123,1,SYNTH
2026-04-21 13:33:30.878Z,6.3077,2,SYNTH
2026-04-21 13:33:31.725Z,6.3107,3,SYNTH
2026-04-21 13:33:32.878Z,6.3088,2,SYNTH
2026-04-21 13:33:33.337Z,6.3069,2,SYNTH
2026-04-21 13:33:34.464Z,6.3075,2,SYNTH
2026-04-21 13:33:35.129Z,6.3124,2,SYNTH
2026-04-21 13:33:36.014Z,6.3058,2,SYNTH
2026-04-21 13:33:37.679Z,6.3138,8,SYNTH
2026-04-21 13:33:38.274Z,6.3063,9,SYNTH
2026-04-21 13:33:39.221Z,6.3075,4,SYNTH
2026-04-21 13:33:40.081Z,6.3128,9,SYNTH
2026-04-21 13:33:41.682Z,6.3113,3,SYNTH
2026-04-21 13:33:42.338Z,6.3084,4,SYNTH
2026-04-21 13:33:43.389Z,6.3133,2,SYNTH
2026-04-21 13:33:44.014Z,6.3144,4,SYNTH
2026-04-21 13:33:45.566Z,6.3096,2,SYNTH
2026-04-21 13:33:46.622Z,6.3094,6,SYNTH
2026-04-21 13:33:47.871Z,6.3071,4,SYNTH
2026-04-21 13:33:48.258Z,6.3099,2,SYNTH
2026-04-21 13:33:49.569Z,6.3125,3,SYNTH
2026-04-21 13:33:50.151Z,6.3069,4,SYNTH
2026-04-21 13:33:51.280Z,6.3113,2,SYNTH
2026-04-21 13:33:52.252Z,6.3127,3,SYNTH
2026-04-21 13:33:53.780Z,6.3081,4,SYNTH
2026-04-21 13:33:54.573Z,6.3081,3,SYNTH
2026-04-21 13:33:55.626Z,6.3130,4,SYNTH
2026-04-21 13:33:56.560Z,6.3080,3,SYNTH
2026-04-21 13:33:57.520Z,6.3142,3,SYNTH
2026-04-21 13:33:58.252Z,6.3087,5,SYNTH
2026-04-21 13:33:59.225Z,6.3117,5,SYNTH
2026-04-21 13:37:00.880Z,6.3137,18,SYNTH
2026-04-21 13:37:01.509Z,6.3140,37,SYNTH
2026-04-21 13:37:02.713Z,6.3149,25,SYNTH
2026-04-21 13:37:03.755Z,6.3076,23,SYNTH
2026-04-21 13:37:04.660Z,6.3076,29,SYNTH
2026-04-21 13:37:05.323Z,6.3129,14,SYNTH
2026-04-21 13:37:06.303Z,6.3140,16,SYNTH
2026-04-21 13:37:07.283Z,6.3126,25,SYNTH
2026-04-21 13:37:08.828Z,6.3083,20,SYNTH
2026-04-21 13:37:09.602Z,6.3070,26,SYNTH
2026-04-21 13:37:10.573Z,6.3079,25,SYNTH
2026-04-21 13:37:11.892Z,6.3112,51,SYNTH
2026-04-21 13:37:12.251Z,6.3102,47,SYNTH
2026-04-21 13:37:13.300Z,6.3115,57,SYNTH
2026-04-21 13:37:14.122Z,6.3070,25,SYNTH
2026-04-21 13:37:15.848Z,6.3130,15,SYNTH
2026-04-21 13:37:16.435Z,6.3056,44,SYNTH
2026-04-21 13:37:17.485Z,6.3143,20,SYNTH
2026-04-21 13:37:18.764Z,6.3068,23,SYNTH
2026-04-21 13:37:19.440Z,6.3121,44,SYNTH
2026-04-21 13:37:20.056Z,6.3088,12,SYNTH
2026-04-21 13:37:21.488Z,6.3123,15,SYNTH
2026-04-21 13:37:22.850Z,6.3095,25,SYNTH
2026-04-21 13:37:23.123Z,6.3099,12,SYNTH
2026-04-21 13:37:24.335Z,6.3140,14,SYNTH
2026-04-21 13:37:25.595Z,6.3122,24,SYNTH
2026-04-21 13:37:26.641Z,6.3080,20,SYNTH
2026-04-21 13:37:27.802Z,6.3056,18,SYNTH
2026-04-21 13:37:28.066Z,6.3084,21,SYNTH
2026-04-21 13:37:29.201Z,6.3136,18,SYNTH
2026-04-21 13:37:30.890Z,6.3142,22,SYNTH
2026-04-21 13:37:31.050Z,6.3080,20,SYNTH
2026-04-21 13:37:32.155Z,6.3103,11,SYNTH
2026-04-21 13:37:33.525Z,6.3107,10,SYNTH
2026-04-21 13:37:34.386Z,6.3059,17,SYNTH
2026-04-21 13:37:35.533Z,6.3114,10,SYNTH
2026-04-21 13:37:36.617Z,6.3109,21,SYNTH
2026-04-21 13:37:37.349Z,6.3111,44,SYNTH
2026-04-21 13:37:38.790Z,6.3082,35,SYNTH
2026-04-21 13:37:39.193Z,6.3119,42,SYNTH
2026-04-21 13:37:40.164Z,6.3101,58,SYNTH
2026-04-21 13:37:41.278Z,6.3127,21,SYNTH
2026-04-21 13:37:42.453Z,6.3130,16,SYNTH
2026-04-21 13:37:43.843Z,6.3069,23,SYNTH
2026-04-21 13:37:44.206Z,6.3076,24,SYNTH
2026-04-21 13:37:45.547Z,6.3142,39,SYNTH
2026-04-21 13:37:46.060Z,6.3081,34,SYNTH
2026-04-21 13:37:47.653Z,6.3095,27,SYNTH
2026-04-21 13:37:48.504Z,6.3119,17,SYNTH
2026-04-21 13:37:49.055Z,6.3077,27,SYNTH
2026-04-21 13:37:50.024Z,6.3062,16,SYNTH
2026-04-21 13:37:51.183Z,6.3119,17,SYNTH
2026-04-21 13:37:52.638Z,6.3127,22,SYNTH
2026-04-21 13:37:53.619Z,6.3088,31,SYNTH
2026-04-21 13:37:54.290Z,6.3112,27,SYNTH
2026-04-21 13:37:55.262Z,6.3059,28,SYNTH
2026-04-21 13:37:56.557Z,6.3143,33,SYNTH
2026-04-21 13:37:57.824Z,6.3098,34,SYNTH
2026-04-21 13:37:58.052Z,6.3131,25,SYNTH
2026-04-21 13:37:59.598Z,6.3077,24,SYNTH
2026-04-21 13:40:00.022Z,6.3322,7,SYNTH
2026-04-21 13:40:01.454Z,6.3339,6,SYNTH
2026-04-21 13:40:02.157Z,6.3312,7,SYNTH
2026-04-21 13:40:03.668Z,6.3287,6,SYNTH
2026-04-21 13:40:04.078Z,6.3334,5,SYNTH
2026-04-21 13:40:05.733Z,6.3281,5,SYNTH
2026-04-21 13:40:06.825Z,6.3272,4,SYNTH
2026-04-21 13:40:07.598Z,6.3297,6,SYNTH
2026-04-21 13:40:08.076Z,6.3337,3,SYNTH
2026-04-21 13:40:09.624Z,6.3281,3,SYNTH
2026-04-21 13:40:10.793Z,6.3307,3,SYNTH
2026-04-21 13:40:11.112Z,6.3257,12,SYNTH
2026-04-21 13:40:12.877Z,6.3329,9,SYNTH
2026-04-21 13:40:13.184Z,6.3299,6,SYNTH
2026-04-21 13:40:14.583Z,6.3340,5,SYNTH
2026-04-21 13:40:15.230Z,6.3292,3,SYNTH
2026-04-21 13:40:16.586Z,6.3289,9,SYNTH
2026-04-21 13:40:17.695Z,6.3286,7,SYNTH
2026-04-21 13:40:18.013Z,6.3333,8,SYNTH
2026-04-21 13:40:19.716Z,6.3256,7,SYNTH
2026-04-21 13:40:20.817Z,6.3332,3,SYNTH
2026-04-21 13:40:21.295Z,6.3313,4,SYNTH
2026-04-21 13:40:22.284Z,6.3295,4,SYNTH
2026-04-21 13:40:23.680Z,6.3252,4,SYNTH
2026-04-21 13:40:24.270Z,6.3326,2,SYNTH
2026-04-21 13:40:25.363Z,6.3266,4,SYNTH
2026-04-21 13:40:26.195Z,6.3290,4,SYNTH
2026-04-21 13:40:27.320Z,6.3259,2,SYNTH
2026-04-21 13:40:28.313Z,6.3324,2,SYNTH
2026-04-21 13:40:29.556Z,6.3299,4,SYNTH
2026-04-21 13:40:30.036Z,6.3326,4,SYNTH
2026-04-21 13:40:31.610Z,6.3284,2,SYNTH
2026-04-21 13:40:32.788Z,6.3301,5,SYNTH
2026-04-21 13:40:33.295Z,6.3282,5,SYNTH
2026-04-21 13:40:34.658Z,6.3338,3,SYNTH
2026-04-21 13:40:35.258Z,6.3274,3,SYNTH
2026-04-21 13:40:36.687Z,6.3268,3,SYNTH
2026-04-21 13:40:37.048Z,6.3322,6,SYNTH
2026-04-21 13:40:38.214Z,6.3325,5,SYNTH
2026-04-21 13:40:39.078Z,6.3332,12,SYNTH
2026-04-21 13:40:40.853Z,6.3265,10,SYNTH
2026-04-21 13:40:41.420Z,6.3328,5,SYNTH
2026-04-21 13:40:42.651Z,6.3275,4,SYNTH
2026-04-21 13:40:43.514Z,6.3264,5,SYNTH
2026-04-21 13:40:44.362Z,6.3328,3,SYNTH
2026-04-21 13:40:45.476Z,6.3308,8,SYNTH
2026-04-21 13:40:46.065Z,6.3329,6,SYNTH
2026-04-21 13:40:47.546Z,6.3298,7,SYNTH
2026-04-21 13:40:48.805Z,6.3327,3,SYNTH
2026-04-21 13:40:49.277Z,6.3287,5,SYNTH
2026-04-21 13:40:50.565Z,6.3321,3,SYNTH
2026-04-21 13:40:51.883Z,6.3344,3,SYNTH
2026-04-21 13:40:52.164Z,6.3289,6,SYNTH
2026-04-21 13:40:53.176Z,6.3313,5,SYNTH
2026-04-21 13:40:54.015Z,6.3334,4,SYNTH
2026-04-21 13:40:55.196Z,6.3338,6,SYNTH
2026-04-21 13:40:56.053Z,6.3256,5,SYNTH
2026-04-21 13:40:57.192Z,6.3265,4,SYNTH
2026-04-21 13:40:58.802Z,6.3308,6,SYNTH
2026-04-21 13:40:59.760Z,6.3317,4,SYNTH
2026-04-21 13:41:00.594Z,6.3237,7,SYNTH
2026-04-21 13:41:01.813Z,6.3240,5,SYNTH
2026-04-21 13:41:02.477Z,6.3157,4,SYNTH
2026-04-21 13:41:03.138Z,6.3216,6,SYNTH
2026-04-21 13:41:04.024Z,6.3167,6,SYNTH
2026-04-21 13:41:05.694Z,6.3218,3,SYNTH
2026-04-21 13:41:06.798Z,6.3163,6,SYNTH
2026-04-21 13:41:07.772Z,6.3250,5,SYNTH
2026-04-21 13:41:08.835Z,6.3195,5,SYNTH
2026-04-21 13:41:09.329Z,6.3157,3,SYNTH
2026-04-21 13:41:10.691Z,6.3197,4,SYNTH
2026-04-21 13:41:11.717Z,6.3203,7,SYNTH
2026-04-21 13:41:12.395Z,6.3182,11,SYNTH
2026-04-21 13:41:13.367Z,6.3217,7,SYNTH
2026-04-21 13:41:14.416Z,6.3171,4,SYNTH
2026-04-21 13:41:15.604Z,6.3213,2,SYNTH
2026-04-21 13:41:16.116Z,6.3219,5,SYNTH
2026-04-21 13:41:17.477Z,6.3156,4,SYNTH
2026-04-21 13:41:18.130Z,6.3247,4,SYNTH
2026-04-21 13:41:19.534Z,6.3152,5,SYNTH
2026-04-21 13:41:20.112Z,6.3207,4,SYNTH
2026-04-21 13:41:21.175Z,6.3245,3,SYNTH
2026-04-21 13:41:22.797Z,6.3243,3,SYNTH
2026-04-21 13:41:23.442Z,6.3177,4,SYNTH
2026-04-21 13:41:24.267Z,6.3159,4,SYNTH
2026-04-21 13:41:25.673Z,6.3246,4,SYNTH
2026-04-21 13:41:26.245Z,6.3194,2,SYNTH
2026-04-21 13:41:27.553Z,6.3228,4,SYNTH
2026-04-21 13:41:28.178Z,6.3184,2,SYNTH
2026-04-21 13:41:29.756Z,6.3165,3,SYNTH
2026-04-21 13:41:30.547Z,6.3208,4,SYNTH
2026-04-21 13:41:31.344Z,6.3236,4,SYNTH
2026-04-21 13:41:32.125Z,6.3219,4,SYNTH
2026-04-21 13:41:33.456Z,6.3155,4,SYNTH
2026-04-21 13:41:34.731Z,6.3211,3,SYNTH
2026-04-21 13:41:35.852Z,6.3236,4,SYNTH
2026-04-21 13:41:36.562Z,6.3200,4,SYNTH
2026-04-21 13:41:37.141Z,6.3219,5,SYNTH
2026-04-21 13:41:38.302Z,6.3177,10,SYNTH
2026-04-21 13:41:39.090Z,6.3235,5,SYNTH
2026-04-21 13:41:40.635Z,6.3227,10,SYNTH
2026-04-21 13:41:41.157Z,6.3190,4,SYNTH
2026-04-21 13:41:42.330Z,6.3161,5,SYNTH
2026-04-21 13:41:43.204Z,6.3211,5,SYNTH
2026-04-21 13:41:44.136Z,6.3167,5,SYNTH
2026-04-21 13:41:45.010Z,6.3243,4,SYNTH
2026-04-21 13:41:46.378Z,6.3181,6,SYNTH
2026-04-21 13:41:47.451Z,6.3233,8,SYNTH
2026-04-21 13:41:48.628Z,6.3188,4,SYNTH
2026-04-21 13:41:49.816Z,6.3216,5,SYNTH
2026-04-21 13:41:50.401Z,6.3213,5,SYNTH
2026-04-21 13:41:51.359Z,6.3228,6,SYNTH
2026-04-21 13:41:52.773Z,6.3211,3,SYNTH
2026-04-21 13:41:53.118Z,6.3174,5,SYNTH
2026-04-21 13:41:54.029Z,6.3225,3,SYNTH
2026-04-21 13:41:55.193Z,6.3160,4,SYNTH
2026-04-21 13:41:56.005Z,6.3236,5,SYNTH
2026-04-21 13:41:57.557Z,6.3245,4,SYNTH
2026-04-21 13:41:58.198Z,6.3186,4,SYNTH
2026-04-21 13:41:59.574Z,6.3225,4,SYNTH
2026-04-21 13:42:00.339Z,6.2513,20,SYNTH
2026-04-21 13:42:01.280Z,6.2536,22,SYNTH
2026-04-21 13:42:02.360Z,6.2494,30,SYNTH
2026-04-21 13:42:03.638Z,6.2469,38,SYNTH
2026-04-21 13:42:04.811Z,6.2538,32,SYNTH
2026-04-21 13:42:05.004Z,6.2527,23,SYNTH
2026-04-21 13:42:06.820Z,6.2474,32,SYNTH
2026-04-21 13:42:07.416Z,6.2477,40,SYNTH
2026-04-21 13:42:08.667Z,6.2519,26,SYNTH
2026-04-21 13:42:09.214Z,6.2462,35,SYNTH
2026-04-21 13:42:10.505Z,6.2515,22,SYNTH
2026-04-21 13:42:11.256Z,6.2478,59,SYNTH
2026-04-21 13:42:12.265Z,6.2532,46,SYNTH
2026-04-21 13:42:13.183Z,6.2478,85,SYNTH
2026-04-21 13:42:14.243Z,6.2517,17,SYNTH
2026-04-21 13:42:15.396Z,6.2540,25,SYNTH
2026-04-21 13:42:16.663Z,6.2511,40,SYNTH
2026-04-21 13:42:17.278Z,6.2469,25,SYNTH
2026-04-21 13:42:18.862Z,6.2463,51,SYNTH
2026-04-21 13:42:19.381Z,6.2536,30,SYNTH
2026-04-21 13:42:20.663Z,6.2462,14,SYNTH
2026-04-21 13:42:21.799Z,6.2528,18,SYNTH
2026-04-21 13:42:22.046Z,6.2520,25,SYNTH
2026-04-21 13:42:23.354Z,6.2484,25,SYNTH
2026-04-21 13:42:24.743Z,6.2526,15,SYNTH
2026-04-21 13:42:25.381Z,6.2540,30,SYNTH
2026-04-21 13:42:26.793Z,6.2477,23,SYNTH
2026-04-21 13:42:27.136Z,6.2507,17,SYNTH
2026-04-21 13:42:28.620Z,6.2459,16,SYNTH
2026-04-21 13:42:29.168Z,6.2524,25,SYNTH
2026-04-21 13:42:30.229Z,6.2517,25,SYNTH
2026-04-21 13:42:31.576Z,6.2465,18,SYNTH
2026-04-21 13:42:32.136Z,6.2553,24,SYNTH
2026-04-21 13:42:33.336Z,6.2494,16,SYNTH
2026-04-21 13:42:34.335Z,6.2516,24,SYNTH
2026-04-21 13:42:35.379Z,6.2463,22,SYNTH
2026-04-21 13:42:36.060Z,6.2507,12,SYNTH
2026-04-21 13:42:37.483Z,6.2543,63,SYNTH
2026-04-21 13:42:38.760Z,6.2547,59,SYNTH
2026-04-21 13:42:39.388Z,6.2488,60,SYNTH
2026-04-21 13:42:40.212Z,6.2460,62,SYNTH
2026-04-21 13:42:41.186Z,6.2514,17,SYNTH
2026-04-21 13:42:42.870Z,6.2497,28,SYNTH
2026-04-21 13:42:43.143Z,6.2480,25,SYNTH
2026-04-21 13:42:44.487Z,6.2465,32,SYNTH
2026-04-21 13:42:45.479Z,6.2531,32,SYNTH
2026-04-21 13:42:46.019Z,6.2484,47,SYNTH
2026-04-21 13:42:47.721Z,6.2470,23,SYNTH
2026-04-21 13:42:48.728Z,6.2469,20,SYNTH
2026-04-21 13:42:49.293Z,6.2455,30,SYNTH
2026-04-21 13:42:50.120Z,6.2506,17,SYNTH
2026-04-21 13:42:51.879Z,6.2544,22,SYNTH
2026-04-21 13:42:52.181Z,6.2549,32,SYNTH
2026-04-21 13:42:53.701Z,6.2484,29,SYNTH
2026-04-21 13:42:54.861Z,6.2461,40,SYNTH
2026-04-21 13:42:55.390Z,6.2462,37,SYNTH
2026-04-21 13:42:56.441Z,6.2521,24,SYNTH
2026-04-21 13:42:57.014Z,6.2529,20,SYNTH
2026-04-21 13:42:58.497Z,6.2544,33,SYNTH
2026-04-21 13:42:59.257Z,6.2493,22,SYNTH
2026-04-21 13:44:00.209Z,6.3006,40,SYNTH
2026-04-21 13:44:01.648Z,6.3034,87,SYNTH
2026-04-21 13:44:02.447Z,6.2994,46,SYNTH
2026-04-21 13:44:03.872Z,6.2949,55,SYNTH
2026-04-21 13:44:04.700Z,6.3008,41,SYNTH
2026-04-21 13:44:05.486Z,6.2968,76,SYNTH
2026-04-21 13:44:06.309Z,6.3036,34,SYNTH
2026-04-21 13:44:07.326Z,6.3048,57,SYNTH
2026-04-21 13:44:08.014Z,6.3028,68,SYNTH
2026-04-21 13:44:09.459Z,6.3032,51,SYNTH
2026-04-21 13:44:10.077Z,6.2979,70,SYNTH
2026-04-21 13:44:11.325Z,6.2959,156,SYNTH
2026-04-21 13:44:12.592Z,6.3035,150,SYNTH
2026-04-21 13:44:13.376Z,6.2999,164,SYNTH
2026-04-21 13:44:14.663Z,6.2963,61,SYNTH
2026-04-21 13:44:15.594Z,6.3010,35,SYNTH
2026-04-21 13:44:16.687Z,6.3009,107,SYNTH
2026-04-21 13:44:17.066Z,6.2962,78,SYNTH
2026-04-21 13:44:18.574Z,6.3028,100,SYNTH
2026-04-21 13:44:19.201Z,6.2954,90,SYNTH
2026-04-21 13:44:20.234Z,6.3009,26,SYNTH
2026-04-21 13:44:21.105Z,6.2941,29,SYNTH
2026-04-21 13:44:22.585Z,6.2938,44,SYNTH
2026-04-21 13:44:23.180Z,6.2929,59,SYNTH
2026-04-21 13:44:24.013Z,6.2900,37,SYNTH
2026-04-21 13:44:25.202Z,6.2832,33,SYNTH
2026-04-21 13:44:26.611Z,6.2837,30,SYNTH
2026-04-21 13:44:27.205Z,6.2800,32,SYNTH
2026-04-21 13:44:28.829Z,6.2781,28,SYNTH
2026-04-21 13:44:29.012Z,6.2774,40,SYNTH
2026-04-21 13:44:30.552Z,6.2711,51,SYNTH
2026-04-21 13:44:31.452Z,6.2676,26,SYNTH
2026-04-21 13:44:32.548Z,6.2701,53,SYNTH
2026-04-21 13:44:33.137Z,6.2634,35,SYNTH
2026-04-21 13:44:34.216Z,6.2638,43,SYNTH
2026-04-21 13:44:35.145Z,6.2622,47,SYNTH
2026-04-21 13:44:36.030Z,6.2589,32,SYNTH
2026-04-21 13:44:37.517Z,6.2567,116,SYNTH
2026-04-21 13:44:38.658Z,6.2615,71,SYNTH
2026-04-21 13:44:39.662Z,6.2570,116,SYNTH
2026-04-21 13:44:40.206Z,6.2604,92,SYNTH
2026-04-21 13:44:41.146Z,6.2602,57,SYNTH
2026-04-21 13:44:42.891Z,6.2629,54,SYNTH
2026-04-21 13:44:43.776Z,6.2660,40,SYNTH
2026-04-21 13:44:44.598Z,6.2644,39,SYNTH
2026-04-21 13:44:45.332Z,6.2612,79,SYNTH
2026-04-21 13:44:46.700Z,6.2658,65,SYNTH
2026-04-21 13:44:47.518Z,6.2668,63,SYNTH
2026-04-21 13:44:48.430Z,6.2629,66,SYNTH
2026-04-21 13:44:49.628Z,6.2655,39,SYNTH
2026-04-21 13:44:50.270Z,6.2596,61,SYNTH
2026-04-21 13:44:51.034Z,6.2606,39,SYNTH
2026-04-21 13:44:52.584Z,6.2666,38,SYNTH
2026-04-21 13:44:53.616Z,6.2584,34,SYNTH
2026-04-21 13:44:54.724Z,6.2652,62,SYNTH
2026-04-21 13:44:55.071Z,6.2580,76,SYNTH
2026-04-21 13:44:56.425Z,6.2575,47,SYNTH
2026-04-21 13:44:57.674Z,6.2619,40,SYNTH
2026-04-21 13:44:58.488Z,6.2588,75,SYNTH
2026-04-21 13:44:59.428Z,6.2638,87,SYNTH
2026-04-21 13:49:00.556Z,6.2101,19,SYNTH
2026-04-21 13:49:01.097Z,6.2118,11,SYNTH
2026-04-21 13:49:02.349Z,6.2077,21,SYNTH
2026-04-21 13:49:03.611Z,6.2069,19,SYNTH
2026-04-21 13:49:04.679Z,6.2141,10,SYNTH
2026-04-21 13:49:05.881Z,6.2076,12,SYNTH
2026-04-21 13:49:06.664Z,6.2100,19,SYNTH
2026-04-21 13:49:07.338Z,6.2063,13,SYNTH
2026-04-21 13:49:08.808Z,6.2120,10,SYNTH
2026-04-21 13:49:09.155Z,6.2088,16,SYNTH
2026-04-21 13:49:10.759Z,6.2131,19,SYNTH
2026-04-21 13:49:11.243Z,6.2061,47,SYNTH
2026-04-21 13:49:12.597Z,6.2112,49,SYNTH
2026-04-21 13:49:13.403Z,6.2125,40,SYNTH
2026-04-21 13:49:14.847Z,6.2077,17,SYNTH
2026-04-21 13:49:15.533Z,6.2077,14,SYNTH
2026-04-21 13:49:16.674Z,6.2134,25,SYNTH
2026-04-21 13:49:17.463Z,6.2147,28,SYNTH
2026-04-21 13:49:18.291Z,6.2109,18,SYNTH
2026-04-21 13:49:19.536Z,6.2141,18,SYNTH
2026-04-21 13:49:20.794Z,6.2061,16,SYNTH
2026-04-21 13:49:21.877Z,6.2116,7,SYNTH
2026-04-21 13:49:22.009Z,6.2051,12,SYNTH
2026-04-21 13:49:23.501Z,6.2131,16,SYNTH
2026-04-21 13:49:24.664Z,6.2055,11,SYNTH
2026-04-21 13:49:25.686Z,6.2119,7,SYNTH
2026-04-21 13:49:26.661Z,6.2147,8,SYNTH
2026-04-21 13:49:27.591Z,6.2086,14,SYNTH
2026-04-21 13:49:28.875Z,6.2125,14,SYNTH
2026-04-21 13:49:29.508Z,6.2068,7,SYNTH
2026-04-21 13:49:30.730Z,6.2110,7,SYNTH
2026-04-21 13:49:31.808Z,6.2150,7,SYNTH
2026-04-21 13:49:32.595Z,6.2085,9,SYNTH
2026-04-21 13:49:33.455Z,6.2108,14,SYNTH
2026-04-21 13:49:34.056Z,6.2061,9,SYNTH
2026-04-21 13:49:35.043Z,6.2112,8,SYNTH
2026-04-21 13:49:36.696Z,6.2099,10,SYNTH
2026-04-21 13:49:37.802Z,6.2095,25,SYNTH
2026-04-21 13:49:38.260Z,6.2127,17,SYNTH
2026-04-21 13:49:39.244Z,6.2087,43,SYNTH
2026-04-21 13:49:40.412Z,6.2129,19,SYNTH
2026-04-21 13:49:41.274Z,6.2104,13,SYNTH
2026-04-21 13:49:42.252Z,6.2050,14,SYNTH
2026-04-21 13:49:43.425Z,6.2099,15,SYNTH
2026-04-21 13:49:44.056Z,6.2131,10,SYNTH
2026-04-21 13:49:45.281Z,6.2050,12,SYNTH
2026-04-21 13:49:46.541Z,6.2126,19,SYNTH
2026-04-21 13:49:47.159Z,6.2118,17,SYNTH
2026-04-21 13:49:48.258Z,6.2077,20,SYNTH
2026-04-21 13:49:49.555Z,6.2091,19,SYNTH
2026-04-21 13:49:50.213Z,6.2116,19,SYNTH
2026-04-21 13:49:51.599Z,6.2070,14,SYNTH
2026-04-21 13:49:52.585Z,6.2138,15,SYNTH
2026-04-21 13:49:53.613Z,6.2066,22,SYNTH
2026-04-21 13:49:54.849Z,6.2132,9,SYNTH
2026-04-21 13:49:55.343Z,6.2119,16,SYNTH
2026-04-21 13:49:56.187Z,6.2071,20,SYNTH
2026-04-21 13:49:57.442Z,6.2109,19,SYNTH
2026-04-21 13:49:58.438Z,6.2141,12,SYNTH
2026-04-21 13:49:59.072Z,6.2061,23,SYNTH
2026-04-21 13:50:00.475Z,6.2426,3,SYNTH
2026-04-21 13:50:01.654Z,6.2383,3,SYNTH
2026-04-21 13:50:02.849Z,6.2365,2,SYNTH
2026-04-21 13:50:03.065Z,6.2441,5,SYNTH
2026-04-21 13:50:04.738Z,6.2381,4,SYNTH
2026-04-21 13:50:05.470Z,6.2412,3,SYNTH
2026-04-21 13:50:06.799Z,6.2419,2,SYNTH
2026-04-21 13:50:07.822Z,6.2396,2,SYNTH
2026-04-21 13:50:08.571Z,6.2380,3,SYNTH
2026-04-21 13:50:09.041Z,6.2414,3,SYNTH
2026-04-21 13:50:10.335Z,6.2374,4,SYNTH
2026-04-21 13:50:11.718Z,6.2411,6,SYNTH
2026-04-21 13:50:12.246Z,6.2354,8,SYNTH
2026-04-21 13:50:13.617Z,6.2416,9,SYNTH
2026-04-21 13:50:14.450Z,6.2420,3,SYNTH
2026-04-21 13:50:15.478Z,6.2407,2,SYNTH
2026-04-21 13:50:16.871Z,6.2424,5,SYNTH
2026-04-21 13:50:17.576Z,6.2393,5,SYNTH
2026-04-21 13:50:18.080Z,6.2376,4,SYNTH
2026-04-21 13:50:19.363Z,6.2409,4,SYNTH
2026-04-21 13:50:20.524Z,6.2351,3,SYNTH
2026-04-21 13:50:21.523Z,6.2438,3,SYNTH
2026-04-21 13:50:22.790Z,6.2378,2,SYNTH
2026-04-21 13:50:23.327Z,6.2411,2,SYNTH
2026-04-21 13:50:24.432Z,6.2449,2,SYNTH
2026-04-21 13:50:25.117Z,6.2370,3,SYNTH
2026-04-21 13:50:26.741Z,6.2357,3,SYNTH
2026-04-21 13:50:27.252Z,6.2430,3,SYNTH
2026-04-21 13:50:28.303Z,6.2366,2,SYNTH
2026-04-21 13:50:29.191Z,6.2438,1,SYNTH
2026-04-21 13:50:30.033Z,6.2383,2,SYNTH
2026-04-21 13:50:31.322Z,6.2451,1,SYNTH
2026-04-21 13:50:32.885Z,6.2385,3,SYNTH
2026-04-21 13:50:33.106Z,6.2377,2,SYNTH
2026-04-21 13:50:34.226Z,6.2434,3,SYNTH
2026-04-21 13:50:35.174Z,6.2452,1,SYNTH
2026-04-21 13:50:36.479Z,6.2353,2,SYNTH
2026-04-21 13:50:37.082Z,6.2432,5,SYNTH
2026-04-21 13:50:38.550Z,6.2437,8,SYNTH
2026-04-21 13:50:39.625Z,6.2365,7,SYNTH
2026-04-21 13:50:40.188Z,6.2364,7,SYNTH
2026-04-21 13:50:41.038Z,6.2436,2,SYNTH
2026-04-21 13:50:42.564Z,6.2432,3,SYNTH
2026-04-21 13:50:43.666Z,6.2375,3,SYNTH
2026-04-21 13:50:44.647Z,6.2441,3,SYNTH
2026-04-21 13:50:45.648Z,6.2369,3,SYNTH
2026-04-21 13:50:46.057Z,6.2412,5,SYNTH
2026-04-21 13:50:47.601Z,6.2419,6,SYNTH
2026-04-21 13:50:48.474Z,6.2367,2,SYNTH
2026-04-21 13:50:49.050Z,6.2406,4,SYNTH
2026-04-21 13:50:50.370Z,6.2355,4,SYNTH
2026-04-21 13:50:51.519Z,6.2406,2,SYNTH
2026-04-21 13:50:52.087Z,6.2439,2,SYNTH
2026-04-21 13:50:53.152Z,6.2362,3,SYNTH
2026-04-21 13:50:54.654Z,6.2424,2,SYNTH
2026-04-21 13:50:55.118Z,6.2434,4,SYNTH
2026-04-21 13:50:56.668Z,6.2350,4,SYNTH
2026-04-21 13:50:57.408Z,6.2428,2,SYNTH
2026-04-21 13:50:58.553Z,6.2423,2,SYNTH
2026-04-21 13:50:59.031Z,6.2369,3,SYNTH
2026-04-21 13:51:00.580Z,6.2409,2,SYNTH
2026-04-21 13:51:01.669Z,6.2392,2,SYNTH
2026-04-21 13:51:02.429Z,6.2387,1,SYNTH
2026-04-21 13:51:03.592Z,6.2415,2,SYNTH
2026-04-21 13:51:04.266Z,6.2372,1,SYNTH
2026-04-21 13:51:05.746Z,6.2421,1,SYNTH
2026-04-21 13:51:06.111Z,6.2433,2,SYNTH
2026-04-21 13:51:07.202Z,6.2404,1,SYNTH
2026-04-21 13:51:08.067Z,6.2404,2,SYNTH
2026-04-21 13:51:09.637Z,6.2439,2,SYNTH
2026-04-21 13:51:10.277Z,6.2392,1,SYNTH
2026-04-21 13:51:11.691Z,6.2380,5,SYNTH
2026-04-21 13:51:12.374Z,6.2403,4,SYNTH
2026-04-21 13:51:13.549Z,6.2403,3,SYNTH
2026-04-21 13:51:14.240Z,6.2421,1,SYNTH
2026-04-21 13:51:15.135Z,6.2374,1,SYNTH
2026-04-21 13:51:16.105Z,6.2405,2,SYNTH
2026-04-21 13:51:17.577Z,6.2370,2,SYNTH
2026-04-21 13:51:18.380Z,6.2362,3,SYNTH
2026-04-21 13:51:19.479Z,6.2445,3,SYNTH
2026-04-21 13:51:20.145Z,6.2395,1,SYNTH
2026-04-21 13:51:21.009Z,6.2415,1,SYNTH
2026-04-21 13:51:22.510Z,6.2370,1,SYNTH
2026-04-21 13:51:23.611Z,6.2410,1,SYNTH
2026-04-21 13:51:24.237Z,6.2370,1,SYNTH
2026-04-21 13:51:25.093Z,6.2425,1,SYNTH
2026-04-21 13:51:26.442Z,6.2376,1,SYNTH
2026-04-21 13:51:27.293Z,6.2403,1,SYNTH
2026-04-21 13:51:28.236Z,6.2369,1,SYNTH
2026-04-21 13:51:29.640Z,6.2360,1,SYNTH
2026-04-21 13:51:30.403Z,6.2393,1,SYNTH
2026-04-21 13:51:31.594Z,6.2400,1,SYNTH
2026-04-21 13:51:32.169Z,6.2417,1,SYNTH
2026-04-21 13:51:33.583Z,6.2356,1,SYNTH
2026-04-21 13:51:34.014Z,6.2402,2,SYNTH
2026-04-21 13:51:35.042Z,6.2434,1,SYNTH
2026-04-21 13:51:36.617Z,6.2442,1,SYNTH
2026-04-21 13:51:37.716Z,6.2364,2,SYNTH
2026-04-21 13:51:38.600Z,6.2366,3,SYNTH
2026-04-21 13:51:39.873Z,6.2428,4,SYNTH
2026-04-21 13:51:40.208Z,6.2366,4,SYNTH
2026-04-21 13:51:41.304Z,6.2398,1,SYNTH
2026-04-21 13:51:42.354Z,6.2409,1,SYNTH
2026-04-21 13:51:43.082Z,6.2406,2,SYNTH
2026-04-21 13:51:44.648Z,6.2361,2,SYNTH
2026-04-21 13:51:45.421Z,6.2443,2,SYNTH
2026-04-21 13:51:46.243Z,6.2382,2,SYNTH
2026-04-21 13:51:47.557Z,6.2369,2,SYNTH
2026-04-21 13:51:48.544Z,6.2431,1,SYNTH
2026-04-21 13:51:49.048Z,6.2395,2,SYNTH
2026-04-21 13:51:50.857Z,6.2368,2,SYNTH
2026-04-21 13:51:51.790Z,6.2377,1,SYNTH
2026-04-21 13:51:52.157Z,6.2418,1,SYNTH
2026-04-21 13:51:53.343Z,6.2432,1,SYNTH
2026-04-21 13:51:54.071Z,6.2383,2,SYNTH
2026-04-21 13:51:55.812Z,6.2429,1,SYNTH
2026-04-21 13:51:56.166Z,6.2418,2,SYNTH
2026-04-21 13:51:57.561Z,6.2450,1,SYNTH
2026-04-21 13:51:58.142Z,6.2361,2,SYNTH
2026-04-21 13:51:59.370Z,6.2418,2,SYNTH
2026-04-21 13:52:00.035Z,6.2417,4,SYNTH
2026-04-21 13:52:01.281Z,6.2358,2,SYNTH
2026-04-21 13:52:02.574Z,6.2428,4,SYNTH
2026-04-21 13:52:03.795Z,6.2428,2,SYNTH
2026-04-21 13:52:04.227Z,6.2348,3,SYNTH
2026-04-21 13:52:05.788Z,6.2409,3,SYNTH
2026-04-21 13:52:06.740Z,6.2383,4,SYNTH
2026-04-21 13:52:07.659Z,6.2415,2,SYNTH
2026-04-21 13:52:08.013Z,6.2375,3,SYNTH
2026-04-21 13:52:09.183Z,6.2375,4,SYNTH
2026-04-21 13:52:10.551Z,6.2435,3,SYNTH
2026-04-21 13:52:11.890Z,6.2408,5,SYNTH
2026-04-21 13:52:12.187Z,6.2392,8,SYNTH
2026-04-21 13:52:13.719Z,6.2433,9,SYNTH
2026-04-21 13:52:14.866Z,6.2429,3,SYNTH
2026-04-21 13:52:15.598Z,6.2365,3,SYNTH
2026-04-21 13:52:16.254Z,6.2443,3,SYNTH
2026-04-21 13:52:17.483Z,6.2385,4,SYNTH
2026-04-21 13:52:18.284Z,6.2392,6,SYNTH
2026-04-21 13:52:19.378Z,6.2386,4,SYNTH
2026-04-21 13:52:20.746Z,6.2417,3,SYNTH
2026-04-21 13:52:21.829Z,6.2442,2,SYNTH
2026-04-21 13:52:22.351Z,6.2424,3,SYNTH
2026-04-21 13:52:23.545Z,6.2371,3,SYNTH
2026-04-21 13:52:24.682Z,6.2432,2,SYNTH
2026-04-21 13:52:25.231Z,6.2360,3,SYNTH
2026-04-21 13:52:26.466Z,6.2420,2,SYNTH
2026-04-21 13:52:27.316Z,6.2421,2,SYNTH
2026-04-21 13:52:28.835Z,6.2365,2,SYNTH
2026-04-21 13:52:29.792Z,6.2432,2,SYNTH
2026-04-21 13:52:30.772Z,6.2426,3,SYNTH
2026-04-21 13:52:31.076Z,6.2384,2,SYNTH
2026-04-21 13:52:32.528Z,6.2365,2,SYNTH
2026-04-21 13:52:33.207Z,6.2435,2,SYNTH
2026-04-21 13:52:34.741Z,6.2418,3,SYNTH
2026-04-21 13:52:35.315Z,6.2376,3,SYNTH
2026-04-21 13:52:36.016Z,6.2417,2,SYNTH
2026-04-21 13:52:37.096Z,6.2394,4,SYNTH
2026-04-21 13:52:38.379Z,6.2438,4,SYNTH
2026-04-21 13:52:39.102Z,6.2369,7,SYNTH
2026-04-21 13:52:40.164Z,6.2386,7,SYNTH
2026-04-21 13:52:41.046Z,6.2424,2,SYNTH
2026-04-21 13:52:42.269Z,6.2383,3,SYNTH
2026-04-21 13:52:43.767Z,6.2401,2,SYNTH
2026-04-21 13:52:44.715Z,6.2360,2,SYNTH
2026-04-21 13:52:45.343Z,6.2359,4,SYNTH
2026-04-21 13:52:46.897Z,6.2434,3,SYNTH
2026-04-21 13:52:47.062Z,6.2384,5,SYNTH
2026-04-21 13:52:48.689Z,6.2367,4,SYNTH
2026-04-21 13:52:49.496Z,6.2410,3,SYNTH
2026-04-21 13:52:50.570Z,6.2410,4,SYNTH
2026-04-21 13:52:51.337Z,6.2371,4,SYNTH
2026-04-21 13:52:52.677Z,6.2401,2,SYNTH
2026-04-21 13:52:53.319Z,6.2360,2,SYNTH
2026-04-21 13:52:54.416Z,6.2423,3,SYNTH
2026-04-21 13:52:55.153Z,6.2440,2,SYNTH
2026-04-21 13:52:56.318Z,6.2362,4,SYNTH
2026-04-21 13:52:57.773Z,6.2426,3,SYNTH
2026-04-21 13:52:58.836Z,6.2451,2,SYNTH
2026-04-21 13:52:59.848Z,6.2395,3,SYNTH
2026-04-21 13:56:00.020Z,6.2329,15,SYNTH
2026-04-21 13:56:01.716Z,6.2306,18,SYNTH
2026-04-21 13:56:02.145Z,6.2275,14,SYNTH
2026-04-21 13:56:03.485Z,6.2269,16,SYNTH
2026-04-21 13:56:04.146Z,6.2338,16,SYNTH
2026-04-21 13:56:05.114Z,6.2289,12,SYNTH
2026-04-21 13:56:06.077Z,6.2321,8,SYNTH
2026-04-21 13:56:07.612Z,6.2277,8,SYNTH
2026-04-21 13:56:08.354Z,6.2339,6,SYNTH
2026-04-21 13:56:09.427Z,6.2327,14,SYNTH
2026-04-21 13:56:10.055Z,6.2344,13,SYNTH
2026-04-21 13:56:11.358Z,6.2293,35,SYNTH
2026-04-21 13:56:12.402Z,6.2309,34,SYNTH
2026-04-21 13:56:13.396Z,6.2284,34,SYNTH
2026-04-21 13:56:14.631Z,6.2312,10,SYNTH
2026-04-21 13:56:15.892Z,6.2333,7,SYNTH
2026-04-21 13:56:16.727Z,6.2259,12,SYNTH
2026-04-21 13:56:17.435Z,6.2321,19,SYNTH
2026-04-21 13:56:18.459Z,6.2248,21,SYNTH
2026-04-21 13:56:19.514Z,6.2326,19,SYNTH
2026-04-21 13:56:20.524Z,6.2327,9,SYNTH
2026-04-21 13:56:21.599Z,6.2320,9,SYNTH
2026-04-21 13:56:22.526Z,6.2275,7,SYNTH
2026-04-21 13:56:23.477Z,6.2282,9,SYNTH
2026-04-21 13:56:24.303Z,6.2259,7,SYNTH
2026-04-21 13:56:25.321Z,6.2246,8,SYNTH
2026-04-21 13:56:26.274Z,6.2336,5,SYNTH
2026-04-21 13:56:27.838Z,6.2278,10,SYNTH
2026-04-21 13:56:28.209Z,6.2316,6,SYNTH
2026-04-21 13:56:29.595Z,6.2340,7,SYNTH
2026-04-21 13:56:30.233Z,6.2331,6,SYNTH
2026-04-21 13:56:31.704Z,6.2316,8,SYNTH
2026-04-21 13:56:32.595Z,6.2294,6,SYNTH
2026-04-21 13:56:33.341Z,6.2283,5,SYNTH
2026-04-21 13:56:34.514Z,6.2336,9,SYNTH
2026-04-21 13:56:35.705Z,6.2323,5,SYNTH
2026-04-21 13:56:36.638Z,6.2286,6,SYNTH
2026-04-21 13:56:37.502Z,6.2261,25,SYNTH
2026-04-21 13:56:38.874Z,6.2327,21,SYNTH
2026-04-21 13:56:39.508Z,6.2282,15,SYNTH
2026-04-21 13:56:40.481Z,6.2338,29,SYNTH
2026-04-21 13:56:41.840Z,6.2289,12,SYNTH
2026-04-21 13:56:42.377Z,6.2285,8,SYNTH
2026-04-21 13:56:43.878Z,6.2317,10,SYNTH
2026-04-21 13:56:44.158Z,6.2272,12,SYNTH
2026-04-21 13:56:45.875Z,6.2253,13,SYNTH
2026-04-21 13:56:46.648Z,6.2319,18,SYNTH
2026-04-21 13:56:47.657Z,6.2325,19,SYNTH
2026-04-21 13:56:48.723Z,6.2302,13,SYNTH
2026-04-21 13:56:49.436Z,6.2321,9,SYNTH
2026-04-21 13:56:50.690Z,6.2264,10,SYNTH
2026-04-21 13:56:51.784Z,6.2320,10,SYNTH
2026-04-21 13:56:52.713Z,6.2334,14,SYNTH
2026-04-21 13:56:53.649Z,6.2272,8,SYNTH
2026-04-21 13:56:54.520Z,6.2264,11,SYNTH
2026-04-21 13:56:55.472Z,6.2321,12,SYNTH
2026-04-21 13:56:56.872Z,6.2269,12,SYNTH
2026-04-21 13:56:57.047Z,6.2312,11,SYNTH
2026-04-21 13:56:58.606Z,6.2280,11,SYNTH
2026-04-21 13:56:59.794Z,6.2314,16,SYNTH
2026-04-21 13:59:00.429Z,6.2406,30,SYNTH
2026-04-21 13:59:01.762Z,6.2363,52,SYNTH
2026-04-21 13:59:02.218Z,6.2440,49,SYNTH
2026-04-21 13:59:03.113Z,6.2382,48,SYNTH
2026-04-21 13:59:04.816Z,6.2441,34,SYNTH
2026-04-21 13:59:05.782Z,6.2468,43,SYNTH
2026-04-21 13:59:06.336Z,6.2394,25,SYNTH
2026-04-21 13:59:07.598Z,6.2380,38,SYNTH
2026-04-21 13:59:08.587Z,6.2455,45,SYNTH
2026-04-21 13:59:09.148Z,6.2474,32,SYNTH
2026-04-21 13:59:10.282Z,6.2476,26,SYNTH
2026-04-21 13:59:11.857Z,6.2501,89,SYNTH
2026-04-21 13:59:12.810Z,6.2399,102,SYNTH
2026-04-21 13:59:13.426Z,6.2495,70,SYNTH
2026-04-21 13:59:14.285Z,6.2412,41,SYNTH
2026-04-21 13:59:15.880Z,6.2450,34,SYNTH
2026-04-21 13:59:16.109Z,6.2398,31,SYNTH
2026-04-21 13:59:17.320Z,6.2391,44,SYNTH
2026-04-21 13:59:18.175Z,6.2439,65,SYNTH
2026-04-21 13:59:19.673Z,6.2414,51,SYNTH
2026-04-21 13:59:20.386Z,6.2472,28,SYNTH
2026-04-21 13:59:21.308Z,6.2401,23,SYNTH
2026-04-21 13:59:22.274Z,6.2459,30,SYNTH
2026-04-21 13:59:23.031Z,6.2389,32,SYNTH
2026-04-21 13:59:24.658Z,6.2415,30,SYNTH
2026-04-21 13:59:25.793Z,6.2349,21,SYNTH
2026-04-21 13:59:26.428Z,6.2340,36,SYNTH
2026-04-21 13:59:27.819Z,6.2332,30,SYNTH
2026-04-21 13:59:28.658Z,6.2331,27,SYNTH
2026-04-21 13:59:29.416Z,6.2356,35,SYNTH
2026-04-21 13:59:30.489Z,6.2284,26,SYNTH
2026-04-21 13:59:31.887Z,6.2348,15,SYNTH
2026-04-21 13:59:32.583Z,6.2277,23,SYNTH
2026-04-21 13:59:33.410Z,6.2277,31,SYNTH
2026-04-21 13:59:34.564Z,6.2265,23,SYNTH
2026-04-21 13:59:35.137Z,6.2211,20,SYNTH
2026-04-21 13:59:36.795Z,6.2277,32,SYNTH
2026-04-21 13:59:37.338Z,6.2286,82,SYNTH
2026-04-21 13:59:38.378Z,6.2236,45,SYNTH
2026-04-21 13:59:39.728Z,6.2235,41,SYNTH
2026-04-21 13:59:40.866Z,6.2292,82,SYNTH
2026-04-21 13:59:41.464Z,6.2283,27,SYNTH
2026-04-21 13:59:42.071Z,6.2243,28,SYNTH
2026-04-21 13:59:43.304Z,6.2289,34,SYNTH
2026-04-21 13:59:44.044Z,6.2246,38,SYNTH
2026-04-21 13:59:45.137Z,6.2250,46,SYNTH
2026-04-21 13:59:46.759Z,6.2264,55,SYNTH
2026-04-21 13:59:47.322Z,6.2273,47,SYNTH
2026-04-21 13:59:48.868Z,6.2234,42,SYNTH
2026-04-21 13:59:49.219Z,6.2283,37,SYNTH
2026-04-21 13:59:50.861Z,6.2288,46,SYNTH
2026-04-21 13:59:51.705Z,6.2227,32,SYNTH
2026-04-21 13:59:52.500Z,6.2285,40,SYNTH
2026-04-21 13:59:53.057Z,6.2293,38,SYNTH
2026-04-21 13:59:54.640Z,6.2245,40,SYNTH
2026-04-21 13:59:55.572Z,6.2263,28,SYNTH
2026-04-21 13:59:56.661Z,6.2269,38,SYNTH
2026-04-21 13:59:57.643Z,6.2293,25,SYNTH
2026-04-21 13:59:58.254Z,6.2233,44,SYNTH
2026-04-21 13:59:59.279Z,6.2284,52,SYNTH
2026-04-21 14:00:00.729Z,6.2276,249,SYNTH
2026-04-21 14:00:01.815Z,6.2235,163,SYNTH
2026-04-21 14:00:02.810Z,6.2265,221,SYNTH
2026-04-21 14:00:03.129Z,6.2297,226,SYNTH
2026-04-21 14:00:04.062Z,6.2227,224,SYNTH
2026-04-21 14:00:05.706Z,6.2303,303,SYNTH
2026-04-21 14:00:06.717Z,6.2228,291,SYNTH
2026-04-21 14:00:07.300Z,6.2242,216,SYNTH
2026-04-21 14:00:08.738Z,6.2206,266,SYNTH
2026-04-21 14:00:09.329Z,6.2282,218,SYNTH
2026-04-21 14:00:10.006Z,6.2214,170,SYNTH
2026-04-21 14:00:11.585Z,6.2283,357,SYNTH
2026-04-21 14:00:12.071Z,6.2222,668,SYNTH
2026-04-21 14:00:13.187Z,6.2226,657,SYNTH
2026-04-21 14:00:14.667Z,6.2198,140,SYNTH
2026-04-21 14:00:15.892Z,6.2280,218,SYNTH
2026-04-21 14:00:16.352Z,6.2230,214,SYNTH
2026-04-21 14:00:17.650Z,6.2237,323,SYNTH
2026-04-21 14:00:18.346Z,6.2214,434,SYNTH
2026-04-21 14:00:19.105Z,6.2266,384,SYNTH
2026-04-21 14:00:20.349Z,6.2216,184,SYNTH
2026-04-21 14:00:21.676Z,6.2179,105,SYNTH
2026-04-21 14:00:22.053Z,6.2174,196,SYNTH
2026-04-21 14:00:23.327Z,6.2129,204,SYNTH
2026-04-21 14:00:24.899Z,6.2090,171,SYNTH
2026-04-21 14:00:25.051Z,6.2062,135,SYNTH
2026-04-21 14:00:26.399Z,6.2002,202,SYNTH
2026-04-21 14:00:27.618Z,6.1942,96,SYNTH
2026-04-21 14:00:28.432Z,6.1882,170,SYNTH
2026-04-21 14:00:29.356Z,6.1869,121,SYNTH
2026-04-21 14:00:30.592Z,6.1808,188,SYNTH
2026-04-21 14:00:31.400Z,6.1767,163,SYNTH
2026-04-21 14:00:32.862Z,6.1727,116,SYNTH
2026-04-21 14:00:33.363Z,6.1661,127,SYNTH
2026-04-21 14:00:34.137Z,6.1636,178,SYNTH
2026-04-21 14:00:35.233Z,6.1632,136,SYNTH
2026-04-21 14:00:36.813Z,6.1586,110,SYNTH
2026-04-21 14:00:37.883Z,6.1571,310,SYNTH
2026-04-21 14:00:38.778Z,6.1638,448,SYNTH
2026-04-21 14:00:39.473Z,6.1570,302,SYNTH
2026-04-21 14:00:40.557Z,6.1659,435,SYNTH
2026-04-21 14:00:41.487Z,6.1584,141,SYNTH
2026-04-21 14:00:42.043Z,6.1664,106,SYNTH
2026-04-21 14:00:43.862Z,6.1677,122,SYNTH
2026-04-21 14:00:44.290Z,6.1674,216,SYNTH
2026-04-21 14:00:45.489Z,6.1700,293,SYNTH
2026-04-21 14:00:46.564Z,6.1658,191,SYNTH
2026-04-21 14:00:47.259Z,6.1675,347,SYNTH
2026-04-21 14:00:48.063Z,6.1690,199,SYNTH
2026-04-21 14:00:49.270Z,6.1664,200,SYNTH
2026-04-21 14:00:50.506Z,6.1636,267,SYNTH
2026-04-21 14:00:51.487Z,6.1644,263,SYNTH
2026-04-21 14:00:52.276Z,6.1629,246,SYNTH
2026-04-21 14:00:53.833Z,6.1671,243,SYNTH
2026-04-21 14:00:54.492Z,6.1599,233,SYNTH
2026-04-21 14:00:55.436Z,6.1641,134,SYNTH
2026-04-21 14:00:56.507Z,6.1595,238,SYNTH
2026-04-21 14:00:57.308Z,6.1631,311,SYNTH
2026-04-21 14:00:58.713Z,6.1585,315,SYNTH
2026-04-21 14:00:59.600Z,6.1607,313,SYNTH
2026-04-21 14:01:00.530Z,6.1754,32,SYNTH
2026-04-21 14:01:01.174Z,6.1734,35,SYNTH
2026-04-21 14:01:02.309Z,6.1710,42,SYNTH
2026-04-21 14:01:03.247Z,6.1717,39,SYNTH
2026-04-21 14:01:04.025Z,6.1681,26,SYNTH
2026-04-21 14:01:05.862Z,6.1652,37,SYNTH
2026-04-21 14:01:06.639Z,6.1649,36,SYNTH
2026-04-21 14:01:07.813Z,6.1627,30,SYNTH
2026-04-21 14:01:08.792Z,6.1605,37,SYNTH
2026-04-21 14:01:09.363Z,6.1633,21,SYNTH
2026-04-21 14:01:10.062Z,6.1612,31,SYNTH
2026-04-21 14:01:11.643Z,6.1576,87,SYNTH
2026-04-21 14:01:12.334Z,6.1575,73,SYNTH
2026-04-21 14:01:13.581Z,6.1647,84,SYNTH
2026-04-21 14:01:14.689Z,6.1606,32,SYNTH
2026-04-21 14:01:15.773Z,6.1654,27,SYNTH
2026-04-21 14:01:16.371Z,6.1674,53,SYNTH
2026-04-21 14:01:17.489Z,6.1650,47,SYNTH
2026-04-21 14:01:18.546Z,6.1607,26,SYNTH
2026-04-21 14:01:19.743Z,6.1659,32,SYNTH
2026-04-21 14:01:20.860Z,6.1635,25,SYNTH
2026-04-21 14:01:21.170Z,6.1691,30,SYNTH
2026-04-21 14:01:22.583Z,6.1624,23,SYNTH
2026-04-21 14:01:23.638Z,6.1709,22,SYNTH
2026-04-21 14:01:24.622Z,6.1734,15,SYNTH
2026-04-21 14:01:25.632Z,6.1732,26,SYNTH
2026-04-21 14:01:26.305Z,6.1795,23,SYNTH
2026-04-21 14:01:27.025Z,6.1806,22,SYNTH
2026-04-21 14:01:28.009Z,6.1822,29,SYNTH
2026-04-21 14:01:29.358Z,6.1867,21,SYNTH
2026-04-21 14:01:30.044Z,6.1899,24,SYNTH
2026-04-21 14:01:31.594Z,6.1928,15,SYNTH
2026-04-21 14:01:32.469Z,6.1928,14,SYNTH
2026-04-21 14:01:33.257Z,6.1930,23,SYNTH
2026-04-21 14:01:34.683Z,6.1954,13,SYNTH
2026-04-21 14:01:35.260Z,6.2009,18,SYNTH
2026-04-21 14:01:36.659Z,6.2023,26,SYNTH
2026-04-21 14:01:37.155Z,6.1980,76,SYNTH
2026-04-21 14:01:38.221Z,6.2001,61,SYNTH
2026-04-21 14:01:39.294Z,6.2039,77,SYNTH
2026-04-21 14:01:40.166Z,6.1994,55,SYNTH
2026-04-21 14:01:41.216Z,6.1976,23,SYNTH
2026-04-21 14:01:42.419Z,6.1998,15,SYNTH
2026-04-21 14:01:43.136Z,6.1985,32,SYNTH
2026-04-21 14:01:44.053Z,6.1970,14,SYNTH
2026-04-21 14:01:45.550Z,6.1920,32,SYNTH
2026-04-21 14:01:46.152Z,6.1933,51,SYNTH
2026-04-21 14:01:47.522Z,6.1982,44,SYNTH
2026-04-21 14:01:48.120Z,6.2005,35,SYNTH
2026-04-21 14:01:49.299Z,6.1947,19,SYNTH
2026-04-21 14:01:50.394Z,6.1983,29,SYNTH
2026-04-21 14:01:51.534Z,6.2013,22,SYNTH
2026-04-21 14:01:52.757Z,6.1959,30,SYNTH
2026-04-21 14:01:53.209Z,6.2015,26,SYNTH
2026-04-21 14:01:54.223Z,6.2001,39,SYNTH
2026-04-21 14:01:55.492Z,6.1961,28,SYNTH
2026-04-21 14:01:56.141Z,6.2037,27,SYNTH
2026-04-21 14:01:57.723Z,6.1971,31,SYNTH
2026-04-21 14:01:58.189Z,6.1989,33,SYNTH
2026-04-21 14:01:59.189Z,6.2037,24,SYNTH
2026-04-21 14:02:00.678Z,6.1716,78,SYNTH
2026-04-21 14:02:01.365Z,6.1672,52,SYNTH
2026-04-21 14:02:02.505Z,6.1726,55,SYNTH
2026-04-21 14:02:03.505Z,6.1671,80,SYNTH
2026-04-21 14:02:04.488Z,6.1715,64,SYNTH
2026-04-21 14:02:05.222Z,6.1693,95,SYNTH
2026-04-21 14:02:06.254Z,6.1722,64,SYNTH
2026-04-21 14:02:07.874Z,6.1749,38,SYNTH
2026-04-21 14:02:08.253Z,6.1696,41,SYNTH
2026-04-21 14:02:09.593Z,6.1684,69,SYNTH
2026-04-21 14:02:10.259Z,6.1707,56,SYNTH
2026-04-21 14:02:11.453Z,6.1667,163,SYNTH
2026-04-21 14:02:12.832Z,6.1746,163,SYNTH
2026-04-21 14:02:13.576Z,6.1691,111,SYNTH
2026-04-21 14:02:14.076Z,6.1669,33,SYNTH
2026-04-21 14:02:15.853Z,6.1661,56,SYNTH
2026-04-21 14:02:16.459Z,6.1658,87,SYNTH
2026-04-21 14:02:17.368Z,6.1725,103,SYNTH
2026-04-21 14:02:18.001Z,6.1743,69,SYNTH
2026-04-21 14:02:19.357Z,6.1721,128,SYNTH
2026-04-21 14:02:20.810Z,6.1730,53,SYNTH
2026-04-21 14:02:21.848Z,6.1712,37,SYNTH
2026-04-21 14:02:22.150Z,6.1754,71,SYNTH
2026-04-21 14:02:23.517Z,6.1793,67,SYNTH
2026-04-21 14:02:24.025Z,6.1821,67,SYNTH
2026-04-21 14:02:25.143Z,6.1840,46,SYNTH
2026-04-21 14:02:26.275Z,6.1860,57,SYNTH
2026-04-21 14:02:27.641Z,6.1898,37,SYNTH
2026-04-21 14:02:28.592Z,6.1890,31,SYNTH
2026-04-21 14:02:29.459Z,6.1959,37,SYNTH
2026-04-21 14:02:30.714Z,6.1954,28,SYNTH
2026-04-21 14:02:31.307Z,6.1982,46,SYNTH
2026-04-21 14:02:32.818Z,6.2040,51,SYNTH
2026-04-21 14:02:33.084Z,6.2043,61,SYNTH
2026-04-21 14:02:34.248Z,6.2096,47,SYNTH
2026-04-21 14:02:35.812Z,6.2051,48,SYNTH
2026-04-21 14:02:36.010Z,6.2082,53,SYNTH
2026-04-21 14:02:37.197Z,6.2114,110,SYNTH
2026-04-21 14:02:38.844Z,6.2134,94,SYNTH
2026-04-21 14:02:39.592Z,6.2065,118,SYNTH
2026-04-21 14:02:40.412Z,6.2113,104,SYNTH
2026-04-21 14:02:41.234Z,6.2031,74,SYNTH
2026-04-21 14:02:42.547Z,6.2012,61,SYNTH
2026-04-21 14:02:43.456Z,6.2049,32,SYNTH
2026-04-21 14:02:44.809Z,6.2024,45,SYNTH
2026-04-21 14:02:45.568Z,6.1990,67,SYNTH
2026-04-21 14:02:46.044Z,6.2013,116,SYNTH
2026-04-21 14:02:47.628Z,6.1973,71,SYNTH
2026-04-21 14:02:48.701Z,6.1960,73,SYNTH
2026-04-21 14:02:49.014Z,6.1969,59,SYNTH
2026-04-21 14:02:50.634Z,6.1913,67,SYNTH
2026-04-21 14:02:51.193Z,6.1897,54,SYNTH
2026-04-21 14:02:52.475Z,6.1872,48,SYNTH
2026-04-21 14:02:53.246Z,6.1800,66,SYNTH
2026-04-21 14:02:54.001Z,6.1780,89,SYNTH
2026-04-21 14:02:55.076Z,6.1743,88,SYNTH
2026-04-21 14:02:56.655Z,6.1702,66,SYNTH
2026-04-21 14:02:57.847Z,6.1679,91,SYNTH
2026-04-21 14:02:58.649Z,6.1669,80,SYNTH
2026-04-21 14:02:59.790Z,6.1661,46,SYNTH
2026-04-21 14:03:00.420Z,6.1730,39,SYNTH
2026-04-21 14:03:01.029Z,6.1732,41,SYNTH
2026-04-21 14:03:02.013Z,6.1679,23,SYNTH
2026-04-21 14:03:03.389Z,6.1739,24,SYNTH
2026-04-21 14:03:04.511Z,6.1744,30,SYNTH
2026-04-21 14:03:05.178Z,6.1738,28,SYNTH
2026-04-21 14:03:06.198Z,6.1765,33,SYNTH
2026-04-21 14:03:07.251Z,6.1748,30,SYNTH
2026-04-21 14:03:08.544Z,6.1801,18,SYNTH
2026-04-21 14:03:09.066Z,6.1783,30,SYNTH
2026-04-21 14:03:10.570Z,6.1803,33,SYNTH
2026-04-21 14:03:11.192Z,6.1813,78,SYNTH
2026-04-21 14:03:12.213Z,6.1782,45,SYNTH
2026-04-21 14:03:13.530Z,6.1848,72,SYNTH
2026-04-21 14:03:14.793Z,6.1772,22,SYNTH
2026-04-21 14:03:15.013Z,6.1759,30,SYNTH
2026-04-21 14:03:16.041Z,6.1729,38,SYNTH
2026-04-21 14:03:17.637Z,6.1801,51,SYNTH
2026-04-21 14:03:18.472Z,6.1750,35,SYNTH
2026-04-21 14:03:19.429Z,6.1729,37,SYNTH
2026-04-21 14:03:20.572Z,6.1722,24,SYNTH
2026-04-21 14:03:21.239Z,6.1781,17,SYNTH
2026-04-21 14:03:22.297Z,6.1736,21,SYNTH
2026-04-21 14:03:23.340Z,6.1703,21,SYNTH
2026-04-21 14:03:24.540Z,6.1669,12,SYNTH
2026-04-21 14:03:25.460Z,6.1636,22,SYNTH
2026-04-21 14:03:26.614Z,6.1660,22,SYNTH
2026-04-21 14:03:27.628Z,6.1629,23,SYNTH
2026-04-21 14:03:28.617Z,6.1588,25,SYNTH
2026-04-21 14:03:29.205Z,6.1540,25,SYNTH
2026-04-21 14:03:30.588Z,6.1559,11,SYNTH
2026-04-21 14:03:31.235Z,6.1512,23,SYNTH
2026-04-21 14:03:32.381Z,6.1508,26,SYNTH
2026-04-21 14:03:33.818Z,6.1482,18,SYNTH
2026-04-21 14:03:34.569Z,6.1525,20,SYNTH
2026-04-21 14:03:35.453Z,6.1424,20,SYNTH
2026-04-21 14:03:36.870Z,6.1458,21,SYNTH
2026-04-21 14:03:37.542Z,6.1422,58,SYNTH
2026-04-21 14:03:38.547Z,6.1421,29,SYNTH
2026-04-21 14:03:39.676Z,6.1400,59,SYNTH
2026-04-21 14:03:40.745Z,6.1470,72,SYNTH
2026-04-21 14:03:41.587Z,6.1457,16,SYNTH
2026-04-21 14:03:42.675Z,6.1463,13,SYNTH
2026-04-21 14:03:43.020Z,6.1501,21,SYNTH
2026-04-21 14:03:44.101Z,6.1462,24,SYNTH
2026-04-21 14:03:45.258Z,6.1462,28,SYNTH
2026-04-21 14:03:46.729Z,6.1521,39,SYNTH
2026-04-21 14:03:47.415Z,6.1468,40,SYNTH
2026-04-21 14:03:48.292Z,6.1432,18,SYNTH
2026-04-21 14:03:49.205Z,6.1455,31,SYNTH
2026-04-21 14:03:50.270Z,6.1492,23,SYNTH
2026-04-21 14:03:51.160Z,6.1445,30,SYNTH
2026-04-21 14:03:52.752Z,6.1489,30,SYNTH
2026-04-21 14:03:53.369Z,6.1447,36,SYNTH
2026-04-21 14:03:54.439Z,6.1424,24,SYNTH
2026-04-21 14:03:55.869Z,6.1501,28,SYNTH
2026-04-21 14:03:56.173Z,6.1428,33,SYNTH
2026-04-21 14:03:57.583Z,6.1488,23,SYNTH
2026-04-21 14:03:58.281Z,6.1443,38,SYNTH
2026-04-21 14:03:59.412Z,6.1458,35,SYNTH
2026-04-21 14:05:00.498Z,6.1826,30,SYNTH
2026-04-21 14:05:01.028Z,6.1816,21,SYNTH
2026-04-21 14:05:02.365Z,6.1756,39,SYNTH
2026-04-21 14:05:03.842Z,6.1786,28,SYNTH
2026-04-21 14:05:04.789Z,6.1821,25,SYNTH
2026-04-21 14:05:05.022Z,6.1803,29,SYNTH
2026-04-21 14:05:06.536Z,6.1846,33,SYNTH
2026-04-21 14:05:07.232Z,6.1791,26,SYNTH
2026-04-21 14:05:08.626Z,6.1763,34,SYNTH
2026-04-21 14:05:09.445Z,6.1842,29,SYNTH
2026-04-21 14:05:10.652Z,6.1837,25,SYNTH
2026-04-21 14:05:11.687Z,6.1806,42,SYNTH
2026-04-21 14:05:12.706Z,6.1765,79,SYNTH
2026-04-21 14:05:13.080Z,6.1773,47,SYNTH
2026-04-21 14:05:14.377Z,6.1827,27,SYNTH
2026-04-21 14:05:15.042Z,6.1788,25,SYNTH
2026-04-21 14:05:16.673Z,6.1794,39,SYNTH
2026-04-21 14:05:17.293Z,6.1835,23,SYNTH
2026-04-21 14:05:18.125Z,6.1786,52,SYNTH
2026-04-21 14:05:19.064Z,6.1815,52,SYNTH
2026-04-21 14:05:20.276Z,6.1829,22,SYNTH
2026-04-21 14:05:21.227Z,6.1833,16,SYNTH
2026-04-21 14:05:22.490Z,6.1867,17,SYNTH
2026-04-21 14:05:23.645Z,6.1892,28,SYNTH
2026-04-21 14:05:24.120Z,6.1914,23,SYNTH
2026-04-21 14:05:25.019Z,6.1924,29,SYNTH
2026-04-21 14:05:26.424Z,6.1954,28,SYNTH
2026-04-21 14:05:27.655Z,6.2002,19,SYNTH
2026-04-21 14:05:28.135Z,6.2032,24,SYNTH
2026-04-21 14:05:29.123Z,6.2045,25,SYNTH
2026-04-21 14:05:30.852Z,6.2079,27,SYNTH
2026-04-21 14:05:31.886Z,6.2109,23,SYNTH
2026-04-21 14:05:32.276Z,6.2145,28,SYNTH
2026-04-21 14:05:33.622Z,6.2147,28,SYNTH
2026-04-21 14:05:34.434Z,6.2169,23,SYNTH
2026-04-21 14:05:35.298Z,6.2184,18,SYNTH
2026-04-21 14:05:36.292Z,6.2198,21,SYNTH
2026-04-21 14:05:37.842Z,6.2181,41,SYNTH
2026-04-21 14:05:38.262Z,6.2159,37,SYNTH
2026-04-21 14:05:39.609Z,6.2232,55,SYNTH
2026-04-21 14:05:40.559Z,6.2181,70,SYNTH
2026-04-21 14:05:41.114Z,6.2203,25,SYNTH
2026-04-21 14:05:42.211Z,6.2160,25,SYNTH
2026-04-21 14:05:43.563Z,6.2203,21,SYNTH
2026-04-21 14:05:44.897Z,6.2145,23,SYNTH
2026-04-21 14:05:45.361Z,6.2170,40,SYNTH
2026-04-21 14:05:46.183Z,6.2125,51,SYNTH
2026-04-21 14:05:47.599Z,6.2129,36,SYNTH
2026-04-21 14:05:48.446Z,6.2114,30,SYNTH
2026-04-21 14:05:49.566Z,6.2154,30,SYNTH
2026-04-21 14:05:50.441Z,6.2130,19,SYNTH
2026-04-21 14:05:51.746Z,6.2096,21,SYNTH
2026-04-21 14:05:52.803Z,6.2103,26,SYNTH
2026-04-21 14:05:53.283Z,6.2118,20,SYNTH
2026-04-21 14:05:54.221Z,6.2053,39,SYNTH
2026-04-21 14:05:55.527Z,6.2119,30,SYNTH
2026-04-21 14:05:56.745Z,6.2050,25,SYNTH
2026-04-21 14:05:57.023Z,6.2047,23,SYNTH
2026-04-21 14:05:58.249Z,6.2086,29,SYNTH
2026-04-21 14:05:59.579Z,6.2050,44,SYNTH
2026-04-21 14:08:00.187Z,6.2109,5,SYNTH
2026-04-21 14:08:01.216Z,6.2138,4,SYNTH
2026-04-21 14:08:02.664Z,6.2147,4,SYNTH
2026-04-21 14:08:03.412Z,6.2110,7,SYNTH
2026-04-21 14:08:04.664Z,6.2071,4,SYNTH
2026-04-21 14:08:05.444Z,6.2089,5,SYNTH
2026-04-21 14:08:06.180Z,6.2150,4,SYNTH
2026-04-21 14:08:07.125Z,6.2068,6,SYNTH
2026-04-21 14:08:08.343Z,6.2148,4,SYNTH
2026-04-21 14:08:09.380Z,6.2068,6,SYNTH
2026-04-21 14:08:10.079Z,6.2136,3,SYNTH
2026-04-21 14:08:11.614Z,6.2072,8,SYNTH
2026-04-21 14:08:12.640Z,6.2130,9,SYNTH
2026-04-21 14:08:13.517Z,6.2072,9,SYNTH
2026-04-21 14:08:14.608Z,6.2123,5,SYNTH
2026-04-21 14:08:15.448Z,6.2065,4,SYNTH
2026-04-21 14:08:16.315Z,6.2052,6,SYNTH
2026-04-21 14:08:17.313Z,6.2073,5,SYNTH
2026-04-21 14:08:18.583Z,6.2113,9,SYNTH
2026-04-21 14:08:19.571Z,6.2114,8,SYNTH
2026-04-21 14:08:20.584Z,6.2118,4,SYNTH
2026-04-21 14:08:21.079Z,6.2146,4,SYNTH
2026-04-21 14:08:22.722Z,6.2158,3,SYNTH
2026-04-21 14:08:23.216Z,6.2094,3,SYNTH
2026-04-21 14:08:24.813Z,6.2108,4,SYNTH
2026-04-21 14:08:25.505Z,6.2126,3,SYNTH
2026-04-21 14:08:26.483Z,6.2167,3,SYNTH
2026-04-21 14:08:27.314Z,6.2147,2,SYNTH
2026-04-21 14:08:28.073Z,6.2188,5,SYNTH
2026-04-21 14:08:29.751Z,6.2135,5,SYNTH
2026-04-21 14:08:30.407Z,6.2184,5,SYNTH
2026-04-21 14:08:31.091Z,6.2175,5,SYNTH
2026-04-21 14:08:32.028Z,6.2185,5,SYNTH
2026-04-21 14:08:33.373Z,6.2192,2,SYNTH
2026-04-21 14:08:34.253Z,6.2146,2,SYNTH
2026-04-21 14:08:35.813Z,6.2225,3,SYNTH
2026-04-21 14:08:36.783Z,6.2211,4,SYNTH
2026-04-21 14:08:37.126Z,6.2174,11,SYNTH
2026-04-21 14:08:38.225Z,6.2169,6,SYNTH
2026-04-21 14:08:39.073Z,6.2176,13,SYNTH
2026-04-21 14:08:40.069Z,6.2248,9,SYNTH
2026-04-21 14:08:41.008Z,6.2178,5,SYNTH
2026-04-21 14:08:42.474Z,6.2201,5,SYNTH
2026-04-21 14:08:43.341Z,6.2174,3,SYNTH
2026-04-21 14:08:44.614Z,6.2164,6,SYNTH
2026-04-21 14:08:45.154Z,6.2205,8,SYNTH
2026-04-21 14:08:46.493Z,6.2212,5,SYNTH
2026-04-21 14:08:47.311Z,6.2149,6,SYNTH
2026-04-21 14:08:48.084Z,6.2143,4,SYNTH
2026-04-21 14:08:49.043Z,6.2203,5,SYNTH
2026-04-21 14:08:50.342Z,6.2200,4,SYNTH
2026-04-21 14:08:51.071Z,6.2152,6,SYNTH
2026-04-21 14:08:52.353Z,6.2163,6,SYNTH
2026-04-21 14:08:53.305Z,6.2225,7,SYNTH
2026-04-21 14:08:54.120Z,6.2219,6,SYNTH
2026-04-21 14:08:55.110Z,6.2176,7,SYNTH
2026-04-21 14:08:56.372Z,6.2215,6,SYNTH
2026-04-21 14:08:57.132Z,6.2229,7,SYNTH
2026-04-21 14:08:58.780Z,6.2159,7,SYNTH
2026-04-21 14:08:59.592Z,6.2223,4,SYNTH
2026-04-21 14:09:00.690Z,6.2236,47,SYNTH
2026-04-21 14:09:01.313Z,6.2170,40,SYNTH
2026-04-21 14:09:02.217Z,6.2228,37,SYNTH
2026-04-21 14:09:03.714Z,6.2212,40,SYNTH
2026-04-21 14:09:04.426Z,6.2217,24,SYNTH
2026-04-21 14:09:05.267Z,6.2177,34,SYNTH
2026-04-21 14:09:06.857Z,6.2221,38,SYNTH
2026-04-21 14:09:07.523Z,6.2179,24,SYNTH
2026-04-21 14:09:08.360Z,6.2185,29,SYNTH
2026-04-21 14:09:09.332Z,6.2179,41,SYNTH
2026-04-21 14:09:10.604Z,6.2228,36,SYNTH
2026-04-21 14:09:11.215Z,6.2185,66,SYNTH
2026-04-21 14:09:12.888Z,6.2208,52,SYNTH
2026-04-21 14:09:13.356Z,6.2238,65,SYNTH
2026-04-21 14:09:14.806Z,6.2178,19,SYNTH
2026-04-21 14:09:15.369Z,6.2221,18,SYNTH
2026-04-21 14:09:16.385Z,6.2231,57,SYNTH
2026-04-21 14:09:17.125Z,6.2179,52,SYNTH
2026-04-21 14:09:18.012Z,6.2249,31,SYNTH
2026-04-21 14:09:19.655Z,6.2157,59,SYNTH
2026-04-21 14:09:20.070Z,6.2212,33,SYNTH
2026-04-21 14:09:21.005Z,6.2232,28,SYNTH
2026-04-21 14:09:22.384Z,6.2182,32,SYNTH
2026-04-21 14:09:23.567Z,6.2236,26,SYNTH
2026-04-21 14:09:24.842Z,6.2156,37,SYNTH
2026-04-21 14:09:25.747Z,6.2225,31,SYNTH
2026-04-21 14:09:26.678Z,6.2238,19,SYNTH
2026-04-21 14:09:27.732Z,6.2184,27,SYNTH
2026-04-21 14:09:28.880Z,6.2241,29,SYNTH
2026-04-21 14:09:29.786Z,6.2154,27,SYNTH
2026-04-21 14:09:30.400Z,6.2227,16,SYNTH
2026-04-21 14:09:31.603Z,6.2217,23,SYNTH
2026-04-21 14:09:32.494Z,6.2201,36,SYNTH
2026-04-21 14:09:33.145Z,6.2194,33,SYNTH
2026-04-21 14:09:34.399Z,6.2238,32,SYNTH
2026-04-21 14:09:35.449Z,6.2191,19,SYNTH
2026-04-21 14:09:36.588Z,6.2211,22,SYNTH
2026-04-21 14:09:37.788Z,6.2233,51,SYNTH
2026-04-21 14:09:38.090Z,6.2176,51,SYNTH
2026-04-21 14:09:39.735Z,6.2229,59,SYNTH
2026-04-21 14:09:40.374Z,6.2221,42,SYNTH
2026-04-21 14:09:41.137Z,6.2155,26,SYNTH
2026-04-21 14:09:42.809Z,6.2245,21,SYNTH
2026-04-21 14:09:43.720Z,6.2193,24,SYNTH
2026-04-21 14:09:44.427Z,6.2195,27,SYNTH
2026-04-21 14:09:45.135Z,6.2178,50,SYNTH
2026-04-21 14:09:46.227Z,6.2205,31,SYNTH
2026-04-21 14:09:47.656Z,6.2220,42,SYNTH
2026-04-21 14:09:48.022Z,6.2217,27,SYNTH
2026-04-21 14:09:49.599Z,6.2183,36,SYNTH
2026-04-21 14:09:50.433Z,6.2246,34,SYNTH
2026-04-21 14:09:51.154Z,6.2197,44,SYNTH
2026-04-21 14:09:52.524Z,6.2182,33,SYNTH
2026-04-21 14:09:53.440Z,6.2214,42,SYNTH
2026-04-21 14:09:54.894Z,6.2217,46,SYNTH
2026-04-21 14:09:55.866Z,6.2159,51,SYNTH
2026-04-21 14:09:56.160Z,6.2211,22,SYNTH
2026-04-21 14:09:57.495Z,6.2170,24,SYNTH
2026-04-21 14:09:58.659Z,6.2239,40,SYNTH
2026-04-21 14:09:59.294Z,6.2199,55,SYNTH
2026-04-21 14:10:00.081Z,6.2007,3,SYNTH
2026-04-21 14:10:01.452Z,6.1944,3,SYNTH
2026-04-21 14:10:02.859Z,6.2001,3,SYNTH
2026-04-21 14:10:03.134Z,6.1935,4,SYNTH
2026-04-21 14:10:04.454Z,6.1980,3,SYNTH
2026-04-21 14:10:05.019Z,6.1996,2,SYNTH
2026-04-21 14:10:06.811Z,6.1946,4,SYNTH
2026-04-21 14:10:07.646Z,6.1930,3,SYNTH
2026-04-21 14:10:08.646Z,6.1985,2,SYNTH
2026-04-21 14:10:09.622Z,6.1956,4,SYNTH
2026-04-21 14:10:10.036Z,6.1917,2,SYNTH
2026-04-21 14:10:11.343Z,6.1982,10,SYNTH
2026-04-21 14:10:12.596Z,6.1943,9,SYNTH
2026-04-21 14:10:13.143Z,6.2005,5,SYNTH
2026-04-21 14:10:14.091Z,6.1978,3,SYNTH
2026-04-21 14:10:15.323Z,6.1982,3,SYNTH
2026-04-21 14:10:16.799Z,6.1935,7,SYNTH
2026-04-21 14:10:17.301Z,6.1970,5,SYNTH
2026-04-21 14:10:18.548Z,6.1999,4,SYNTH
2026-04-21 14:10:19.501Z,6.1924,3,SYNTH
2026-04-21 14:10:20.053Z,6.1968,3,SYNTH
2026-04-21 14:10:21.780Z,6.1987,3,SYNTH
2026-04-21 14:10:22.195Z,6.1953,2,SYNTH
2026-04-21 14:10:23.048Z,6.1951,2,SYNTH
2026-04-21 14:10:24.157Z,6.2002,3,SYNTH
2026-04-21 14:10:25.274Z,6.1983,3,SYNTH
2026-04-21 14:10:26.479Z,6.1928,2,SYNTH
2026-04-21 14:10:27.308Z,6.1995,2,SYNTH
2026-04-21 14:10:28.017Z,6.1927,2,SYNTH
2026-04-21 14:10:29.618Z,6.1936,2,SYNTH
2026-04-21 14:10:30.307Z,6.1996,3,SYNTH
2026-04-21 14:10:31.578Z,6.1926,3,SYNTH
2026-04-21 14:10:32.778Z,6.1930,3,SYNTH
2026-04-21 14:10:33.860Z,6.2015,2,SYNTH
2026-04-21 14:10:34.563Z,6.1953,3,SYNTH
2026-04-21 14:10:35.827Z,6.1980,2,SYNTH
2026-04-21 14:10:36.381Z,6.1992,2,SYNTH
2026-04-21 14:10:37.312Z,6.1974,5,SYNTH
2026-04-21 14:10:38.054Z,6.2017,7,SYNTH
2026-04-21 14:10:39.233Z,6.1931,8,SYNTH
2026-04-21 14:10:40.077Z,6.1942,5,SYNTH
2026-04-21 14:10:41.257Z,6.1955,3,SYNTH
2026-04-21 14:10:42.875Z,6.1994,2,SYNTH
2026-04-21 14:10:43.468Z,6.2007,3,SYNTH
2026-04-21 14:10:44.307Z,6.1936,3,SYNTH
2026-04-21 14:10:45.104Z,6.1933,4,SYNTH
2026-04-21 14:10:46.505Z,6.1985,6,SYNTH
2026-04-21 14:10:47.135Z,6.1952,4,SYNTH
2026-04-21 14:10:48.365Z,6.2012,2,SYNTH
2026-04-21 14:10:49.605Z,6.1931,3,SYNTH
2026-04-21 14:10:50.406Z,6.1984,2,SYNTH
2026-04-21 14:10:51.259Z,6.1935,2,SYNTH
2026-04-21 14:10:52.788Z,6.2014,4,SYNTH
2026-04-21 14:10:53.855Z,6.1946,3,SYNTH
2026-04-21 14:10:54.048Z,6.1989,3,SYNTH
2026-04-21 14:10:55.302Z,6.1945,2,SYNTH
2026-04-21 14:10:56.138Z,6.1942,5,SYNTH
2026-04-21 14:10:57.266Z,6.2012,4,SYNTH
2026-04-21 14:10:58.067Z,6.1962,4,SYNTH
2026-04-21 14:10:59.799Z,6.1965,4,SYNTH
2026-04-21 14:12:00.401Z,6.2207,114,SYNTH
2026-04-21 14:12:01.151Z,6.2183,125,SYNTH
2026-04-21 14:12:02.676Z,6.2170,87,SYNTH
2026-04-21 14:12:03.334Z,6.2209,109,SYNTH
2026-04-21 14:12:04.116Z,6.2172,98,SYNTH
2026-04-21 14:12:05.418Z,6.2189,71,SYNTH
2026-04-21 14:12:06.377Z,6.2250,54,SYNTH
2026-04-21 14:12:07.546Z,6.2193,65,SYNTH
2026-04-21 14:12:08.245Z,6.2172,91,SYNTH
2026-04-21 14:12:09.014Z,6.2203,61,SYNTH
2026-04-21 14:12:10.613Z,6.2169,51,SYNTH
2026-04-21 14:12:11.414Z,6.2226,258,SYNTH
2026-04-21 14:12:12.024Z,6.2159,241,SYNTH
2026-04-21 14:12:13.161Z,6.2215,182,SYNTH
2026-04-21 14:12:14.163Z,6.2179,90,SYNTH
2026-04-21 14:12:15.711Z,6.2197,59,SYNTH
2026-04-21 14:12:16.529Z,6.2220,167,SYNTH
2026-04-21 14:12:17.259Z,6.2226,169,SYNTH
2026-04-21 14:12:18.249Z,6.2174,164,SYNTH
2026-04-21 14:12:19.378Z,6.2257,156,SYNTH
2026-04-21 14:12:20.606Z,6.2202,52,SYNTH
2026-04-21 14:12:21.794Z,6.2253,49,SYNTH
2026-04-21 14:12:22.577Z,6.2248,47,SYNTH
2026-04-21 14:12:23.248Z,6.2210,62,SYNTH
2026-04-21 14:12:24.863Z,6.2297,80,SYNTH
2026-04-21 14:12:25.246Z,6.2293,75,SYNTH
2026-04-21 14:12:26.044Z,6.2324,49,SYNTH
2026-04-21 14:12:27.709Z,6.2345,38,SYNTH
2026-04-21 14:12:28.081Z,6.2384,73,SYNTH
2026-04-21 14:12:29.154Z,6.2368,66,SYNTH
2026-04-21 14:12:30.589Z,6.2399,82,SYNTH
2026-04-21 14:12:31.223Z,6.2442,39,SYNTH
2026-04-21 14:12:32.580Z,6.2454,88,SYNTH
2026-04-21 14:12:33.009Z,6.2495,38,SYNTH
2026-04-21 14:12:34.859Z,6.2425,81,SYNTH
2026-04-21 14:12:35.614Z,6.2491,55,SYNTH
2026-04-21 14:12:36.667Z,6.2514,92,SYNTH
2026-04-21 14:12:37.163Z,6.2528,137,SYNTH
2026-04-21 14:12:38.031Z,6.2535,161,SYNTH
2026-04-21 14:12:39.124Z,6.2475,201,SYNTH
2026-04-21 14:12:40.815Z,6.2464,168,SYNTH
2026-04-21 14:12:41.809Z,6.2471,90,SYNTH
2026-04-21 14:12:42.473Z,6.2485,58,SYNTH
2026-04-21 14:12:43.452Z,6.2495,73,SYNTH
2026-04-21 14:12:44.561Z,6.2453,102,SYNTH
2026-04-21 14:12:45.064Z,6.2434,157,SYNTH
2026-04-21 14:12:46.593Z,6.2511,159,SYNTH
2026-04-21 14:12:47.044Z,6.2495,119,SYNTH
2026-04-21 14:12:48.228Z,6.2459,81,SYNTH
2026-04-21 14:12:49.547Z,6.2428,107,SYNTH
2026-04-21 14:12:50.007Z,6.2486,108,SYNTH
2026-04-21 14:12:51.222Z,6.2481,104,SYNTH
2026-04-21 14:12:52.397Z,6.2507,108,SYNTH
2026-04-21 14:12:53.130Z,6.2474,62,SYNTH
2026-04-21 14:12:54.584Z,6.2523,72,SYNTH
2026-04-21 14:12:55.603Z,6.2474,104,SYNTH
2026-04-21 14:12:56.019Z,6.2529,129,SYNTH
2026-04-21 14:12:57.221Z,6.2472,129,SYNTH
2026-04-21 14:12:58.839Z,6.2516,87,SYNTH
2026-04-21 14:12:59.246Z,6.2514,141,SYNTH
2026-04-21 14:13:00.562Z,6.2036,145,SYNTH
2026-04-21 14:13:01.610Z,6.1988,126,SYNTH
2026-04-21 14:13:02.516Z,6.1970,117,SYNTH
2026-04-21 14:13:03.598Z,6.2030,79,SYNTH
2026-04-21 14:13:04.615Z,6.1971,71,SYNTH
2026-04-21 14:13:05.242Z,6.1979,108,SYNTH
2026-04-21 14:13:06.126Z,6.2040,74,SYNTH
2026-04-21 14:13:07.595Z,6.2005,101,SYNTH
2026-04-21 14:13:08.614Z,6.1996,124,SYNTH
2026-04-21 14:13:09.689Z,6.1959,125,SYNTH
2026-04-21 14:13:10.294Z,6.2028,80,SYNTH
2026-04-21 14:13:11.648Z,6.1985,181,SYNTH
2026-04-21 14:13:12.778Z,6.2019,231,SYNTH
2026-04-21 14:13:13.230Z,6.2037,200,SYNTH
2026-04-21 14:13:14.507Z,6.2031,62,SYNTH
2026-04-21 14:13:15.194Z,6.2020,82,SYNTH
2026-04-21 14:13:16.428Z,6.1967,211,SYNTH
2026-04-21 14:13:17.128Z,6.1968,156,SYNTH
2026-04-21 14:13:18.132Z,6.1965,120,SYNTH
2026-04-21 14:13:19.350Z,6.2041,160,SYNTH
2026-04-21 14:13:20.090Z,6.1968,107,SYNTH
2026-04-21 14:13:21.676Z,6.1929,56,SYNTH
2026-04-21 14:13:22.552Z,6.1911,89,SYNTH
2026-04-21 14:13:23.281Z,6.1904,93,SYNTH
2026-04-21 14:13:24.776Z,6.1837,79,SYNTH
2026-04-21 14:13:25.012Z,6.1802,61,SYNTH
2026-04-21 14:13:26.707Z,6.1778,61,SYNTH
2026-04-21 14:13:27.164Z,6.1724,58,SYNTH
2026-04-21 14:13:28.566Z,6.1679,48,SYNTH
2026-04-21 14:13:29.699Z,6.1639,80,SYNTH
2026-04-21 14:13:30.369Z,6.1623,43,SYNTH
2026-04-21 14:13:31.232Z,6.1555,70,SYNTH
2026-04-21 14:13:32.349Z,6.1519,46,SYNTH
2026-04-21 14:13:33.355Z,6.1470,100,SYNTH
2026-04-21 14:13:34.577Z,6.1437,58,SYNTH
2026-04-21 14:13:35.229Z,6.1397,84,SYNTH
2026-04-21 14:13:36.611Z,6.1406,62,SYNTH
2026-04-21 14:13:37.161Z,6.1427,136,SYNTH
2026-04-21 14:13:38.486Z,6.1376,118,SYNTH
2026-04-21 14:13:39.723Z,6.1371,200,SYNTH
2026-04-21 14:13:40.341Z,6.1425,167,SYNTH
2026-04-21 14:13:41.305Z,6.1398,83,SYNTH
2026-04-21 14:13:42.192Z,6.1426,101,SYNTH
2026-04-21 14:13:43.641Z,6.1456,79,SYNTH
2026-04-21 14:13:44.637Z,6.1449,74,SYNTH
2026-04-21 14:13:45.593Z,6.1482,93,SYNTH
2026-04-21 14:13:46.178Z,6.1397,147,SYNTH
2026-04-21 14:13:47.601Z,6.1491,97,SYNTH
2026-04-21 14:13:48.273Z,6.1432,97,SYNTH
2026-04-21 14:13:49.287Z,6.1418,114,SYNTH
2026-04-21 14:13:50.366Z,6.1427,62,SYNTH
2026-04-21 14:13:51.023Z,6.1455,121,SYNTH
2026-04-21 14:13:52.662Z,6.1417,103,SYNTH
2026-04-21 14:13:53.633Z,6.1398,139,SYNTH
2026-04-21 14:13:54.581Z,6.1425,114,SYNTH
2026-04-21 14:13:55.843Z,6.1378,93,SYNTH
2026-04-21 14:13:56.264Z,6.1413,83,SYNTH
2026-04-21 14:13:57.654Z,6.1383,89,SYNTH
2026-04-21 14:13:58.298Z,6.1442,104,SYNTH
2026-04-21 14:13:59.162Z,6.1382,140,SYNTH
2026-04-21 14:14:00.407Z,6.1514,11,SYNTH
2026-04-21 14:14:01.035Z,6.1532,12,SYNTH
2026-04-21 14:14:02.055Z,6.1472,8,SYNTH
2026-04-21 14:14:03.769Z,6.1518,12,SYNTH
2026-04-21 14:14:04.881Z,6.1511,11,SYNTH
2026-04-21 14:14:05.795Z,6.1482,12,SYNTH
2026-04-21 14:14:06.728Z,6.1519,11,SYNTH
2026-04-21 14:14:07.598Z,6.1481,13,SYNTH
2026-04-21 14:14:08.768Z,6.1459,10,SYNTH
2026-04-21 14:14:09.122Z,6.1514,7,SYNTH
2026-04-21 14:14:10.852Z,6.1487,6,SYNTH
2026-04-21 14:14:11.680Z,6.1514,24,SYNTH
2026-04-21 14:14:12.442Z,6.1542,22,SYNTH
2026-04-21 14:14:13.306Z,6.1493,25,SYNTH
2026-04-21 14:14:14.088Z,6.1515,5,SYNTH
2026-04-21 14:14:15.282Z,6.1484,4,SYNTH
2026-04-21 14:14:16.660Z,6.1475,18,SYNTH
2026-04-21 14:14:17.381Z,6.1466,12,SYNTH
2026-04-21 14:14:18.296Z,6.1506,14,SYNTH
2026-04-21 14:14:19.094Z,6.1539,14,SYNTH
2026-04-21 14:14:20.528Z,6.1499,9,SYNTH
2026-04-21 14:14:21.370Z,6.1535,10,SYNTH
2026-04-21 14:14:22.864Z,6.1467,9,SYNTH
2026-04-21 14:14:23.615Z,6.1547,5,SYNTH
2026-04-21 14:14:24.674Z,6.1508,6,SYNTH
2026-04-21 14:14:25.561Z,6.1451,8,SYNTH
2026-04-21 14:14:26.012Z,6.1528,9,SYNTH
2026-04-21 14:14:27.456Z,6.1476,6,SYNTH
2026-04-21 14:14:28.763Z,6.1537,7,SYNTH
2026-04-21 14:14:29.863Z,6.1482,9,SYNTH
2026-04-21 14:14:30.827Z,6.1509,5,SYNTH
2026-04-21 14:14:31.427Z,6.1541,7,SYNTH
2026-04-21 14:14:32.477Z,6.1467,9,SYNTH
2026-04-21 14:14:33.710Z,6.1548,10,SYNTH
2026-04-21 14:14:34.056Z,6.1479,9,SYNTH
2026-04-21 14:14:35.840Z,6.1525,9,SYNTH
2026-04-21 14:14:36.747Z,6.1500,8,SYNTH
2026-04-21 14:14:37.037Z,6.1495,15,SYNTH
2026-04-21 14:14:38.195Z,6.1477,24,SYNTH
2026-04-21 14:14:39.317Z,6.1509,11,SYNTH
2026-04-21 14:14:40.448Z,6.1446,18,SYNTH
2026-04-21 14:14:41.660Z,6.1544,7,SYNTH
2026-04-21 14:14:42.658Z,6.1493,5,SYNTH
2026-04-21 14:14:43.643Z,6.1478,11,SYNTH
2026-04-21 14:14:44.018Z,6.1536,6,SYNTH
2026-04-21 14:14:45.752Z,6.1479,8,SYNTH
2026-04-21 14:14:46.321Z,6.1448,10,SYNTH
2026-04-21 14:14:47.563Z,6.1493,17,SYNTH
2026-04-21 14:14:48.689Z,6.1542,11,SYNTH
2026-04-21 14:14:49.002Z,6.1472,7,SYNTH
2026-04-21 14:14:50.780Z,6.1487,7,SYNTH
2026-04-21 14:14:51.150Z,6.1518,6,SYNTH
2026-04-21 14:14:52.682Z,6.1531,6,SYNTH
2026-04-21 14:14:53.894Z,6.1469,13,SYNTH
2026-04-21 14:14:54.776Z,6.1506,10,SYNTH
2026-04-21 14:14:55.247Z,6.1542,8,SYNTH
2026-04-21 14:14:56.290Z,6.1496,12,SYNTH
2026-04-21 14:14:57.014Z,6.1513,7,SYNTH
2026-04-21 14:14:58.832Z,6.1539,11,SYNTH
2026-04-21 14:14:59.213Z,6.1481,13,SYNTH
2026-04-21 14:16:00.852Z,6.1601,19,SYNTH
2026-04-21 14:16:01.157Z,6.1632,22,SYNTH
2026-04-21 14:16:02.339Z,6.1568,21,SYNTH
2026-04-21 14:16:03.537Z,6.1628,17,SYNTH
2026-04-21 14:16:04.494Z,6.1585,24,SYNTH
2026-04-21 14:16:05.456Z,6.1614,16,SYNTH
2026-04-21 14:16:06.801Z,6.1570,21,SYNTH
2026-04-21 14:16:07.220Z,6.1585,19,SYNTH
2026-04-21 14:16:08.106Z,6.1623,20,SYNTH
2026-04-21 14:16:09.547Z,6.1595,13,SYNTH
2026-04-21 14:16:10.261Z,6.1632,11,SYNTH
2026-04-21 14:16:11.629Z,6.1619,35,SYNTH
2026-04-21 14:16:12.262Z,6.1594,40,SYNTH
2026-04-21 14:16:13.308Z,6.1559,38,SYNTH
2026-04-21 14:16:14.394Z,6.1610,13,SYNTH
2026-04-21 14:16:15.141Z,6.1629,11,SYNTH
2026-04-21 14:16:16.852Z,6.1587,17,SYNTH
2026-04-21 14:16:17.866Z,6.1567,27,SYNTH
2026-04-21 14:16:18.144Z,6.1637,24,SYNTH
2026-04-21 14:16:19.019Z,6.1561,27,SYNTH
2026-04-21 14:16:20.004Z,6.1622,13,SYNTH
2026-04-21 14:16:21.234Z,6.1616,12,SYNTH
2026-04-21 14:16:22.433Z,6.1636,8,SYNTH
2026-04-21 14:16:23.300Z,6.1622,16,SYNTH
2026-04-21 14:16:24.476Z,6.1620,13,SYNTH
2026-04-21 14:16:25.653Z,6.1591,11,SYNTH
2026-04-21 14:16:26.400Z,6.1586,8,SYNTH
2026-04-21 14:16:27.205Z,6.1620,14,SYNTH
2026-04-21 14:16:28.198Z,6.1632,14,SYNTH
2026-04-21 14:16:29.890Z,6.1637,13,SYNTH
2026-04-21 14:16:30.104Z,6.1561,13,SYNTH
2026-04-21 14:16:31.750Z,6.1605,14,SYNTH
2026-04-21 14:16:32.876Z,6.1605,7,SYNTH
2026-04-21 14:16:33.541Z,6.1573,14,SYNTH
2026-04-21 14:16:34.200Z,6.1598,15,SYNTH
2026-04-21 14:16:35.595Z,6.1614,14,SYNTH
2026-04-21 14:16:36.031Z,6.1558,13,SYNTH
2026-04-21 14:16:37.059Z,6.1620,18,SYNTH
2026-04-21 14:16:38.884Z,6.1618,26,SYNTH
2026-04-21 14:16:39.808Z,6.1620,19,SYNTH
2026-04-21 14:16:40.009Z,6.1577,30,SYNTH
2026-04-21 14:16:41.750Z,6.1552,9,SYNTH
2026-04-21 14:16:42.595Z,6.1621,17,SYNTH
2026-04-21 14:16:43.745Z,6.1590,8,SYNTH
2026-04-21 14:16:44.811Z,6.1586,16,SYNTH
2026-04-21 14:16:45.435Z,6.1630,23,SYNTH
2026-04-21 14:16:46.194Z,6.1579,19,SYNTH
2026-04-21 14:16:47.855Z,6.1640,22,SYNTH
2026-04-21 14:16:48.892Z,6.1558,12,SYNTH
2026-04-21 14:16:49.309Z,6.1575,10,SYNTH
2026-04-21 14:16:50.026Z,6.1622,17,SYNTH
2026-04-21 14:16:51.477Z,6.1618,9,SYNTH
2026-04-21 14:16:52.869Z,6.1579,11,SYNTH
2026-04-21 14:16:53.657Z,6.1635,15,SYNTH
2026-04-21 14:16:54.482Z,6.1569,16,SYNTH
2026-04-21 14:16:55.855Z,6.1606,11,SYNTH
2026-04-21 14:16:56.796Z,6.1624,22,SYNTH
2026-04-21 14:16:57.457Z,6.1631,15,SYNTH
2026-04-21 14:16:58.132Z,6.1559,25,SYNTH
2026-04-21 14:16:59.623Z,6.1637,26,SYNTH
2026-04-21 14:17:00.753Z,6.1616,43,SYNTH
2026-04-21 14:17:01.631Z,6.1583,61,SYNTH
2026-04-21 14:17:02.359Z,6.1574,64,SYNTH
2026-04-21 14:17:03.268Z,6.1594,36,SYNTH
2026-04-21 14:17:04.345Z,6.1603,29,SYNTH
2026-04-21 14:17:05.043Z,6.1648,42,SYNTH
2026-04-21 14:17:06.676Z,6.1561,53,SYNTH
2026-04-21 14:17:07.893Z,6.1611,55,SYNTH
2026-04-21 14:17:08.403Z,6.1626,35,SYNTH
2026-04-21 14:17:09.514Z,6.1624,29,SYNTH
2026-04-21 14:17:10.400Z,6.1629,23,SYNTH
2026-04-21 14:17:11.649Z,6.1565,127,SYNTH
2026-04-21 14:17:12.539Z,6.1577,79,SYNTH
2026-04-21 14:17:13.131Z,6.1599,123,SYNTH
2026-04-21 14:17:14.133Z,6.1606,22,SYNTH
2026-04-21 14:17:15.516Z,6.1583,29,SYNTH
2026-04-21 14:17:16.045Z,6.1615,39,SYNTH
2026-04-21 14:17:17.727Z,6.1557,35,SYNTH
2026-04-21 14:17:18.800Z,6.1603,63,SYNTH
2026-04-21 14:17:19.654Z,6.1579,35,SYNTH
2026-04-21 14:17:20.805Z,6.1638,34,SYNTH
2026-04-21 14:17:21.698Z,6.1651,36,SYNTH
2026-04-21 14:17:22.098Z,6.1630,21,SYNTH
2026-04-21 14:17:23.368Z,6.1667,43,SYNTH
2026-04-21 14:17:24.091Z,6.1681,38,SYNTH
2026-04-21 14:17:25.570Z,6.1672,37,SYNTH
2026-04-21 14:17:26.899Z,6.1681,19,SYNTH
2026-04-21 14:17:27.481Z,6.1725,34,SYNTH
2026-04-21 14:17:28.225Z,6.1707,28,SYNTH
2026-04-21 14:17:29.874Z,6.1734,41,SYNTH
2026-04-21 14:17:30.759Z,6.1753,42,SYNTH
2026-04-21 14:17:31.013Z,6.1739,36,SYNTH
2026-04-21 14:17:32.261Z,6.1756,36,SYNTH
2026-04-21 14:17:33.576Z,6.1772,23,SYNTH
2026-04-21 14:17:34.603Z,6.1792,38,SYNTH
2026-04-21 14:17:35.365Z,6.1804,29,SYNTH
2026-04-21 14:17:36.082Z,6.1779,29,SYNTH
2026-04-21 14:17:37.682Z,6.1826,113,SYNTH
2026-04-21 14:17:38.770Z,6.1836,94,SYNTH
2026-04-21 14:17:39.630Z,6.1771,105,SYNTH
2026-04-21 14:17:40.482Z,6.1752,61,SYNTH
2026-04-21 14:17:41.156Z,6.1758,26,SYNTH
2026-04-21 14:17:42.452Z,6.1817,29,SYNTH
2026-04-21 14:17:43.133Z,6.1762,35,SYNTH
2026-04-21 14:17:44.648Z,6.1779,41,SYNTH
2026-04-21 14:17:45.622Z,6.1835,38,SYNTH
2026-04-21 14:17:46.551Z,6.1753,47,SYNTH
2026-04-21 14:17:47.641Z,6.1807,39,SYNTH
2026-04-21 14:17:48.769Z,6.1751,47,SYNTH
2026-04-21 14:17:49.708Z,6.1809,33,SYNTH
2026-04-21 14:17:50.764Z,6.1759,52,SYNTH
2026-04-21 14:17:51.250Z,6.1788,49,SYNTH
2026-04-21 14:17:52.103Z,6.1742,24,SYNTH
2026-04-21 14:17:53.850Z,6.1816,29,SYNTH
2026-04-21 14:17:54.042Z,6.1782,50,SYNTH
2026-04-21 14:17:55.271Z,6.1811,48,SYNTH
2026-04-21 14:17:56.819Z,6.1787,48,SYNTH
2026-04-21 14:17:57.651Z,6.1844,56,SYNTH
2026-04-21 14:17:58.248Z,6.1823,60,SYNTH
2026-04-21 14:17:59.674Z,6.1782,69,SYNTH
2026-04-21 14:19:00.076Z,6.1834,75,SYNTH
2026-04-21 14:19:01.803Z,6.1777,114,SYNTH
2026-04-21 14:19:02.874Z,6.1826,103,SYNTH
2026-04-21 14:19:03.590Z,6.1827,94,SYNTH
2026-04-21 14:19:04.217Z,6.1767,48,SYNTH
2026-04-21 14:19:05.546Z,6.1827,89,SYNTH
2026-04-21 14:19:06.467Z,6.1787,76,SYNTH
2026-04-21 14:19:07.316Z,6.1853,58,SYNTH
2026-04-21 14:19:08.391Z,6.1784,43,SYNTH
2026-04-21 14:19:09.001Z,6.1772,57,SYNTH
2026-04-21 14:19:10.073Z,6.1797,60,SYNTH
2026-04-21 14:19:11.041Z,6.1751,230,SYNTH
2026-04-21 14:19:12.157Z,6.1843,125,SYNTH
2026-04-21 14:19:13.126Z,6.1760,187,SYNTH
2026-04-21 14:19:14.570Z,6.1834,45,SYNTH
2026-04-21 14:19:15.578Z,6.1767,84,SYNTH
2026-04-21 14:19:16.815Z,6.1775,102,SYNTH
2026-04-21 14:19:17.821Z,6.1845,125,SYNTH
2026-04-21 14:19:18.494Z,6.1792,148,SYNTH
2026-04-21 14:19:19.482Z,6.1819,130,SYNTH
2026-04-21 14:19:20.463Z,6.1856,68,SYNTH
2026-04-21 14:19:21.193Z,6.1792,66,SYNTH
2026-04-21 14:19:22.442Z,6.1848,78,SYNTH
2026-04-21 14:19:23.286Z,6.1854,46,SYNTH
2026-04-21 14:19:24.273Z,6.1876,59,SYNTH
2026-04-21 14:19:25.340Z,6.1874,47,SYNTH
2026-04-21 14:19:26.569Z,6.1916,59,SYNTH
2026-04-21 14:19:27.804Z,6.1914,41,SYNTH
2026-04-21 14:19:28.277Z,6.1931,70,SYNTH
2026-04-21 14:19:29.539Z,6.1966,32,SYNTH
2026-04-21 14:19:30.734Z,6.2010,45,SYNTH
2026-04-21 14:19:31.588Z,6.2018,45,SYNTH
2026-04-21 14:19:32.120Z,6.2054,76,SYNTH
2026-04-21 14:19:33.402Z,6.2068,40,SYNTH
2026-04-21 14:19:34.649Z,6.2057,36,SYNTH
2026-04-21 14:19:35.113Z,6.2092,72,SYNTH
2026-04-21 14:19:36.624Z,6.2093,38,SYNTH
2026-04-21 14:19:37.780Z,6.2126,133,SYNTH
2026-04-21 14:19:38.008Z,6.2061,174,SYNTH
2026-04-21 14:19:39.270Z,6.2126,186,SYNTH
2026-04-21 14:19:40.517Z,6.2053,119,SYNTH
2026-04-21 14:19:41.018Z,6.2074,72,SYNTH
2026-04-21 14:19:42.527Z,6.2040,73,SYNTH
2026-04-21 14:19:43.647Z,6.2081,82,SYNTH
2026-04-21 14:19:44.411Z,6.2026,68,SYNTH
2026-04-21 14:19:45.314Z,6.2027,55,SYNTH
2026-04-21 14:19:46.055Z,6.2068,86,SYNTH
2026-04-21 14:19:47.853Z,6.2002,57,SYNTH
2026-04-21 14:19:48.343Z,6.2065,84,SYNTH
2026-04-21 14:19:49.398Z,6.2072,61,SYNTH
2026-04-21 14:19:50.173Z,6.2094,61,SYNTH
2026-04-21 14:19:51.164Z,6.2075,64,SYNTH
2026-04-21 14:19:52.373Z,6.2057,50,SYNTH
2026-04-21 14:19:53.809Z,6.2047,87,SYNTH
2026-04-21 14:19:54.062Z,6.2066,79,SYNTH
2026-04-21 14:19:55.888Z,6.2084,49,SYNTH
2026-04-21 14:19:56.186Z,6.2096,74,SYNTH
2026-04-21 14:19:57.250Z,6.2042,101,SYNTH
2026-04-21 14:19:58.160Z,6.2103,81,SYNTH
2026-04-21 14:19:59.790Z,6.2048,63,SYNTH
2026-04-21 14:21:00.289Z,6.2106,5,SYNTH
2026-04-21 14:21:01.451Z,6.2060,6,SYNTH
2026-04-21 14:21:02.130Z,6.2119,6,SYNTH
2026-04-21 14:21:03.858Z,6.2076,5,SYNTH
2026-04-21 14:21:04.652Z,6.2122,5,SYNTH
2026-04-21 14:21:05.760Z,6.2059,4,SYNTH
2026-04-21 14:21:06.688Z,6.2123,5,SYNTH
2026-04-21 14:21:07.094Z,6.2124,6,SYNTH
2026-04-21 14:21:08.354Z,6.2072,4,SYNTH
2026-04-21 14:21:09.104Z,6.2122,5,SYNTH
2026-04-21 14:21:10.231Z,6.2104,3,SYNTH
2026-04-21 14:21:11.139Z,6.2121,14,SYNTH
2026-04-21 14:21:12.217Z,6.2060,7,SYNTH
2026-04-21 14:21:13.214Z,6.2134,12,SYNTH
2026-04-21 14:21:14.745Z,6.2089,5,SYNTH
2026-04-21 14:21:15.326Z,6.2071,5,SYNTH
2026-04-21 14:21:16.389Z,6.2087,5,SYNTH
2026-04-21 14:21:17.322Z,6.2086,6,SYNTH
2026-04-21 14:21:18.262Z,6.2114,6,SYNTH
2026-04-21 14:21:19.429Z,6.2095,10,SYNTH
2026-04-21 14:21:20.868Z,6.2081,4,SYNTH
2026-04-21 14:21:21.398Z,6.2124,5,SYNTH
2026-04-21 14:21:22.515Z,6.2073,5,SYNTH
2026-04-21 14:21:23.726Z,6.2135,5,SYNTH
2026-04-21 14:21:24.315Z,6.2085,2,SYNTH
2026-04-21 14:21:25.290Z,6.2148,2,SYNTH
2026-04-21 14:21:26.163Z,6.2046,2,SYNTH
2026-04-21 14:21:27.849Z,6.2117,4,SYNTH
2026-04-21 14:21:28.160Z,6.2098,5,SYNTH
2026-04-21 14:21:29.803Z,6.2076,5,SYNTH
2026-04-21 14:21:30.547Z,6.2103,3,SYNTH
2026-04-21 14:21:31.171Z,6.2083,5,SYNTH
2026-04-21 14:21:32.830Z,6.2113,5,SYNTH
2026-04-21 14:21:33.743Z,6.2099,5,SYNTH
2026-04-21 14:21:34.156Z,6.2109,3,SYNTH
2026-04-21 14:21:35.581Z,6.2084,5,SYNTH
2026-04-21 14:21:36.508Z,6.2140,4,SYNTH
2026-04-21 14:21:37.458Z,6.2150,13,SYNTH
2026-04-21 14:21:38.016Z,6.2071,7,SYNTH
2026-04-21 14:21:39.612Z,6.2112,12,SYNTH
2026-04-21 14:21:40.793Z,6.2132,9,SYNTH
2026-04-21 14:21:41.165Z,6.2145,5,SYNTH
2026-04-21 14:21:42.607Z,6.2060,5,SYNTH
2026-04-21 14:21:43.335Z,6.2054,4,SYNTH
2026-04-21 14:21:44.049Z,6.2137,4,SYNTH
2026-04-21 14:21:45.196Z,6.2080,7,SYNTH
2026-04-21 14:21:46.470Z,6.2099,9,SYNTH
2026-04-21 14:21:47.870Z,6.2120,5,SYNTH
2026-04-21 14:21:48.642Z,6.2103,3,SYNTH
2026-04-21 14:21:49.236Z,6.2152,6,SYNTH
2026-04-21 14:21:50.663Z,6.2094,5,SYNTH
2026-04-21 14:21:51.836Z,6.2145,6,SYNTH
2026-04-21 14:21:52.442Z,6.2075,5,SYNTH
2026-04-21 14:21:53.079Z,6.2121,6,SYNTH
2026-04-21 14:21:54.514Z,6.2117,5,SYNTH
2026-04-21 14:21:55.681Z,6.2082,3,SYNTH
2026-04-21 14:21:56.410Z,6.2093,8,SYNTH
2026-04-21 14:21:57.819Z,6.2137,7,SYNTH
2026-04-21 14:21:58.260Z,6.2122,6,SYNTH
2026-04-21 14:21:59.099Z,6.2093,6,SYNTH
2026-04-21 14:23:00.296Z,6.2056,7,SYNTH
2026-04-21 14:23:01.574Z,6.2006,8,SYNTH
2026-04-21 14:23:02.005Z,6.2077,6,SYNTH
2026-04-21 14:23:03.198Z,6.2062,4,SYNTH
2026-04-21 14:23:04.160Z,6.2023,5,SYNTH
2026-04-21 14:23:05.757Z,6.2077,6,SYNTH
2026-04-21 14:23:06.776Z,6.2062,6,SYNTH
2026-04-21 14:23:07.461Z,6.2028,3,SYNTH
2026-04-21 14:23:08.524Z,6.2045,5,SYNTH
2026-04-21 14:23:09.206Z,6.2071,3,SYNTH
2026-04-21 14:23:10.266Z,6.2007,6,SYNTH
2026-04-21 14:23:11.215Z,6.2068,11,SYNTH
2026-04-21 14:23:12.626Z,6.2067,8,SYNTH
2026-04-21 14:23:13.316Z,6.2028,9,SYNTH
2026-04-21 14:23:14.138Z,6.2029,4,SYNTH
2026-04-21 14:23:15.864Z,6.2094,6,SYNTH
2026-04-21 14:23:16.697Z,6.2085,5,SYNTH
2026-04-21 14:23:17.274Z,6.2021,4,SYNTH
2026-04-21 14:23:18.460Z,6.2083,9,SYNTH
2026-04-21 14:23:19.056Z,6.2029,5,SYNTH
2026-04-21 14:23:20.785Z,6.2090,3,SYNTH
2026-04-21 14:23:21.654Z,6.2043,3,SYNTH
2026-04-21 14:23:22.850Z,6.2008,3,SYNTH
2026-04-21 14:23:23.254Z,6.2000,3,SYNTH
2026-04-21 14:23:24.012Z,6.2051,2,SYNTH
2026-04-21 14:23:25.179Z,6.2015,3,SYNTH
2026-04-21 14:23:26.631Z,6.2076,2,SYNTH
2026-04-21 14:23:27.572Z,6.2045,5,SYNTH
2026-04-21 14:23:28.547Z,6.2059,4,SYNTH
2026-04-21 14:23:29.491Z,6.2037,4,SYNTH
2026-04-21 14:23:30.712Z,6.2064,5,SYNTH
2026-04-21 14:23:31.539Z,6.2017,3,SYNTH
2026-04-21 14:23:32.408Z,6.2018,3,SYNTH
2026-04-21 14:23:33.229Z,6.2059,4,SYNTH
2026-04-21 14:23:34.628Z,6.2035,4,SYNTH
2026-04-21 14:23:35.487Z,6.2059,4,SYNTH
2026-04-21 14:23:36.759Z,6.2037,3,SYNTH
2026-04-21 14:23:37.327Z,6.2028,8,SYNTH
2026-04-21 14:23:38.724Z,6.2062,12,SYNTH
2026-04-21 14:23:39.498Z,6.2075,6,SYNTH
2026-04-21 14:23:40.708Z,6.2014,7,SYNTH
2026-04-21 14:23:41.572Z,6.2082,5,SYNTH
2026-04-21 14:23:42.645Z,6.2029,5,SYNTH
2026-04-21 14:23:43.509Z,6.2079,3,SYNTH
2026-04-21 14:23:44.038Z,6.2019,6,SYNTH
2026-04-21 14:23:45.065Z,6.2018,5,SYNTH
2026-04-21 14:23:46.482Z,6.2029,4,SYNTH
2026-04-21 14:23:47.111Z,6.2080,8,SYNTH
2026-04-21 14:23:48.517Z,6.2075,3,SYNTH
2026-04-21 14:23:49.046Z,6.2016,5,SYNTH
2026-04-21 14:23:50.687Z,6.2083,7,SYNTH
2026-04-21 14:23:51.424Z,6.2021,4,SYNTH
2026-04-21 14:23:52.837Z,6.2071,6,SYNTH
2026-04-21 14:23:53.320Z,6.2029,7,SYNTH
2026-04-21 14:23:54.317Z,6.2072,3,SYNTH
2026-04-21 14:23:55.196Z,6.2066,8,SYNTH
2026-04-21 14:23:56.848Z,6.2092,7,SYNTH
2026-04-21 14:23:57.784Z,6.2041,3,SYNTH
2026-04-21 14:23:58.099Z,6.2058,7,SYNTH
2026-04-21 14:23:59.882Z,6.2072,5,SYNTH
2026-04-21 14:24:00.155Z,6.2024,3,SYNTH
2026-04-21 14:24:01.679Z,6.2035,5,SYNTH
2026-04-21 14:24:02.786Z,6.1967,3,SYNTH
2026-04-21 14:24:03.608Z,6.2040,4,SYNTH
2026-04-21 14:24:04.727Z,6.2016,5,SYNTH
2026-04-21 14:24:05.570Z,6.1999,3,SYNTH
2026-04-21 14:24:06.106Z,6.1979,2,SYNTH
2026-04-21 14:24:07.104Z,6.1977,2,SYNTH
2026-04-21 14:24:08.082Z,6.2032,2,SYNTH
2026-04-21 14:24:09.874Z,6.2029,4,SYNTH
2026-04-21 14:24:10.194Z,6.2021,2,SYNTH
2026-04-21 14:24:11.437Z,6.1962,8,SYNTH
2026-04-21 14:24:12.076Z,6.1953,10,SYNTH
2026-04-21 14:24:13.444Z,6.2031,4,SYNTH
2026-04-21 14:24:14.070Z,6.2033,4,SYNTH
2026-04-21 14:24:15.309Z,6.2032,2,SYNTH
2026-04-21 14:24:16.739Z,6.1969,6,SYNTH
2026-04-21 14:24:17.340Z,6.1975,5,SYNTH
2026-04-21 14:24:18.408Z,6.2043,5,SYNTH
2026-04-21 14:24:19.703Z,6.1956,4,SYNTH
2026-04-21 14:24:20.691Z,6.2051,3,SYNTH
2026-04-21 14:24:21.041Z,6.1982,2,SYNTH
2026-04-21 14:24:22.034Z,6.2038,3,SYNTH
2026-04-21 14:24:23.495Z,6.1962,2,SYNTH
2026-04-21 14:24:24.370Z,6.2011,2,SYNTH
2026-04-21 14:24:25.427Z,6.2002,3,SYNTH
2026-04-21 14:24:26.458Z,6.2017,2,SYNTH
2026-04-21 14:24:27.839Z,6.2040,2,SYNTH
2026-04-21 14:24:28.504Z,6.1980,2,SYNTH
2026-04-21 14:24:29.552Z,6.2000,3,SYNTH
2026-04-21 14:24:30.697Z,6.2005,2,SYNTH
2026-04-21 14:24:31.264Z,6.2029,3,SYNTH
2026-04-21 14:24:32.408Z,6.1978,3,SYNTH
2026-04-21 14:24:33.448Z,6.1965,3,SYNTH
2026-04-21 14:24:34.872Z,6.1949,2,SYNTH
2026-04-21 14:24:35.253Z,6.2047,3,SYNTH
2026-04-21 14:24:36.250Z,6.2035,1,SYNTH
2026-04-21 14:24:37.530Z,6.2000,9,SYNTH
2026-04-21 14:24:38.481Z,6.1987,8,SYNTH
2026-04-21 14:24:39.517Z,6.2040,5,SYNTH
2026-04-21 14:24:40.158Z,6.1968,9,SYNTH
2026-04-21 14:24:41.347Z,6.2019,4,SYNTH
2026-04-21 14:24:42.871Z,6.1965,2,SYNTH
2026-04-21 14:24:43.204Z,6.2044,3,SYNTH
2026-04-21 14:24:44.437Z,6.1983,3,SYNTH
2026-04-21 14:24:45.080Z,6.1968,3,SYNTH
2026-04-21 14:24:46.515Z,6.1993,4,SYNTH
2026-04-21 14:24:47.126Z,6.2049,3,SYNTH
2026-04-21 14:24:48.049Z,6.2021,2,SYNTH
2026-04-21 14:24:49.210Z,6.1965,4,SYNTH
2026-04-21 14:24:50.409Z,6.2033,4,SYNTH
2026-04-21 14:24:51.325Z,6.2044,3,SYNTH
2026-04-21 14:24:52.797Z,6.2017,2,SYNTH
2026-04-21 14:24:53.212Z,6.2014,4,SYNTH
2026-04-21 14:24:54.107Z,6.2051,5,SYNTH
2026-04-21 14:24:55.563Z,6.2038,2,SYNTH
2026-04-21 14:24:56.165Z,6.1963,3,SYNTH
2026-04-21 14:24:57.315Z,6.2004,3,SYNTH
2026-04-21 14:24:58.164Z,6.1984,3,SYNTH
2026-04-21 14:24:59.534Z,6.2036,3,SYNTH
2026-04-21 14:25:00.579Z,6.2037,51,SYNTH
2026-04-21 14:25:01.200Z,6.2031,56,SYNTH
2026-04-21 14:25:02.673Z,6.1977,54,SYNTH
2026-04-21 14:25:03.684Z,6.1964,39,SYNTH
2026-04-21 14:25:04.620Z,6.2028,47,SYNTH
2026-04-21 14:25:05.881Z,6.2021,77,SYNTH
2026-04-21 14:25:06.338Z,6.1968,61,SYNTH
2026-04-21 14:25:07.508Z,6.2031,43,SYNTH
2026-04-21 14:25:08.012Z,6.1981,70,SYNTH
2026-04-21 14:25:09.239Z,6.2014,65,SYNTH
2026-04-21 14:25:10.575Z,6.1976,39,SYNTH
2026-04-21 14:25:11.870Z,6.1985,86,SYNTH
2026-04-21 14:25:12.141Z,6.2039,79,SYNTH
2026-04-21 14:25:13.886Z,6.2041,113,SYNTH
2026-04-21 14:25:14.495Z,6.1982,51,SYNTH
2026-04-21 14:25:15.403Z,6.2015,29,SYNTH
2026-04-21 14:25:16.577Z,6.2038,54,SYNTH
2026-04-21 14:25:17.739Z,6.1960,50,SYNTH
2026-04-21 14:25:18.409Z,6.2017,92,SYNTH
2026-04-21 14:25:19.358Z,6.1951,93,SYNTH
2026-04-21 14:25:20.319Z,6.1956,41,SYNTH
2026-04-21 14:25:21.193Z,6.2020,46,SYNTH
2026-04-21 14:25:22.315Z,6.2024,47,SYNTH
2026-04-21 14:25:23.432Z,6.1961,33,SYNTH
2026-04-21 14:25:24.281Z,6.2019,33,SYNTH
2026-04-21 14:25:25.137Z,6.1968,49,SYNTH
2026-04-21 14:25:26.622Z,6.2020,25,SYNTH
2026-04-21 14:25:27.372Z,6.2017,52,SYNTH
2026-04-21 14:25:28.755Z,6.1960,49,SYNTH
2026-04-21 14:25:29.253Z,6.2000,57,SYNTH
2026-04-21 14:25:30.272Z,6.2033,43,SYNTH
2026-04-21 14:25:31.893Z,6.1989,29,SYNTH
2026-04-21 14:25:32.690Z,6.2016,35,SYNTH
2026-04-21 14:25:33.891Z,6.1972,34,SYNTH
2026-04-21 14:25:34.054Z,6.2014,33,SYNTH
2026-04-21 14:25:35.597Z,6.1957,31,SYNTH
2026-04-21 14:25:36.588Z,6.1990,52,SYNTH
2026-04-21 14:25:37.733Z,6.2040,149,SYNTH
2026-04-21 14:25:38.032Z,6.2033,127,SYNTH
2026-04-21 14:25:39.008Z,6.1972,125,SYNTH
2026-04-21 14:25:40.438Z,6.2026,106,SYNTH
2026-04-21 14:25:41.530Z,6.1976,60,SYNTH
2026-04-21 14:25:42.559Z,6.2022,37,SYNTH
2026-04-21 14:25:43.361Z,6.1983,35,SYNTH
2026-04-21 14:25:44.005Z,6.2022,52,SYNTH
2026-04-21 14:25:45.561Z,6.2018,95,SYNTH
2026-04-21 14:25:46.082Z,6.2009,56,SYNTH
2026-04-21 14:25:47.889Z,6.1966,49,SYNTH
2026-04-21 14:25:48.840Z,6.2011,31,SYNTH
2026-04-21 14:25:49.704Z,6.1978,42,SYNTH
2026-04-21 14:25:50.550Z,6.1969,47,SYNTH
2026-04-21 14:25:51.271Z,6.2030,35,SYNTH
2026-04-21 14:25:52.681Z,6.2049,40,SYNTH
2026-04-21 14:25:53.237Z,6.2054,52,SYNTH
2026-04-21 14:25:54.524Z,6.1992,57,SYNTH
2026-04-21 14:25:55.450Z,6.1980,87,SYNTH
2026-04-21 14:25:56.116Z,6.2006,41,SYNTH
2026-04-21 14:25:57.461Z,6.2027,91,SYNTH
2026-04-21 14:25:58.841Z,6.1989,69,SYNTH
2026-04-21 14:25:59.123Z,6.2022,41,SYNTH
2026-04-21 14:27:00.887Z,6.1907,26,SYNTH
2026-04-21 14:27:01.273Z,6.1915,28,SYNTH
2026-04-21 14:27:02.073Z,6.1875,22,SYNTH
2026-04-21 14:27:03.870Z,6.1941,20,SYNTH
2026-04-21 14:27:04.816Z,6.1868,19,SYNTH
2026-04-21 14:27:05.773Z,6.1928,26,SYNTH
2026-04-21 14:27:06.330Z,6.1908,23,SYNTH
2026-04-21 14:27:07.041Z,6.1938,22,SYNTH
2026-04-21 14:27:08.336Z,6.1877,12,SYNTH
2026-04-21 14:27:09.722Z,6.1914,21,SYNTH
2026-04-21 14:27:10.147Z,6.1911,26,SYNTH
2026-04-21 14:27:11.629Z,6.1879,38,SYNTH
2026-04-21 14:27:12.732Z,6.1931,26,SYNTH
2026-04-21 14:27:13.708Z,6.1925,29,SYNTH
2026-04-21 14:27:14.080Z,6.1863,22,SYNTH
2026-04-21 14:27:15.444Z,6.1860,22,SYNTH
2026-04-21 14:27:16.495Z,6.1907,41,SYNTH
2026-04-21 14:27:17.803Z,6.1906,24,SYNTH
2026-04-21 14:27:18.781Z,6.1917,28,SYNTH
2026-04-21 14:27:19.480Z,6.1897,33,SYNTH
2026-04-21 14:27:20.849Z,6.1887,13,SYNTH
2026-04-21 14:27:21.484Z,6.1908,14,SYNTH
2026-04-21 14:27:22.195Z,6.1920,12,SYNTH
2026-04-21 14:27:23.498Z,6.1937,12,SYNTH
2026-04-21 14:27:24.495Z,6.1877,21,SYNTH
2026-04-21 14:27:25.578Z,6.1959,15,SYNTH
2026-04-21 14:27:26.772Z,6.1975,9,SYNTH
2026-04-21 14:27:27.894Z,6.1925,9,SYNTH
2026-04-21 14:27:28.624Z,6.1948,19,SYNTH
2026-04-21 14:27:29.412Z,6.1956,8,SYNTH
2026-04-21 14:27:30.171Z,6.1989,12,SYNTH
2026-04-21 14:27:31.692Z,6.2000,13,SYNTH
2026-04-21 14:27:32.470Z,6.1944,10,SYNTH
2026-04-21 14:27:33.403Z,6.2013,10,SYNTH
2026-04-21 14:27:34.603Z,6.1995,9,SYNTH
2026-04-21 14:27:35.809Z,6.2009,14,SYNTH
2026-04-21 14:27:36.032Z,6.2030,12,SYNTH
2026-04-21 14:27:37.234Z,6.1988,24,SYNTH
2026-04-21 14:27:38.818Z,6.2034,28,SYNTH
2026-04-21 14:27:39.359Z,6.1983,47,SYNTH
2026-04-21 14:27:40.493Z,6.1957,55,SYNTH
2026-04-21 14:27:41.392Z,6.2002,16,SYNTH
2026-04-21 14:27:42.342Z,6.1975,15,SYNTH
2026-04-21 14:27:43.241Z,6.2001,11,SYNTH
2026-04-21 14:27:44.605Z,6.1955,19,SYNTH
2026-04-21 14:27:45.233Z,6.1979,23,SYNTH
2026-04-21 14:27:46.418Z,6.2030,23,SYNTH
2026-04-21 14:27:47.772Z,6.1983,31,SYNTH
2026-04-21 14:27:48.595Z,6.1941,23,SYNTH
2026-04-21 14:27:49.857Z,6.1945,16,SYNTH
2026-04-21 14:27:50.364Z,6.2014,23,SYNTH
2026-04-21 14:27:51.597Z,6.1999,23,SYNTH
2026-04-21 14:27:52.606Z,6.2004,14,SYNTH
2026-04-21 14:27:53.887Z,6.1945,16,SYNTH
2026-04-21 14:27:54.158Z,6.2023,14,SYNTH
2026-04-21 14:27:55.131Z,6.2020,15,SYNTH
2026-04-21 14:27:56.253Z,6.1965,14,SYNTH
2026-04-21 14:27:57.638Z,6.1958,20,SYNTH
2026-04-21 14:27:58.804Z,6.2002,24,SYNTH
2026-04-21 14:27:59.397Z,6.2040,23,SYNTH
2026-04-21 14:31:00.311Z,6.1765,122,SYNTH
2026-04-21 14:31:01.649Z,6.1698,121,SYNTH
2026-04-21 14:31:02.194Z,6.1768,129,SYNTH
2026-04-21 14:31:03.048Z,6.1685,127,SYNTH
2026-04-21 14:31:04.034Z,6.1698,106,SYNTH
2026-04-21 14:31:05.270Z,6.1664,50,SYNTH
2026-04-21 14:31:06.193Z,6.1642,111,SYNTH
2026-04-21 14:31:07.171Z,6.1640,112,SYNTH
2026-04-21 14:31:08.789Z,6.1645,53,SYNTH
2026-04-21 14:31:09.810Z,6.1577,84,SYNTH
2026-04-21 14:31:10.257Z,6.1586,107,SYNTH
2026-04-21 14:31:11.370Z,6.1598,125,SYNTH
2026-04-21 14:31:12.060Z,6.1622,232,SYNTH
2026-04-21 14:31:13.785Z,6.1627,111,SYNTH
2026-04-21 14:31:14.375Z,6.1600,103,SYNTH
2026-04-21 14:31:15.092Z,6.1638,79,SYNTH
2026-04-21 14:31:16.123Z,6.1670,104,SYNTH
2026-04-21 14:31:17.744Z,6.1693,100,SYNTH
2026-04-21 14:31:18.652Z,6.1628,145,SYNTH
2026-04-21 14:31:19.407Z,6.1648,104,SYNTH
2026-04-21 14:31:20.597Z,6.1688,66,SYNTH
2026-04-21 14:31:21.399Z,6.1639,77,SYNTH
2026-04-21 14:31:22.813Z,6.1693,92,SYNTH
2026-04-21 14:31:23.033Z,6.1688,46,SYNTH
2026-04-21 14:31:24.584Z,6.1672,41,SYNTH
2026-04-21 14:31:25.621Z,6.1674,73,SYNTH
2026-04-21 14:31:26.139Z,6.1729,83,SYNTH
2026-04-21 14:31:27.793Z,6.1730,42,SYNTH
2026-04-21 14:31:28.153Z,6.1720,54,SYNTH
2026-04-21 14:31:29.465Z,6.1702,43,SYNTH
2026-04-21 14:31:30.125Z,6.1685,49,SYNTH
2026-04-21 14:31:31.755Z,6.1731,48,SYNTH
2026-04-21 14:31:32.839Z,6.1752,48,SYNTH
2026-04-21 14:31:33.198Z,6.1716,79,SYNTH
2026-04-21 14:31:34.600Z,6.1763,41,SYNTH
2026-04-21 14:31:35.391Z,6.1791,69,SYNTH
2026-04-21 14:31:36.785Z,6.1739,82,SYNTH
2026-04-21 14:31:37.429Z,6.1787,172,SYNTH
2026-04-21 14:31:38.200Z,6.1740,114,SYNTH
2026-04-21 14:31:39.682Z,6.1714,170,SYNTH
2026-04-21 14:31:40.849Z,6.1789,226,SYNTH
2026-04-21 14:31:41.006Z,6.1700,43,SYNTH
2026-04-21 14:31:42.153Z,6.1779,60,SYNTH
2026-04-21 14:31:43.799Z,6.1774,82,SYNTH
2026-04-21 14:31:44.480Z,6.1746,49,SYNTH
2026-04-21 14:31:45.835Z,6.1777,85,SYNTH
2026-04-21 14:31:46.646Z,6.1710,100,SYNTH
2026-04-21 14:31:47.302Z,6.1787,143,SYNTH
2026-04-21 14:31:48.582Z,6.1736,66,SYNTH
2026-04-21 14:31:49.297Z,6.1789,99,SYNTH
2026-04-21 14:31:50.381Z,6.1754,94,SYNTH
2026-04-21 14:31:51.067Z,6.1735,63,SYNTH
2026-04-21 14:31:52.629Z,6.1719,75,SYNTH
2026-04-21 14:31:53.141Z,6.1771,122,SYNTH
2026-04-21 14:31:54.724Z,6.1752,75,SYNTH
2026-04-21 14:31:55.740Z,6.1705,70,SYNTH
2026-04-21 14:31:56.160Z,6.1748,68,SYNTH
2026-04-21 14:31:57.464Z,6.1782,84,SYNTH
2026-04-21 14:31:58.103Z,6.1793,129,SYNTH
2026-04-21 14:31:59.547Z,6.1732,101,SYNTH
2026-04-21 14:32:00.175Z,6.1622,12,SYNTH
2026-04-21 14:32:01.189Z,6.1620,10,SYNTH
2026-04-21 14:32:02.088Z,6.1586,7,SYNTH
2026-04-21 14:32:03.680Z,6.1577,7,SYNTH
2026-04-21 14:32:04.402Z,6.1620,10,SYNTH
2026-04-21 14:32:05.485Z,6.1589,10,SYNTH
2026-04-21 14:32:06.269Z,6.1634,8,SYNTH
2026-04-21 14:32:07.719Z,6.1619,9,SYNTH
2026-04-21 14:32:08.047Z,6.1571,7,SYNTH
2026-04-21 14:32:09.257Z,6.1626,9,SYNTH
2026-04-21 14:32:10.786Z,6.1563,7,SYNTH
2026-04-21 14:32:11.132Z,6.1557,25,SYNTH
2026-04-21 14:32:12.040Z,6.1634,28,SYNTH
2026-04-21 14:32:13.528Z,6.1572,16,SYNTH
2026-04-21 14:32:14.739Z,6.1554,9,SYNTH
2026-04-21 14:32:15.326Z,6.1622,9,SYNTH
2026-04-21 14:32:16.475Z,6.1580,13,SYNTH
2026-04-21 14:32:17.351Z,6.1621,13,SYNTH
2026-04-21 14:32:18.369Z,6.1618,17,SYNTH
2026-04-21 14:32:19.778Z,6.1592,12,SYNTH
2026-04-21 14:32:20.102Z,6.1647,8,SYNTH
2026-04-21 14:32:21.238Z,6.1599,7,SYNTH
2026-04-21 14:32:22.807Z,6.1560,9,SYNTH
2026-04-21 14:32:23.663Z,6.1629,7,SYNTH
2026-04-21 14:32:24.711Z,6.1602,9,SYNTH
2026-04-21 14:32:25.852Z,6.1609,4,SYNTH
2026-04-21 14:32:26.298Z,6.1641,8,SYNTH
2026-04-21 14:32:27.541Z,6.1635,8,SYNTH
2026-04-21 14:32:28.278Z,6.1626,6,SYNTH
2026-04-21 14:32:29.737Z,6.1580,9,SYNTH
2026-04-21 14:32:30.621Z,6.1635,5,SYNTH
2026-04-21 14:32:31.704Z,6.1581,9,SYNTH
2026-04-21 14:32:32.187Z,6.1628,7,SYNTH
2026-04-21 14:32:33.791Z,6.1580,7,SYNTH
2026-04-21 14:32:34.498Z,6.1616,5,SYNTH
2026-04-21 14:32:35.072Z,6.1618,7,SYNTH
2026-04-21 14:32:36.102Z,6.1597,5,SYNTH
2026-04-21 14:32:37.522Z,6.1631,11,SYNTH
2026-04-21 14:32:38.375Z,6.1626,25,SYNTH
2026-04-21 14:32:39.649Z,6.1570,16,SYNTH
2026-04-21 14:32:40.372Z,6.1565,13,SYNTH
2026-04-21 14:32:41.577Z,6.1647,5,SYNTH
2026-04-21 14:32:42.071Z,6.1555,4,SYNTH
2026-04-21 14:32:43.212Z,6.1623,6,SYNTH
2026-04-21 14:32:44.385Z,6.1649,8,SYNTH
2026-04-21 14:32:45.685Z,6.1594,10,SYNTH
2026-04-21 14:32:46.335Z,6.1569,17,SYNTH
2026-04-21 14:32:47.603Z,6.1577,16,SYNTH
2026-04-21 14:32:48.329Z,6.1615,9,SYNTH
2026-04-21 14:32:49.804Z,6.1614,5,SYNTH
2026-04-21 14:32:50.033Z,6.1574,6,SYNTH
2026-04-21 14:32:51.454Z,6.1641,11,SYNTH
2026-04-21 14:32:52.691Z,6.1577,9,SYNTH
2026-04-21 14:32:53.118Z,6.1582,7,SYNTH
2026-04-21 14:32:54.835Z,6.1648,9,SYNTH
2026-04-21 14:32:55.552Z,6.1626,13,SYNTH
2026-04-21 14:32:56.519Z,6.1604,11,SYNTH
2026-04-21 14:32:57.430Z,6.1598,11,SYNTH
2026-04-21 14:32:58.827Z,6.1615,8,SYNTH
2026-04-21 14:32:59.757Z,6.1565,14,SYNTH
2026-04-21 14:36:00.167Z,6.1467,4,SYNTH
2026-04-21 14:36:01.653Z,6.1443,6,SYNTH
2026-04-21 14:36:02.093Z,6.1422,7,SYNTH
2026-04-21 14:36:03.803Z,6.1421,3,SYNTH
2026-04-21 14:36:04.099Z,6.1497,6,SYNTH
2026-04-21 14:36:05.228Z,6.1485,5,SYNTH
2026-04-21 14:36:06.856Z,6.1424,4,SYNTH
2026-04-21 14:36:07.768Z,6.1474,3,SYNTH
2026-04-21 14:36:08.200Z,6.1433,4,SYNTH
2026-04-21 14:36:09.262Z,6.1414,3,SYNTH
2026-04-21 14:36:10.426Z,6.1411,4,SYNTH
2026-04-21 14:36:11.110Z,6.1470,13,SYNTH
2026-04-21 14:36:12.553Z,6.1462,8,SYNTH
2026-04-21 14:36:13.402Z,6.1442,14,SYNTH
2026-04-21 14:36:14.671Z,6.1421,5,SYNTH
2026-04-21 14:36:15.683Z,6.1492,3,SYNTH
2026-04-21 14:36:16.269Z,6.1436,4,SYNTH
2026-04-21 14:36:17.737Z,6.1478,9,SYNTH
2026-04-21 14:36:18.129Z,6.1435,9,SYNTH
2026-04-21 14:36:19.015Z,6.1467,9,SYNTH
2026-04-21 14:36:20.497Z,6.1429,4,SYNTH
2026-04-21 14:36:21.388Z,6.1406,5,SYNTH
2026-04-21 14:36:22.292Z,6.1467,4,SYNTH
2026-04-21 14:36:23.808Z,6.1436,3,SYNTH
2026-04-21 14:36:24.567Z,6.1451,3,SYNTH
2026-04-21 14:36:25.654Z,6.1451,3,SYNTH
2026-04-21 14:36:26.680Z,6.1426,4,SYNTH
2026-04-21 14:36:27.516Z,6.1487,3,SYNTH
2026-04-21 14:36:28.630Z,6.1441,2,SYNTH
2026-04-21 14:36:29.099Z,6.1429,3,SYNTH
2026-04-21 14:36:30.233Z,6.1461,2,SYNTH
2026-04-21 14:36:31.783Z,6.1475,4,SYNTH
2026-04-21 14:36:32.351Z,6.1444,3,SYNTH
2026-04-21 14:36:33.413Z,6.1485,4,SYNTH
2026-04-21 14:36:34.716Z,6.1412,5,SYNTH
2026-04-21 14:36:35.111Z,6.1497,2,SYNTH
2026-04-21 14:36:36.117Z,6.1417,3,SYNTH
2026-04-21 14:36:37.656Z,6.1496,12,SYNTH
2026-04-21 14:36:38.666Z,6.1416,12,SYNTH
2026-04-21 14:36:39.417Z,6.1499,10,SYNTH
2026-04-21 14:36:40.002Z,6.1441,11,SYNTH
2026-04-21 14:36:41.553Z,6.1464,3,SYNTH
2026-04-21 14:36:42.343Z,6.1482,3,SYNTH
2026-04-21 14:36:43.190Z,6.1400,3,SYNTH
2026-04-21 14:36:44.397Z,6.1454,4,SYNTH
2026-04-21 14:36:45.700Z,6.1483,6,SYNTH
2026-04-21 14:36:46.820Z,6.1428,4,SYNTH
2026-04-21 14:36:47.569Z,6.1437,8,SYNTH
2026-04-21 14:36:48.123Z,6.1482,4,SYNTH
2026-04-21 14:36:49.331Z,6.1410,3,SYNTH
2026-04-21 14:36:50.725Z,6.1468,5,SYNTH
2026-04-21 14:36:51.066Z,6.1421,5,SYNTH
2026-04-21 14:36:52.054Z,6.1474,5,SYNTH
2026-04-21 14:36:53.737Z,6.1426,6,SYNTH
2026-04-21 14:36:54.089Z,6.1471,4,SYNTH
2026-04-21 14:36:55.223Z,6.1432,6,SYNTH
2026-04-21 14:36:56.856Z,6.1400,5,SYNTH
2026-04-21 14:36:57.659Z,6.1462,6,SYNTH
2026-04-21 14:36:58.756Z,6.1472,4,SYNTH
2026-04-21 14:36:59.354Z,6.1446,4,SYNTH
2026-04-21 14:37:00.886Z,6.1434,20,SYNTH
2026-04-21 14:37:01.496Z,6.1377,22,SYNTH
2026-04-21 14:37:02.842Z,6.1438,25,SYNTH
2026-04-21 14:37:03.614Z,6.1388,15,SYNTH
2026-04-21 14:37:04.366Z,6.1406,21,SYNTH
2026-04-21 14:37:05.702Z,6.1349,12,SYNTH
2026-04-21 14:37:06.849Z,6.1420,16,SYNTH
2026-04-21 14:37:07.854Z,6.1434,23,SYNTH
2026-04-21 14:37:08.380Z,6.1363,13,SYNTH
2026-04-21 14:37:09.542Z,6.1366,15,SYNTH
2026-04-21 14:37:10.650Z,6.1376,12,SYNTH
2026-04-21 14:37:11.274Z,6.1364,48,SYNTH
2026-04-21 14:37:12.242Z,6.1401,28,SYNTH
2026-04-21 14:37:13.791Z,6.1423,57,SYNTH
2026-04-21 14:37:14.506Z,6.1388,14,SYNTH
2026-04-21 14:37:15.175Z,6.1416,21,SYNTH
2026-04-21 14:37:16.626Z,6.1358,30,SYNTH
2026-04-21 14:37:17.777Z,6.1361,30,SYNTH
2026-04-21 14:37:18.833Z,6.1438,21,SYNTH
2026-04-21 14:37:19.049Z,6.1392,25,SYNTH
2026-04-21 14:37:20.113Z,6.1409,15,SYNTH
2026-04-21 14:37:21.787Z,6.1381,10,SYNTH
2026-04-21 14:37:22.076Z,6.1410,14,SYNTH
2026-04-21 14:37:23.396Z,6.1415,10,SYNTH
2026-04-21 14:37:24.198Z,6.1334,16,SYNTH
2026-04-21 14:37:25.158Z,6.1398,10,SYNTH
2026-04-21 14:37:26.228Z,6.1328,9,SYNTH
2026-04-21 14:37:27.621Z,6.1364,11,SYNTH
2026-04-21 14:37:28.372Z,6.1351,10,SYNTH
2026-04-21 14:37:29.604Z,6.1316,14,SYNTH
2026-04-21 14:37:30.666Z,6.1303,19,SYNTH
2026-04-21 14:37:31.894Z,6.1360,19,SYNTH
2026-04-21 14:37:32.563Z,6.1302,18,SYNTH
2026-04-21 14:37:33.835Z,6.1312,12,SYNTH
2026-04-21 14:37:34.398Z,6.1321,11,SYNTH
2026-04-21 14:37:35.113Z,6.1289,18,SYNTH
2026-04-21 14:37:36.714Z,6.1349,15,SYNTH
2026-04-21 14:37:37.225Z,6.1279,42,SYNTH
2026-04-21 14:37:38.832Z,6.1286,37,SYNTH
2026-04-21 14:37:39.528Z,6.1282,36,SYNTH
2026-04-21 14:37:40.527Z,6.1308,49,SYNTH
2026-04-21 14:37:41.439Z,6.1337,13,SYNTH
2026-04-21 14:37:42.787Z,6.1265,13,SYNTH
2026-04-21 14:37:43.035Z,6.1331,14,SYNTH
2026-04-21 14:37:44.381Z,6.1269,19,SYNTH
2026-04-21 14:37:45.008Z,6.1272,27,SYNTH
2026-04-21 14:37:46.880Z,6.1324,26,SYNTH
2026-04-21 14:37:47.843Z,6.1290,26,SYNTH
2026-04-21 14:37:48.756Z,6.1273,14,SYNTH
2026-04-21 14:37:49.836Z,6.1338,18,SYNTH
2026-04-21 14:37:50.182Z,6.1273,11,SYNTH
2026-04-21 14:37:51.161Z,6.1300,23,SYNTH
2026-04-21 14:37:52.188Z,6.1335,17,SYNTH
2026-04-21 14:37:53.147Z,6.1340,28,SYNTH
2026-04-21 14:37:54.403Z,6.1296,25,SYNTH
2026-04-21 14:37:55.395Z,6.1295,30,SYNTH
2026-04-21 14:37:56.253Z,6.1351,16,SYNTH
2026-04-21 14:37:57.870Z,6.1273,22,SYNTH
2026-04-21 14:37:58.687Z,6.1274,26,SYNTH
2026-04-21 14:37:59.039Z,6.1325,28,SYNTH
2026-04-21 14:38:00.003Z,6.1234,15,SYNTH
2026-04-21 14:38:01.084Z,6.1226,14,SYNTH
2026-04-21 14:38:02.086Z,6.1159,24,SYNTH
2026-04-21 14:38:03.154Z,6.1237,30,SYNTH
2026-04-21 14:38:04.616Z,6.1175,25,SYNTH
2026-04-21 14:38:05.706Z,6.1157,26,SYNTH
2026-04-21 14:38:06.115Z,6.1209,22,SYNTH
2026-04-21 14:38:07.395Z,6.1187,17,SYNTH
2026-04-21 14:38:08.023Z,6.1199,18,SYNTH
2026-04-21 14:38:09.656Z,6.1233,27,SYNTH
2026-04-21 14:38:10.253Z,6.1243,20,SYNTH
2026-04-21 14:38:11.722Z,6.1178,67,SYNTH
2026-04-21 14:38:12.249Z,6.1176,47,SYNTH
2026-04-21 14:38:13.759Z,6.1247,54,SYNTH
2026-04-21 14:38:14.312Z,6.1197,22,SYNTH
2026-04-21 14:38:15.465Z,6.1162,23,SYNTH
2026-04-21 14:38:16.762Z,6.1208,30,SYNTH
2026-04-21 14:38:17.738Z,6.1152,27,SYNTH
2026-04-21 14:38:18.727Z,6.1180,39,SYNTH
2026-04-21 14:38:19.193Z,6.1179,40,SYNTH
2026-04-21 14:38:20.414Z,6.1173,13,SYNTH
2026-04-21 14:38:21.178Z,6.1149,18,SYNTH
2026-04-21 14:38:22.122Z,6.1231,12,SYNTH
2026-04-21 14:38:23.810Z,6.1157,10,SYNTH
2026-04-21 14:38:24.184Z,6.1218,19,SYNTH
2026-04-21 14:38:25.113Z,6.1159,21,SYNTH
2026-04-21 14:38:26.829Z,6.1143,9,SYNTH
2026-04-21 14:38:27.845Z,6.1151,14,SYNTH
2026-04-21 14:38:28.201Z,6.1194,20,SYNTH
2026-04-21 14:38:29.476Z,6.1128,14,SYNTH
2026-04-21 14:38:30.439Z,6.1132,18,SYNTH
2026-04-21 14:38:31.049Z,6.1095,19,SYNTH
2026-04-21 14:38:32.204Z,6.1143,22,SYNTH
2026-04-21 14:38:33.762Z,6.1091,11,SYNTH
2026-04-21 14:38:34.862Z,6.1074,13,SYNTH
2026-04-21 14:38:35.740Z,6.1088,20,SYNTH
2026-04-21 14:38:36.049Z,6.1096,18,SYNTH
2026-04-21 14:38:37.632Z,6.1120,28,SYNTH
2026-04-21 14:38:38.402Z,6.1088,46,SYNTH
2026-04-21 14:38:39.864Z,6.1139,27,SYNTH
2026-04-21 14:38:40.617Z,6.1079,35,SYNTH
2026-04-21 14:38:41.834Z,6.1057,16,SYNTH
2026-04-21 14:38:42.048Z,6.1138,13,SYNTH
2026-04-21 14:38:43.830Z,6.1144,20,SYNTH
2026-04-21 14:38:44.389Z,6.1070,21,SYNTH
2026-04-21 14:38:45.131Z,6.1123,37,SYNTH
2026-04-21 14:38:46.225Z,6.1081,20,SYNTH
2026-04-21 14:38:47.198Z,6.1071,24,SYNTH
2026-04-21 14:38:48.876Z,6.1141,22,SYNTH
2026-04-21 14:38:49.794Z,6.1079,13,SYNTH
2026-04-21 14:38:50.410Z,6.1078,23,SYNTH
2026-04-21 14:38:51.807Z,6.1122,15,SYNTH
2026-04-21 14:38:52.281Z,6.1097,16,SYNTH
2026-04-21 14:38:53.483Z,6.1129,16,SYNTH
2026-04-21 14:38:54.454Z,6.1149,19,SYNTH
2026-04-21 14:38:55.466Z,6.1093,25,SYNTH
2026-04-21 14:38:56.656Z,6.1065,13,SYNTH
2026-04-21 14:38:57.204Z,6.1136,24,SYNTH
2026-04-21 14:38:58.032Z,6.1082,18,SYNTH
2026-04-21 14:38:59.568Z,6.1120,34,SYNTH
2026-04-21 14:39:00.230Z,6.1101,31,SYNTH
2026-04-21 14:39:01.497Z,6.1052,48,SYNTH
2026-04-21 14:39:02.117Z,6.1132,28,SYNTH
2026-04-21 14:39:03.199Z,6.1075,29,SYNTH
2026-04-21 14:39:04.270Z,6.1102,22,SYNTH
2026-04-21 14:39:05.323Z,6.1139,30,SYNTH
2026-04-21 14:39:06.639Z,6.1120,30,SYNTH
2026-04-21 14:39:07.213Z,6.1072,24,SYNTH
2026-04-21 14:39:08.334Z,6.1103,23,SYNTH
2026-04-21 14:39:09.407Z,6.1134,32,SYNTH
2026-04-21 14:39:10.155Z,6.1098,36,SYNTH
2026-04-21 14:39:11.477Z,6.1130,60,SYNTH
2026-04-21 14:39:12.159Z,6.1133,46,SYNTH
2026-04-21 14:39:13.741Z,6.1074,50,SYNTH
2026-04-21 14:39:14.554Z,6.1066,36,SYNTH
2026-04-21 14:39:15.790Z,6.1088,17,SYNTH
2026-04-21 14:39:16.010Z,6.1135,50,SYNTH
2026-04-21 14:39:17.362Z,6.1092,52,SYNTH
2026-04-21 14:39:18.124Z,6.1072,58,SYNTH
2026-04-21 14:39:19.255Z,6.1098,31,SYNTH
2026-04-21 14:39:20.362Z,6.1113,33,SYNTH
2026-04-21 14:39:21.395Z,6.1141,34,SYNTH
2026-04-21 14:39:22.577Z,6.1083,20,SYNTH
2026-04-21 14:39:23.051Z,6.1160,21,SYNTH
2026-04-21 14:39:24.132Z,6.1069,28,SYNTH
2026-04-21 14:39:25.232Z,6.1164,14,SYNTH
2026-04-21 14:39:26.416Z,6.1164,26,SYNTH
2026-04-21 14:39:27.416Z,6.1161,19,SYNTH
2026-04-21 14:39:28.361Z,6.1172,32,SYNTH
2026-04-21 14:39:29.282Z,6.1143,16,SYNTH
2026-04-21 14:39:30.055Z,6.1185,24,SYNTH
2026-04-21 14:39:31.887Z,6.1187,21,SYNTH
2026-04-21 14:39:32.819Z,6.1166,25,SYNTH
2026-04-21 14:39:33.849Z,6.1204,28,SYNTH
2026-04-21 14:39:34.672Z,6.1217,23,SYNTH
2026-04-21 14:39:35.838Z,6.1199,24,SYNTH
2026-04-21 14:39:36.486Z,6.1232,24,SYNTH
2026-04-21 14:39:37.486Z,6.1189,73,SYNTH
2026-04-21 14:39:38.653Z,6.1229,84,SYNTH
2026-04-21 14:39:39.597Z,6.1164,66,SYNTH
2026-04-21 14:39:40.734Z,6.1176,85,SYNTH
2026-04-21 14:39:41.889Z,6.1179,18,SYNTH
2026-04-21 14:39:42.439Z,6.1140,33,SYNTH
2026-04-21 14:39:43.780Z,6.1237,32,SYNTH
2026-04-21 14:39:44.318Z,6.1165,31,SYNTH
2026-04-21 14:39:45.431Z,6.1213,47,SYNTH
2026-04-21 14:39:46.544Z,6.1157,55,SYNTH
2026-04-21 14:39:47.579Z,6.1149,47,SYNTH
2026-04-21 14:39:48.334Z,6.1192,32,SYNTH
2026-04-21 14:39:49.186Z,6.1199,20,SYNTH
2026-04-21 14:39:50.795Z,6.1132,33,SYNTH
2026-04-21 14:39:51.070Z,6.1118,30,SYNTH
2026-04-21 14:39:52.016Z,6.1160,42,SYNTH
2026-04-21 14:39:53.463Z,6.1110,25,SYNTH
2026-04-21 14:39:54.558Z,6.1116,22,SYNTH
2026-04-21 14:39:55.555Z,6.1111,46,SYNTH
2026-04-21 14:39:56.259Z,6.1087,40,SYNTH
2026-04-21 14:39:57.877Z,6.1068,30,SYNTH
2026-04-21 14:39:58.676Z,6.1059,36,SYNTH
2026-04-21 14:39:59.130Z,6.1110,52,SYNTH
2026-04-21 14:40:00.173Z,6.1174,287,SYNTH
2026-04-21 14:40:01.566Z,6.1130,147,SYNTH
2026-04-21 14:40:02.513Z,6.1178,184,SYNTH
2026-04-21 14:40:03.341Z,6.1135,204,SYNTH
2026-04-21 14:40:04.064Z,6.1166,231,SYNTH
2026-04-21 14:40:05.241Z,6.1153,132,SYNTH
2026-04-21 14:40:06.313Z,6.1165,234,SYNTH
2026-04-21 14:40:07.353Z,6.1141,113,SYNTH
2026-04-21 14:40:08.501Z,6.1200,109,SYNTH
2026-04-21 14:40:09.690Z,6.1191,118,SYNTH
2026-04-21 14:40:10.683Z,6.1138,186,SYNTH
2026-04-21 14:40:11.075Z,6.1133,471,SYNTH
2026-04-21 14:40:12.244Z,6.1149,340,SYNTH
2026-04-21 14:40:13.143Z,6.1184,460,SYNTH
2026-04-21 14:40:14.013Z,6.1146,96,SYNTH
2026-04-21 14:40:15.279Z,6.1169,198,SYNTH
2026-04-21 14:40:16.353Z,6.1129,158,SYNTH
2026-04-21 14:40:17.637Z,6.1116,329,SYNTH
2026-04-21 14:40:18.679Z,6.1178,361,SYNTH
2026-04-21 14:40:19.710Z,6.1117,153,SYNTH
2026-04-21 14:40:20.843Z,6.1170,116,SYNTH
2026-04-21 14:40:21.207Z,6.1103,158,SYNTH
2026-04-21 14:40:22.021Z,6.1127,123,SYNTH
2026-04-21 14:40:23.622Z,6.1078,166,SYNTH
2026-04-21 14:40:24.245Z,6.1071,140,SYNTH
2026-04-21 14:40:25.267Z,6.1050,85,SYNTH
2026-04-21 14:40:26.597Z,6.1105,169,SYNTH
2026-04-21 14:40:27.349Z,6.1024,98,SYNTH
2026-04-21 14:40:28.287Z,6.1084,176,SYNTH
2026-04-21 14:40:29.428Z,6.1024,80,SYNTH
2026-04-21 14:40:30.232Z,6.1029,115,SYNTH
2026-04-21 14:40:31.022Z,6.0964,124,SYNTH
2026-04-21 14:40:32.196Z,6.1020,183,SYNTH
2026-04-21 14:40:33.007Z,6.0983,179,SYNTH
2026-04-21 14:40:34.096Z,6.0930,78,SYNTH
2026-04-21 14:40:35.359Z,6.0921,119,SYNTH
2026-04-21 14:40:36.526Z,6.0986,79,SYNTH
2026-04-21 14:40:37.795Z,6.0941,254,SYNTH
2026-04-21 14:40:38.429Z,6.0994,445,SYNTH
2026-04-21 14:40:39.796Z,6.0916,489,SYNTH
2026-04-21 14:40:40.770Z,6.0927,264,SYNTH
2026-04-21 14:40:41.086Z,6.0982,86,SYNTH
2026-04-21 14:40:42.814Z,6.0939,96,SYNTH
2026-04-21 14:40:43.844Z,6.0979,170,SYNTH
2026-04-21 14:40:44.086Z,6.0941,177,SYNTH
2026-04-21 14:40:45.823Z,6.0982,151,SYNTH
2026-04-21 14:40:46.290Z,6.0954,144,SYNTH
2026-04-21 14:40:47.814Z,6.0993,140,SYNTH
2026-04-21 14:40:48.798Z,6.0977,219,SYNTH
2026-04-21 14:40:49.570Z,6.1009,192,SYNTH
2026-04-21 14:40:50.613Z,6.0934,217,SYNTH
2026-04-21 14:40:51.058Z,6.0998,196,SYNTH
2026-04-21 14:40:52.569Z,6.0981,246,SYNTH
2026-04-21 14:40:53.896Z,6.0983,213,SYNTH
