TimestampUtc,Bid,Ask,BidSize,AskSize,SpreadBps
2026-03-09 13:30:00.235Z,10.6818,10.7042,412,424,20.9
2026-03-09 13:30:01.794Z,10.6837,10.7019,349,626,17.0
2026-03-09 13:30:02.051Z,10.6821,10.7023,199,650,18.9
2026-03-09 13:30:03.852Z,10.6839,10.7019,629,199,16.8
2026-03-09 13:30:04.386Z,10.6799,10.7015,146,362,20.2
2026-03-09 13:30:05.516Z,10.6814,10.7074,192,246,24.3
2026-03-09 13:30:06.238Z,10.6850,10.7046,325,227,18.3
2026-03-09 13:30:07.512Z,10.6842,10.7054,154,285,19.8
2026-03-09 13:30:08.860Z,10.6831,10.7011,175,178,16.8
2026-03-09 13:30:09.647Z,10.6810,10.7028,266,544,20.4
2026-03-09 13:30:10.746Z,10.6835,10.7045,261,136,19.6
2026-03-09 13:30:11.639Z,10.6851,10.7027,458,1173,16.5
2026-03-09 13:30:12.819Z,10.6859,10.7043,528,613,17.2
2026-03-09 13:30:13.570Z,10.6779,10.7039,457,1122,24.3
2026-03-09 13:30:14.270Z,10.6846,10.7018,500,278,16.1
2026-03-09 13:30:15.281Z,10.6824,10.7050,446,154,21.1
2026-03-09 13:30:16.777Z,10.6861,10.7033,490,302,16.1
2026-03-09 13:30:17.683Z,10.6867,10.7039,464,336,16.1
2026-03-09 13:30:18.336Z,10.6858,10.7030,141,297,16.1
2026-03-09 13:30:19.650Z,10.6887,10.7067,819,294,16.8
2026-03-09 13:30:20.694Z,10.7006,10.7264,131,100,24.1
2026-03-09 13:30:21.723Z,10.7186,10.7488,337,210,28.1
2026-03-09 13:30:22.828Z,10.7375,10.7683,204,100,28.6
2026-03-09 13:30:23.733Z,10.7704,10.8006,298,157,28.0
2026-03-09 13:30:24.471Z,10.7982,10.8354,428,163,34.4
2026-03-09 13:30:25.186Z,10.8314,10.8722,293,156,37.6
2026-03-09 13:30:26.215Z,10.8697,10.9151,139,122,41.7
2026-03-09 13:30:27.491Z,10.9066,10.9496,183,194,39.3
2026-03-09 13:30:28.219Z,10.9516,10.9946,410,223,39.2
2026-03-09 13:30:29.699Z,10.9913,11.0317,266,197,36.7
2026-03-09 13:30:30.572Z,11.0315,11.0657,200,125,31.0
2026-03-09 13:30:31.149Z,11.0678,11.1076,162,175,35.9
2026-03-09 13:30:32.079Z,11.1015,11.1449,279,124,39.0
2026-03-09 13:30:33.078Z,11.1410,11.1752,326,225,30.7
2026-03-09 13:30:34.877Z,11.1742,11.2024,258,196,25.2
2026-03-09 13:30:35.758Z,11.1950,11.2306,212,234,31.7
2026-03-09 13:30:36.564Z,11.2148,11.2416,242,286,23.9
2026-03-09 13:30:37.022Z,11.2281,11.2557,830,254,24.6
2026-03-09 13:30:38.028Z,11.2354,11.2618,581,359,23.5
2026-03-09 13:30:39.335Z,11.2392,11.2624,513,236,20.6
2026-03-09 13:30:40.443Z,11.2249,11.2545,294,566,26.3
2026-03-09 13:30:41.567Z,11.2173,11.2389,128,217,19.2
2026-03-09 13:30:42.370Z,11.1937,11.2229,133,491,26.1
2026-03-09 13:30:43.596Z,11.1792,11.2092,165,179,26.8
2026-03-09 13:30:44.472Z,11.1682,11.1930,117,325,22.2
2026-03-09 13:30:45.124Z,11.1577,11.1833,198,263,22.9
2026-03-09 13:30:46.076Z,11.1526,11.1752,220,306,20.2
2026-03-09 13:30:47.655Z,11.1577,11.1753,583,245,15.8
2026-03-09 13:30:48.836Z,11.1522,11.1750,213,414,20.4
2026-03-09 13:30:49.536Z,11.1457,11.1699,230,630,21.7
2026-03-09 13:30:50.537Z,11.1410,11.1656,100,269,22.1
2026-03-09 13:30:51.168Z,11.1358,11.1578,217,330,19.7
2026-03-09 13:30:52.069Z,11.1259,11.1501,242,336,21.7
2026-03-09 13:30:53.894Z,11.1229,11.1445,182,382,19.4
2026-03-09 13:30:54.546Z,11.1144,11.1416,253,449,24.4
2026-03-09 13:30:55.781Z,11.1025,11.1323,100,244,26.8
2026-03-09 13:30:56.456Z,11.1050,11.1230,239,439,16.2
2026-03-09 13:30:57.282Z,11.1014,11.1208,208,459,17.5
2026-03-09 13:30:58.329Z,11.0995,11.1213,324,749,19.6
2026-03-09 13:30:59.403Z,11.0940,11.1192,159,511,22.7
2026-03-09 13:31:00.722Z,11.2191,11.2409,100,100,19.4
2026-03-09 13:31:01.008Z,11.2177,11.2393,100,100,19.2
2026-03-09 13:31:02.822Z,11.2240,11.2504,100,100,23.5
2026-03-09 13:31:03.150Z,11.2309,11.2497,100,100,16.7
2026-03-09 13:31:04.674Z,11.2327,11.2551,100,100,19.9
2026-03-09 13:31:05.872Z,11.2406,11.2680,100,100,24.3
2026-03-09 13:31:06.032Z,11.2483,11.2769,100,100,25.4
2026-03-09 13:31:07.443Z,11.2599,11.2821,100,100,19.7
2026-03-09 13:31:08.460Z,11.2636,11.2842,100,100,18.3
2026-03-09 13:31:09.042Z,11.2669,11.2919,100,100,22.2
2026-03-09 13:31:10.458Z,11.2780,11.2990,100,100,18.6
2026-03-09 13:31:11.208Z,11.2795,11.2987,100,100,17.0
2026-03-09 13:31:12.260Z,11.2836,11.3014,100,100,15.8
2026-03-09 13:31:13.866Z,11.2746,11.2968,100,100,19.7
2026-03-09 13:31:14.777Z,11.2780,11.2964,100,100,16.3
2026-03-09 13:31:15.315Z,11.2689,11.2923,100,100,20.7
2026-03-09 13:31:16.194Z,11.2700,11.2884,100,100,16.3
2026-03-09 13:31:17.815Z,11.2658,11.2870,100,100,18.8
2026-03-09 13:31:18.104Z,11.2661,11.2891,100,100,20.4
2026-03-09 13:31:19.404Z,11.2692,11.2870,100,100,15.8
2026-03-09 13:31:20.616Z,11.2622,11.2826,100,100,18.1
2026-03-09 13:31:21.271Z,11.2618,11.2866,100,100,22.0
2026-03-09 13:31:22.652Z,11.2578,11.2822,100,100,21.7
2026-03-09 13:31:23.063Z,11.2576,11.2814,100,100,21.1
2026-03-09 13:31:24.440Z,11.2493,11.2757,100,100,23.4
2026-03-09 13:31:25.069Z,11.2512,11.2718,100,100,18.3
2026-03-09 13:31:26.126Z,11.2452,11.2710,100,100,22.9
2026-03-09 13:31:27.883Z,11.2409,11.2605,100,100,17.4
2026-03-09 13:31:28.847Z,11.2424,11.2594,100,100,15.1
2026-03-09 13:31:29.322Z,11.2334,11.2590,100,100,22.8
2026-03-09 13:31:30.460Z,11.2282,11.2542,100,100,23.1
2026-03-09 13:31:31.789Z,11.2279,11.2497,100,100,19.4
2026-03-09 13:31:32.712Z,11.2202,11.2448,100,100,21.9
2026-03-09 13:31:33.667Z,11.2187,11.2417,100,100,20.5
2026-03-09 13:31:34.893Z,11.2131,11.2387,100,100,22.8
2026-03-09 13:31:35.326Z,11.2156,11.2346,100,100,16.9
2026-03-09 13:31:36.185Z,11.2127,11.2325,100,100,17.6
2026-03-09 13:31:37.235Z,11.2075,11.2297,100,100,19.8
2026-03-09 13:31:38.369Z,11.2081,11.2285,100,100,18.2
2026-03-09 13:31:39.254Z,11.2114,11.2292,100,100,15.9
2026-03-09 13:31:40.569Z,11.2118,11.2306,100,100,16.8
2026-03-09 13:31:41.557Z,11.2095,11.2327,100,100,20.7
2026-03-09 13:31:42.487Z,11.2137,11.2303,100,100,14.8
2026-03-09 13:31:43.406Z,11.2086,11.2302,100,100,19.3
2026-03-09 13:31:44.195Z,11.2139,11.2315,100,100,15.7
2026-03-09 13:31:45.419Z,11.2083,11.2313,100,100,20.5
2026-03-09 13:31:46.224Z,11.2121,11.2357,100,100,21.0
2026-03-09 13:31:47.815Z,11.2111,11.2331,100,100,19.6
2026-03-09 13:31:48.342Z,11.2104,11.2342,100,100,21.2
2026-03-09 13:31:49.350Z,11.2121,11.2323,100,100,18.0
2026-03-09 13:31:50.675Z,11.2102,11.2324,100,100,19.8
2026-03-09 13:31:51.541Z,11.2089,11.2285,100,100,17.5
2026-03-09 13:31:52.836Z,11.2103,11.2345,100,100,21.6
2026-03-09 13:31:53.772Z,11.2060,11.2318,100,100,23.0
2026-03-09 13:31:54.727Z,11.2092,11.2338,100,100,21.9
2026-03-09 13:31:55.235Z,11.2126,11.2320,100,100,17.3
2026-03-09 13:31:56.848Z,11.2098,11.2306,100,100,18.5
2026-03-09 13:31:57.481Z,11.2084,11.2264,100,100,16.0
2026-03-09 13:31:58.547Z,11.2097,11.2283,100,100,16.6
2026-03-09 13:31:59.558Z,11.2081,11.2319,100,100,21.2
2026-03-09 13:32:00.899Z,11.1994,11.2206,100,100,18.9
2026-03-09 13:32:01.123Z,11.1990,11.2186,100,100,17.5
2026-03-09 13:32:02.337Z,11.1966,11.2192,100,100,20.2
2026-03-09 13:32:03.403Z,11.2000,11.2242,100,100,21.6
2026-03-09 13:32:04.309Z,11.1988,11.2178,100,100,17.0
2026-03-09 13:32:05.594Z,11.2006,11.2212,100,100,18.4
2026-03-09 13:32:06.864Z,11.1981,11.2185,100,100,18.2
2026-03-09 13:32:07.633Z,11.2030,11.2206,100,100,15.7
2026-03-09 13:32:08.151Z,11.1960,11.2208,100,100,22.1
2026-03-09 13:32:09.866Z,11.1978,11.2218,100,100,21.4
2026-03-09 13:32:10.175Z,11.2025,11.2203,100,100,15.9
2026-03-09 13:32:11.740Z,11.1986,11.2190,100,100,18.2
2026-03-09 13:32:12.650Z,11.1987,11.2193,100,100,18.4
2026-03-09 13:32:13.885Z,11.1998,11.2198,100,100,17.8
2026-03-09 13:32:14.386Z,11.1987,11.2187,100,100,17.8
2026-03-09 13:32:15.441Z,11.2004,11.2194,100,100,16.9
2026-03-09 13:32:16.683Z,11.2016,11.2212,100,100,17.5
2026-03-09 13:32:17.730Z,11.2006,11.2208,100,100,18.0
2026-03-09 13:32:18.283Z,11.1994,11.2238,100,100,21.8
2026-03-09 13:32:19.543Z,11.1972,11.2220,100,100,22.1
2026-03-09 13:32:20.459Z,11.2062,11.2262,100,100,17.8
2026-03-09 13:32:21.689Z,11.2093,11.2287,100,100,17.3
2026-03-09 13:32:22.465Z,11.2173,11.2423,100,100,22.3
2026-03-09 13:32:23.316Z,11.2232,11.2516,100,100,25.3
2026-03-09 13:32:24.445Z,11.2342,11.2584,100,100,21.5
2026-03-09 13:32:25.396Z,11.2479,11.2711,100,100,20.6
2026-03-09 13:32:26.489Z,11.2563,11.2833,100,100,24.0
2026-03-09 13:32:27.549Z,11.2688,11.2900,100,100,18.8
2026-03-09 13:32:28.490Z,11.2762,11.3068,100,100,27.1
2026-03-09 13:32:29.772Z,11.2918,11.3192,100,100,24.2
2026-03-09 13:32:30.549Z,11.3067,11.3289,100,100,19.6
2026-03-09 13:32:31.035Z,11.3145,11.3441,100,100,26.1
2026-03-09 13:32:32.531Z,11.3259,11.3495,100,100,20.8
2026-03-09 13:32:33.748Z,11.3350,11.3564,100,100,18.9
2026-03-09 13:32:34.194Z,11.3458,11.3718,100,100,22.9
2026-03-09 13:32:35.499Z,11.3502,11.3730,100,100,20.1
2026-03-09 13:32:36.818Z,11.3589,11.3787,100,100,17.4
2026-03-09 13:32:37.371Z,11.3596,11.3852,100,100,22.5
2026-03-09 13:32:38.666Z,11.3619,11.3859,100,100,21.1
2026-03-09 13:32:39.092Z,11.3648,11.3828,100,100,15.8
2026-03-09 13:32:40.574Z,11.3620,11.3800,100,100,15.8
2026-03-09 13:32:41.151Z,11.3498,11.3750,100,100,22.2
2026-03-09 13:32:42.336Z,11.3420,11.3678,100,100,22.7
2026-03-09 13:32:43.447Z,11.3320,11.3584,100,100,23.3
2026-03-09 13:32:44.795Z,11.3269,11.3529,100,100,22.9
2026-03-09 13:32:45.283Z,11.3233,11.3423,100,100,16.8
2026-03-09 13:32:46.289Z,11.3212,11.3418,100,100,18.2
2026-03-09 13:32:47.734Z,11.3208,11.3436,100,100,20.1
2026-03-09 13:32:48.743Z,11.3129,11.3365,100,100,20.8
2026-03-09 13:32:49.027Z,11.3057,11.3283,100,100,20.0
2026-03-09 13:32:50.405Z,11.2991,11.3201,100,100,18.6
2026-03-09 13:32:51.694Z,11.2807,11.3093,100,100,25.3
2026-03-09 13:32:52.142Z,11.2641,11.2963,100,100,28.5
2026-03-09 13:32:53.788Z,11.2543,11.2835,100,100,25.9
2026-03-09 13:32:54.631Z,11.2421,11.2687,100,100,23.6
2026-03-09 13:32:55.361Z,11.2342,11.2556,100,100,19.0
2026-03-09 13:32:56.850Z,11.2225,11.2487,100,100,23.3
2026-03-09 13:32:57.102Z,11.2177,11.2373,100,100,17.5
2026-03-09 13:32:58.170Z,11.2080,11.2350,100,100,24.1
2026-03-09 13:32:59.803Z,11.2106,11.2294,100,100,16.8
2026-03-09 13:33:00.810Z,11.2093,11.2307,100,100,19.1
2026-03-09 13:33:01.603Z,11.2094,11.2336,100,100,21.6
2026-03-09 13:33:02.608Z,11.2102,11.2334,100,100,20.7
2026-03-09 13:33:03.136Z,11.2115,11.2337,100,100,19.8
2026-03-09 13:33:04.107Z,11.2137,11.2311,100,100,15.5
2026-03-09 13:33:05.685Z,11.2114,11.2286,100,100,15.3
2026-03-09 13:33:06.743Z,11.2079,11.2301,100,100,19.8
2026-03-09 13:33:07.328Z,11.2094,11.2270,100,100,15.7
2026-03-09 13:33:08.608Z,11.2083,11.2333,100,100,22.3
2026-03-09 13:33:09.672Z,11.2121,11.2293,100,100,15.3
2026-03-09 13:33:10.168Z,11.2086,11.2302,100,100,19.3
2026-03-09 13:33:11.669Z,11.2090,11.2290,100,100,17.8
2026-03-09 13:33:12.572Z,11.2120,11.2300,100,100,16.0
2026-03-09 13:33:13.867Z,11.2109,11.2291,100,100,16.2
2026-03-09 13:33:14.891Z,11.2112,11.2310,100,100,17.6
2026-03-09 13:33:15.161Z,11.2110,11.2286,100,100,15.7
2026-03-09 13:33:16.557Z,11.2094,11.2332,100,100,21.2
2026-03-09 13:33:17.189Z,11.2086,11.2264,100,100,15.9
2026-03-09 13:33:18.793Z,11.2096,11.2340,100,100,21.7
2026-03-09 13:33:19.482Z,11.2074,11.2324,100,100,22.3
2026-03-09 13:33:20.468Z,11.2037,11.2231,100,100,17.3
2026-03-09 13:33:21.692Z,11.1881,11.2179,100,100,26.6
2026-03-09 13:33:22.558Z,11.1823,11.2103,100,100,25.0
2026-03-09 13:33:23.683Z,11.1757,11.1985,100,100,20.4
2026-03-09 13:33:24.842Z,11.1585,11.1855,100,100,24.2
2026-03-09 13:33:25.209Z,11.1435,11.1725,100,100,26.0
2026-03-09 13:33:26.179Z,11.1310,11.1582,100,100,24.4
2026-03-09 13:33:27.479Z,11.1169,11.1463,100,100,26.4
2026-03-09 13:33:28.226Z,11.0970,11.1296,100,100,29.3
2026-03-09 13:33:29.796Z,11.0881,11.1159,100,100,25.0
2026-03-09 13:33:30.197Z,11.0717,11.1011,100,100,26.5
2026-03-09 13:33:31.070Z,11.0538,11.0866,100,100,29.6
2026-03-09 13:33:32.076Z,11.0419,11.0723,100,100,27.5
2026-03-09 13:33:33.073Z,11.0333,11.0607,100,100,24.8
2026-03-09 13:33:34.893Z,11.0242,11.0490,100,100,22.5
2026-03-09 13:33:35.125Z,11.0116,11.0376,100,100,23.6
2026-03-09 13:33:36.466Z,11.0084,11.0314,100,100,20.9
2026-03-09 13:33:37.502Z,11.0043,11.0237,100,100,17.6
2026-03-09 13:33:38.560Z,10.9957,11.0213,100,100,23.3
2026-03-09 13:33:39.347Z,11.0019,11.0191,100,100,15.6
2026-03-09 13:33:40.129Z,11.0029,11.0225,100,100,17.8
2026-03-09 13:33:41.689Z,11.0060,11.0234,100,100,15.8
2026-03-09 13:33:42.519Z,11.0093,11.0321,100,100,20.7
2026-03-09 13:33:43.461Z,11.0108,11.0324,100,100,19.6
2026-03-09 13:33:44.870Z,11.0140,11.0350,100,100,19.0
2026-03-09 13:33:45.163Z,11.0177,11.0393,100,100,19.6
2026-03-09 13:33:46.073Z,11.0144,11.0390,100,100,22.3
2026-03-09 13:33:47.179Z,11.0134,11.0358,100,100,20.3
2026-03-09 13:33:48.435Z,11.0149,11.0337,100,100,17.1
2026-03-09 13:33:49.134Z,11.0149,11.0381,100,100,21.0
2026-03-09 13:33:50.666Z,11.0124,11.0348,100,100,20.3
2026-03-09 13:33:51.622Z,11.0078,11.0322,100,100,22.1
2026-03-09 13:33:52.289Z,11.0071,11.0293,100,100,20.1
2026-03-09 13:33:53.578Z,11.0044,11.0282,100,100,21.6
2026-03-09 13:33:54.769Z,11.0068,11.0242,100,100,15.8
2026-03-09 13:33:55.570Z,11.0062,11.0234,100,100,15.6
2026-03-09 13:33:56.396Z,11.0022,11.0202,100,100,16.3
2026-03-09 13:33:57.425Z,10.9980,11.0192,100,100,19.3
2026-03-09 13:33:58.363Z,11.0002,11.0224,100,100,20.2
2026-03-09 13:33:59.740Z,10.9986,11.0214,100,100,20.7
2026-03-09 13:34:00.883Z,10.9906,11.0094,100,100,17.1
2026-03-09 13:34:01.594Z,10.9860,11.0090,100,100,20.9
2026-03-09 13:34:02.743Z,10.9827,11.0079,100,100,22.9
2026-03-09 13:34:03.800Z,10.9852,11.0064,100,100,19.3
2026-03-09 13:34:04.235Z,10.9791,11.0021,100,100,20.9
2026-03-09 13:34:05.422Z,10.9813,10.9991,100,100,16.2
2026-03-09 13:34:06.359Z,10.9716,10.9978,100,100,23.9
2026-03-09 13:34:07.455Z,10.9724,10.9902,100,100,16.2
2026-03-09 13:34:08.593Z,10.9682,10.9872,100,100,17.3
2026-03-09 13:34:09.253Z,10.9637,10.9849,100,100,19.3
2026-03-09 13:34:10.170Z,10.9635,10.9853,100,100,19.9
2026-03-09 13:34:11.398Z,10.9602,10.9838,100,100,21.5
2026-03-09 13:34:12.416Z,10.9589,10.9821,100,141,21.1
2026-03-09 13:34:13.860Z,10.9594,10.9796,100,100,18.4
2026-03-09 13:34:14.764Z,10.9628,10.9800,100,100,15.7
2026-03-09 13:34:15.068Z,10.9639,10.9827,100,100,17.1
2026-03-09 13:34:16.017Z,10.9634,10.9886,100,100,23.0
2026-03-09 13:34:17.610Z,10.9649,10.9857,100,100,19.0
2026-03-09 13:34:18.653Z,10.9669,10.9853,100,100,16.8
2026-03-09 13:34:19.767Z,10.9674,10.9920,100,100,22.4
2026-03-09 13:34:20.725Z,10.9709,10.9967,100,100,23.5
2026-03-09 13:34:21.116Z,10.9737,10.9931,100,100,17.7
2026-03-09 13:34:22.171Z,10.9787,11.0011,100,100,20.4
2026-03-09 13:34:23.463Z,10.9849,11.0033,100,100,16.7
2026-03-09 13:34:24.360Z,10.9906,11.0162,100,100,23.3
2026-03-09 13:34:25.526Z,10.9964,11.0186,100,100,20.2
2026-03-09 13:34:26.219Z,11.0029,11.0285,100,100,23.2
2026-03-09 13:34:27.085Z,11.0076,11.0348,100,100,24.7
2026-03-09 13:34:28.257Z,11.0203,11.0463,100,100,23.6
2026-03-09 13:34:29.288Z,11.0239,11.0499,100,100,23.6
2026-03-09 13:34:30.695Z,11.0347,11.0597,100,100,22.6
2026-03-09 13:34:31.187Z,11.0425,11.0707,100,100,25.5
2026-03-09 13:34:32.551Z,11.0468,11.0702,100,100,21.2
2026-03-09 13:34:33.488Z,11.0509,11.0787,100,100,25.1
2026-03-09 13:34:34.478Z,11.0591,11.0837,100,100,22.2
2026-03-09 13:34:35.817Z,11.0634,11.0882,100,100,22.4
2026-03-09 13:34:36.539Z,11.0668,11.0924,100,100,23.1
2026-03-09 13:34:37.682Z,11.0721,11.0927,100,100,18.6
2026-03-09 13:34:38.218Z,11.0749,11.0919,100,100,15.3
2026-03-09 13:34:39.452Z,11.0756,11.0958,100,100,18.2
2026-03-09 13:34:40.294Z,11.0749,11.0953,100,121,18.4
2026-03-09 13:34:41.121Z,11.0735,11.0961,100,100,20.4
2026-03-09 13:34:42.369Z,11.0715,11.0939,100,100,20.2
2026-03-09 13:34:43.623Z,11.0700,11.0930,100,100,20.8
2026-03-09 13:34:44.114Z,11.0657,11.0915,100,100,23.3
2026-03-09 13:34:45.409Z,11.0673,11.0867,100,100,17.5
2026-03-09 13:34:46.462Z,11.0664,11.0858,100,100,17.5
2026-03-09 13:34:47.071Z,11.0701,11.0873,100,100,15.5
2026-03-09 13:34:48.868Z,11.0670,11.0868,100,100,17.9
2026-03-09 13:34:49.513Z,11.0684,11.0862,100,100,16.1
2026-03-09 13:34:50.630Z,11.0682,11.0888,100,100,18.6
2026-03-09 13:34:51.295Z,11.0690,11.0904,100,100,19.3
2026-03-09 13:34:52.731Z,11.0698,11.0956,100,100,23.3
2026-03-09 13:34:53.037Z,11.0739,11.0907,100,100,15.2
2026-03-09 13:34:54.617Z,11.0721,11.0919,100,100,17.9
2026-03-09 13:34:55.678Z,11.0748,11.0928,100,100,16.2
2026-03-09 13:34:56.235Z,11.0753,11.0941,100,100,17.0
2026-03-09 13:34:57.017Z,11.0763,11.0961,100,100,17.9
2026-03-09 13:34:58.441Z,11.0756,11.0976,100,100,19.8
2026-03-09 13:34:59.874Z,11.0727,11.0973,100,100,22.2
2026-03-09 13:35:00.418Z,11.0006,11.0196,100,100,17.3
2026-03-09 13:35:01.708Z,10.9987,11.0231,100,100,22.2
2026-03-09 13:35:02.816Z,10.9957,11.0211,100,100,23.1
2026-03-09 13:35:03.486Z,10.9998,11.0176,100,100,16.2
2026-03-09 13:35:04.847Z,11.0014,11.0194,100,100,16.3
2026-03-09 13:35:05.248Z,10.9985,11.0201,100,100,19.6
2026-03-09 13:35:06.104Z,10.9998,11.0196,100,100,18.0
2026-03-09 13:35:07.330Z,11.0015,11.0199,100,100,16.7
2026-03-09 13:35:08.512Z,10.9982,11.0184,100,100,18.3
2026-03-09 13:35:09.115Z,11.0008,11.0228,100,100,20.0
2026-03-09 13:35:10.266Z,10.9994,11.0186,100,100,17.4
2026-03-09 13:35:11.280Z,11.0010,11.0214,100,100,18.5
2026-03-09 13:35:12.136Z,11.0002,11.0202,100,100,18.2
2026-03-09 13:35:13.414Z,11.0015,11.0189,100,100,15.8
2026-03-09 13:35:14.266Z,11.0023,11.0225,100,100,18.3
2026-03-09 13:35:15.513Z,11.0021,11.0201,100,100,16.3
2026-03-09 13:35:16.669Z,10.9969,11.0217,100,100,22.5
2026-03-09 13:35:17.776Z,11.0013,11.0227,100,100,19.4
2026-03-09 13:35:18.857Z,10.9999,11.0221,100,100,20.2
2026-03-09 13:35:19.110Z,10.9992,11.0208,100,100,19.6
2026-03-09 13:35:20.851Z,10.9961,11.0207,100,100,22.3
2026-03-09 13:35:21.812Z,10.9989,11.0223,100,100,21.3
2026-03-09 13:35:22.115Z,11.0018,11.0194,100,100,16.0
2026-03-09 13:35:23.173Z,11.0023,11.0229,100,100,18.7
2026-03-09 13:35:24.849Z,11.0045,11.0211,100,100,15.1
2026-03-09 13:35:25.532Z,11.0013,11.0217,100,100,18.5
2026-03-09 13:35:26.833Z,10.9998,11.0220,100,100,20.2
2026-03-09 13:35:27.705Z,11.0018,11.0198,100,100,16.3
2026-03-09 13:35:28.089Z,11.0012,11.0224,100,100,19.3
2026-03-09 13:35:29.683Z,10.9999,11.0229,100,100,20.9
2026-03-09 13:35:30.606Z,10.9986,11.0214,100,100,20.7
2026-03-09 13:35:31.785Z,11.0013,11.0177,100,100,14.9
2026-03-09 13:35:32.393Z,10.9988,11.0234,100,100,22.3
2026-03-09 13:35:33.350Z,10.9979,11.0215,100,100,21.4
2026-03-09 13:35:34.848Z,10.9954,11.0196,100,100,22.0
2026-03-09 13:35:35.331Z,11.0008,11.0188,100,100,16.3
2026-03-09 13:35:36.667Z,11.0010,11.0198,100,100,17.1
2026-03-09 13:35:37.164Z,11.0022,11.0214,100,100,17.4
2026-03-09 13:35:38.680Z,10.9983,11.0215,100,100,21.1
2026-03-09 13:35:39.118Z,10.9973,11.0177,100,100,18.5
2026-03-09 13:35:40.814Z,10.9999,11.0165,100,100,15.1
2026-03-09 13:35:41.732Z,10.9985,11.0223,100,100,21.6
2026-03-09 13:35:42.668Z,10.9949,11.0201,100,100,22.9
2026-03-09 13:35:43.109Z,10.9989,11.0233,100,100,22.2
2026-03-09 13:35:44.072Z,10.9997,11.0197,100,100,18.2
2026-03-09 13:35:45.154Z,11.0010,11.0220,100,100,19.1
2026-03-09 13:35:46.873Z,10.9991,11.0229,100,100,21.6
2026-03-09 13:35:47.621Z,10.9985,11.0213,100,100,20.7
2026-03-09 13:35:48.334Z,10.9980,11.0174,100,100,17.6
2026-03-09 13:35:49.747Z,10.9969,11.0209,100,100,21.8
2026-03-09 13:35:50.295Z,10.9957,11.0199,100,100,22.0
2026-03-09 13:35:51.443Z,10.9989,11.0209,100,100,20.0
2026-03-09 13:35:52.275Z,11.0015,11.0235,100,100,20.0
2026-03-09 13:35:53.718Z,10.9950,11.0200,100,100,22.7
2026-03-09 13:35:54.309Z,10.9979,11.0239,100,100,23.6
2026-03-09 13:35:55.706Z,10.9991,11.0231,100,100,21.8
2026-03-09 13:35:56.234Z,10.9946,11.0206,100,100,23.6
2026-03-09 13:35:57.014Z,10.9972,11.0200,100,100,20.7
2026-03-09 13:35:58.068Z,10.9985,11.0189,100,100,18.5
2026-03-09 13:35:59.706Z,10.9996,11.0206,100,100,19.1
2026-03-09 13:37:00.182Z,11.0018,11.0182,100,100,14.9
2026-03-09 13:37:01.422Z,10.9972,11.0212,100,100,21.8
2026-03-09 13:37:02.441Z,11.0025,11.0197,100,100,15.6
2026-03-09 13:37:03.678Z,10.9987,11.0195,100,100,18.9
2026-03-09 13:37:04.397Z,10.9967,11.0195,100,100,20.7
2026-03-09 13:37:05.369Z,10.9978,11.0172,100,100,17.6
2026-03-09 13:37:06.447Z,11.0034,11.0214,100,100,16.3
2026-03-09 13:37:07.250Z,10.9965,11.0219,100,100,23.1
2026-03-09 13:37:08.630Z,11.0012,11.0190,100,100,16.2
2026-03-09 13:37:09.043Z,10.9998,11.0172,100,100,15.8
2026-03-09 13:37:10.771Z,11.0008,11.0188,100,100,16.3
2026-03-09 13:37:11.377Z,10.9961,11.0199,100,100,21.6
2026-03-09 13:37:12.077Z,11.0011,11.0207,100,100,17.8
2026-03-09 13:37:13.440Z,10.9981,11.0199,100,100,19.8
2026-03-09 13:37:14.725Z,11.0003,11.0201,100,100,18.0
2026-03-09 13:37:15.240Z,11.0009,11.0199,100,100,17.3
2026-03-09 13:37:16.278Z,11.0025,11.0211,100,100,16.9
2026-03-09 13:37:17.288Z,10.9981,11.0201,100,100,20.0
2026-03-09 13:37:18.382Z,10.9977,11.0167,100,100,17.3
2026-03-09 13:37:19.368Z,11.0016,11.0200,100,100,16.7
2026-03-09 13:37:20.410Z,10.9924,11.0168,100,100,22.2
2026-03-09 13:37:21.415Z,10.9888,11.0140,100,100,22.9
2026-03-09 13:37:22.039Z,10.9881,11.0101,100,100,20.0
2026-03-09 13:37:23.753Z,10.9804,11.0068,100,100,24.0
2026-03-09 13:37:24.815Z,10.9693,10.9965,100,100,24.8
2026-03-09 13:37:25.482Z,10.9658,10.9864,100,100,18.8
2026-03-09 13:37:26.141Z,10.9612,10.9808,100,100,17.9
2026-03-09 13:37:27.607Z,10.9502,10.9766,100,100,24.1
2026-03-09 13:37:28.373Z,10.9434,10.9644,100,100,19.2
2026-03-09 13:37:29.742Z,10.9364,10.9612,100,100,22.7
2026-03-09 13:37:30.457Z,10.9292,10.9518,100,100,20.7
2026-03-09 13:37:31.696Z,10.9163,10.9421,100,100,23.6
2026-03-09 13:37:32.234Z,10.9128,10.9384,100,100,23.4
2026-03-09 13:37:33.792Z,10.9088,10.9312,100,100,20.5
2026-03-09 13:37:34.063Z,10.9040,10.9242,100,100,18.5
2026-03-09 13:37:35.706Z,10.8987,10.9189,100,100,18.5
2026-03-09 13:37:36.716Z,10.8944,10.9136,100,100,17.6
2026-03-09 13:37:37.736Z,10.8895,10.9087,100,100,17.6
2026-03-09 13:37:38.136Z,10.8894,10.9146,100,100,23.1
2026-03-09 13:37:39.435Z,10.8924,10.9108,100,100,16.9
2026-03-09 13:37:40.329Z,10.8939,10.9141,100,100,18.5
2026-03-09 13:37:41.285Z,10.8959,10.9151,100,100,17.6
2026-03-09 13:37:42.480Z,10.8964,10.9146,100,100,16.7
2026-03-09 13:37:43.099Z,10.9000,10.9196,100,100,18.0
2026-03-09 13:37:44.674Z,10.8954,10.9200,100,100,22.6
2026-03-09 13:37:45.125Z,10.9041,10.9223,100,100,16.7
2026-03-09 13:37:46.467Z,10.8984,10.9210,100,100,20.7
2026-03-09 13:37:47.372Z,10.8985,10.9227,100,100,22.2
2026-03-09 13:37:48.459Z,10.8987,10.9209,100,100,20.3
2026-03-09 13:37:49.787Z,10.9009,10.9249,100,100,22.0
2026-03-09 13:37:50.236Z,10.8975,10.9197,100,100,20.4
2026-03-09 13:37:51.403Z,10.8985,10.9161,100,100,16.1
2026-03-09 13:37:52.284Z,10.8998,10.9162,100,100,15.0
2026-03-09 13:37:53.838Z,10.8921,10.9149,100,100,20.9
2026-03-09 13:37:54.133Z,10.8927,10.9125,100,100,18.2
2026-03-09 13:37:55.019Z,10.8927,10.9171,100,100,22.4
2026-03-09 13:37:56.321Z,10.8893,10.9149,100,100,23.5
2026-03-09 13:37:57.013Z,10.8923,10.9137,100,100,19.6
2026-03-09 13:37:58.253Z,10.8899,10.9085,100,100,17.1
2026-03-09 13:37:59.454Z,10.8891,10.9109,100,100,20.0
2026-03-09 13:38:00.452Z,10.8888,10.9112,100,100,20.6
2026-03-09 13:38:01.618Z,10.8931,10.9103,100,100,15.8
2026-03-09 13:38:02.254Z,10.8888,10.9106,100,100,20.0
2026-03-09 13:38:03.670Z,10.8973,10.9161,100,100,17.2
2026-03-09 13:38:04.772Z,10.8963,10.9187,100,100,20.5
2026-03-09 13:38:05.609Z,10.8995,10.9201,100,100,18.9
2026-03-09 13:38:06.822Z,10.9012,10.9242,100,100,21.1
2026-03-09 13:38:07.506Z,10.9049,10.9313,100,100,24.2
2026-03-09 13:38:08.428Z,10.9139,10.9321,100,100,16.7
2026-03-09 13:38:09.688Z,10.9159,10.9379,100,100,20.1
2026-03-09 13:38:10.696Z,10.9186,10.9372,100,100,17.0
2026-03-09 13:38:11.673Z,10.9184,10.9394,100,100,19.2
2026-03-09 13:38:12.222Z,10.9237,10.9411,100,100,15.9
2026-03-09 13:38:13.537Z,10.9190,10.9374,100,100,16.8
2026-03-09 13:38:14.750Z,10.9135,10.9383,100,100,22.7
2026-03-09 13:38:15.754Z,10.9186,10.9370,100,100,16.8
2026-03-09 13:38:16.152Z,10.9128,10.9352,100,100,20.5
2026-03-09 13:38:17.590Z,10.9157,10.9319,100,100,14.8
2026-03-09 13:38:18.893Z,10.9095,10.9327,100,100,21.2
2026-03-09 13:38:19.417Z,10.9130,10.9342,100,100,19.4
2026-03-09 13:38:20.608Z,10.9074,10.9314,100,100,22.0
2026-03-09 13:38:21.764Z,10.9113,10.9293,100,100,16.5
2026-03-09 13:38:22.494Z,10.9059,10.9291,100,100,21.3
2026-03-09 13:38:23.619Z,10.9007,10.9245,100,100,21.8
2026-03-09 13:38:24.524Z,10.9012,10.9224,100,100,19.4
2026-03-09 13:38:25.112Z,10.9030,10.9198,100,100,15.4
2026-03-09 13:38:26.302Z,10.8962,10.9158,100,100,18.0
2026-03-09 13:38:27.416Z,10.8941,10.9143,100,100,18.5
2026-03-09 13:38:28.419Z,10.8884,10.9124,100,100,22.0
2026-03-09 13:38:29.257Z,10.8889,10.9101,100,100,19.5
2026-03-09 13:38:30.722Z,10.8850,10.9036,100,100,17.1
2026-03-09 13:38:31.062Z,10.8811,10.9015,100,100,18.7
2026-03-09 13:38:32.689Z,10.8756,10.8982,100,100,20.8
2026-03-09 13:38:33.353Z,10.8757,10.8941,100,100,16.9
2026-03-09 13:38:34.249Z,10.8734,10.8930,100,100,18.0
2026-03-09 13:38:35.754Z,10.8680,10.8934,100,100,23.3
2026-03-09 13:38:36.480Z,10.8691,10.8897,100,100,18.9
2026-03-09 13:38:37.245Z,10.8697,10.8913,100,100,19.9
2026-03-09 13:38:38.071Z,10.8699,10.8915,100,100,19.9
2026-03-09 13:38:39.821Z,10.8680,10.8914,100,100,21.5
2026-03-09 13:38:40.087Z,10.8698,10.8928,100,100,21.1
2026-03-09 13:38:41.409Z,10.8707,10.8955,100,100,22.8
2026-03-09 13:38:42.067Z,10.8716,10.8952,100,100,21.7
2026-03-09 13:38:43.248Z,10.8691,10.8941,100,100,23.0
2026-03-09 13:38:44.694Z,10.8717,10.8933,100,100,19.8
2026-03-09 13:38:45.530Z,10.8733,10.8927,100,100,17.8
2026-03-09 13:38:46.885Z,10.8707,10.8921,100,100,19.7
2026-03-09 13:38:47.686Z,10.8685,10.8919,100,100,21.5
2026-03-09 13:38:48.277Z,10.8708,10.8904,100,100,18.0
2026-03-09 13:38:49.134Z,10.8719,10.8941,100,100,20.4
2026-03-09 13:38:50.836Z,10.8736,10.8902,100,100,15.3
2026-03-09 13:38:51.407Z,10.8717,10.8887,100,100,15.6
2026-03-09 13:38:52.046Z,10.8714,10.8932,100,100,20.0
2026-03-09 13:38:53.458Z,10.8719,10.8893,100,100,16.0
2026-03-09 13:38:54.401Z,10.8722,10.8942,100,100,20.2
2026-03-09 13:38:55.312Z,10.8684,10.8880,100,100,18.0
2026-03-09 13:38:56.864Z,10.8687,10.8883,100,100,18.0
2026-03-09 13:38:57.870Z,10.8675,10.8875,100,100,18.4
2026-03-09 13:38:58.655Z,10.8680,10.8924,100,100,22.4
2026-03-09 13:38:59.641Z,10.8713,10.8887,100,100,16.0
2026-03-09 13:39:00.324Z,10.7892,10.8108,100,100,20.0
2026-03-09 13:39:01.181Z,10.7902,10.8096,100,100,18.0
2026-03-09 13:39:02.172Z,10.7940,10.8140,100,100,18.5
2026-03-09 13:39:03.582Z,10.7956,10.8156,100,100,18.5
2026-03-09 13:39:04.445Z,10.7979,10.8199,100,100,20.4
2026-03-09 13:39:05.679Z,10.8042,10.8240,100,100,18.3
2026-03-09 13:39:06.534Z,10.8094,10.8362,100,100,24.8
2026-03-09 13:39:07.566Z,10.8139,10.8343,100,100,18.8
2026-03-09 13:39:08.611Z,10.8176,10.8406,100,100,21.2
2026-03-09 13:39:09.740Z,10.8215,10.8419,100,100,18.8
2026-03-09 13:39:10.557Z,10.8236,10.8510,100,100,25.3
2026-03-09 13:39:11.730Z,10.8315,10.8493,100,100,16.4
2026-03-09 13:39:12.010Z,10.8309,10.8491,100,100,16.8
2026-03-09 13:39:13.405Z,10.8301,10.8493,100,100,17.7
2026-03-09 13:39:14.165Z,10.8283,10.8505,100,100,20.5
2026-03-09 13:39:15.837Z,10.8245,10.8451,100,100,19.0
2026-03-09 13:39:16.327Z,10.8184,10.8426,100,100,22.3
2026-03-09 13:39:17.536Z,10.8230,10.8396,100,100,15.3
2026-03-09 13:39:18.510Z,10.8193,10.8389,100,100,18.1
2026-03-09 13:39:19.390Z,10.8233,10.8419,100,100,17.2
2026-03-09 13:39:20.394Z,10.8145,10.8395,100,100,23.1
2026-03-09 13:39:21.778Z,10.8182,10.8408,100,100,20.9
2026-03-09 13:39:22.458Z,10.8166,10.8346,100,100,16.6
2026-03-09 13:39:23.246Z,10.8099,10.8355,100,100,23.7
2026-03-09 13:39:24.371Z,10.8087,10.8293,100,100,19.0
2026-03-09 13:39:25.778Z,10.8047,10.8237,100,100,17.6
2026-03-09 13:39:26.708Z,10.8023,10.8205,100,100,16.8
2026-03-09 13:39:27.557Z,10.8005,10.8195,100,100,17.6
2026-03-09 13:39:28.833Z,10.7919,10.8113,100,100,18.0
2026-03-09 13:39:29.462Z,10.7920,10.8094,100,100,16.1
2026-03-09 13:39:30.402Z,10.7870,10.8054,100,100,17.0
2026-03-09 13:39:31.072Z,10.7808,10.8056,100,100,23.0
2026-03-09 13:39:32.678Z,10.7762,10.8004,100,100,22.4
2026-03-09 13:39:33.354Z,10.7723,10.7921,100,100,18.4
2026-03-09 13:39:34.876Z,10.7692,10.7902,100,100,19.5
2026-03-09 13:39:35.369Z,10.7676,10.7890,100,100,19.9
2026-03-09 13:39:36.655Z,10.7637,10.7865,100,100,21.2
2026-03-09 13:39:37.656Z,10.7676,10.7860,100,100,17.1
2026-03-09 13:39:38.662Z,10.7675,10.7857,100,100,16.9
2026-03-09 13:39:39.198Z,10.7632,10.7836,100,100,18.9
2026-03-09 13:39:40.326Z,10.7650,10.7840,100,100,17.6
2026-03-09 13:39:41.877Z,10.7654,10.7862,100,100,19.3
2026-03-09 13:39:42.437Z,10.7659,10.7879,100,100,20.4
2026-03-09 13:39:43.109Z,10.7687,10.7883,100,100,18.2
2026-03-09 13:39:44.170Z,10.7673,10.7873,100,100,18.6
2026-03-09 13:39:45.629Z,10.7693,10.7863,100,100,15.8
2026-03-09 13:39:46.035Z,10.7638,10.7882,100,100,22.6
2026-03-09 13:39:47.374Z,10.7671,10.7927,100,100,23.7
2026-03-09 13:39:48.185Z,10.7694,10.7908,100,100,19.9
2026-03-09 13:39:49.045Z,10.7689,10.7899,100,100,19.5
2026-03-09 13:39:50.774Z,10.7680,10.7862,100,100,16.9
2026-03-09 13:39:51.833Z,10.7683,10.7909,100,100,21.0
2026-03-09 13:39:52.788Z,10.7664,10.7886,100,100,20.6
2026-03-09 13:39:53.500Z,10.7632,10.7870,100,100,22.1
2026-03-09 13:39:54.188Z,10.7672,10.7886,100,100,19.9
2026-03-09 13:39:55.479Z,10.7629,10.7877,100,100,23.0
2026-03-09 13:39:56.116Z,10.7652,10.7884,100,100,21.5
2026-03-09 13:39:57.794Z,10.7614,10.7846,100,100,21.5
2026-03-09 13:39:58.683Z,10.7654,10.7884,100,100,21.3
2026-03-09 13:39:59.521Z,10.7653,10.7847,100,100,18.0
2026-03-09 13:40:00.394Z,10.7815,10.7985,100,100,15.8
2026-03-09 13:40:01.696Z,10.7787,10.8033,100,100,22.8
2026-03-09 13:40:02.399Z,10.7830,10.8006,100,100,16.3
2026-03-09 13:40:03.436Z,10.7785,10.7999,100,100,19.8
2026-03-09 13:40:04.307Z,10.7791,10.7991,100,100,18.5
2026-03-09 13:40:05.079Z,10.7804,10.8012,100,100,19.3
2026-03-09 13:40:06.225Z,10.7775,10.8005,100,100,21.3
2026-03-09 13:40:07.195Z,10.7798,10.8054,100,100,23.7
2026-03-09 13:40:08.582Z,10.7779,10.7969,100,100,17.6
2026-03-09 13:40:09.495Z,10.7769,10.8019,100,100,23.2
2026-03-09 13:40:10.342Z,10.7799,10.8021,100,100,20.6
2026-03-09 13:40:11.850Z,10.7820,10.8008,175,100,17.4
2026-03-09 13:40:12.257Z,10.7758,10.8008,100,100,23.2
2026-03-09 13:40:13.631Z,10.7775,10.7981,100,182,19.1
2026-03-09 13:40:14.494Z,10.7762,10.8004,100,100,22.4
2026-03-09 13:40:15.210Z,10.7769,10.7997,100,100,21.1
2026-03-09 13:40:16.099Z,10.7775,10.8025,100,100,23.2
2026-03-09 13:40:17.533Z,10.7796,10.8042,100,100,22.8
2026-03-09 13:40:18.810Z,10.7804,10.8042,100,100,22.1
2026-03-09 13:40:19.680Z,10.7803,10.8037,100,106,21.7
2026-03-09 13:40:20.006Z,10.7846,10.8074,100,100,21.1
2026-03-09 13:40:21.361Z,10.7850,10.8090,100,100,22.2
2026-03-09 13:40:22.080Z,10.7872,10.8100,100,100,21.1
2026-03-09 13:40:23.268Z,10.7961,10.8175,100,100,19.8
2026-03-09 13:40:24.687Z,10.8027,10.8245,100,100,20.2
2026-03-09 13:40:25.534Z,10.8071,10.8327,100,100,23.7
2026-03-09 13:40:26.293Z,10.8137,10.8401,100,100,24.4
2026-03-09 13:40:27.474Z,10.8226,10.8460,100,100,21.6
2026-03-09 13:40:28.589Z,10.8274,10.8492,100,100,20.1
2026-03-09 13:40:29.146Z,10.8378,10.8598,100,100,20.3
2026-03-09 13:40:30.491Z,10.8428,10.8668,100,100,22.1
2026-03-09 13:40:31.609Z,10.8499,10.8701,100,100,18.6
2026-03-09 13:40:32.582Z,10.8530,10.8776,100,100,22.6
2026-03-09 13:40:33.248Z,10.8637,10.8845,100,100,19.1
2026-03-09 13:40:34.743Z,10.8675,10.8929,100,100,23.3
2026-03-09 13:40:35.250Z,10.8730,10.8960,100,100,21.1
2026-03-09 13:40:36.378Z,10.8742,10.8968,100,100,20.8
2026-03-09 13:40:37.653Z,10.8781,10.9001,100,100,20.2
2026-03-09 13:40:38.268Z,10.8788,10.9016,100,100,20.9
2026-03-09 13:40:39.843Z,10.8833,10.9017,100,100,16.9
2026-03-09 13:40:40.033Z,10.8819,10.8991,100,100,15.8
2026-03-09 13:40:41.712Z,10.8737,10.8961,100,100,20.6
2026-03-09 13:40:42.081Z,10.8758,10.8970,100,100,19.5
2026-03-09 13:40:43.807Z,10.8691,10.8949,100,100,23.7
2026-03-09 13:40:44.675Z,10.8715,10.8947,100,100,21.3
2026-03-09 13:40:45.050Z,10.8730,10.8912,100,100,16.7
2026-03-09 13:40:46.086Z,10.8722,10.8898,100,100,16.2
2026-03-09 13:40:47.336Z,10.8688,10.8922,100,100,21.5
2026-03-09 13:40:48.246Z,10.8684,10.8896,100,100,19.5
2026-03-09 13:40:49.680Z,10.8669,10.8897,100,100,21.0
2026-03-09 13:40:50.036Z,10.8726,10.8912,100,100,17.1
2026-03-09 13:40:51.194Z,10.8723,10.8959,100,100,21.7
2026-03-09 13:40:52.517Z,10.8736,10.8926,100,100,17.5
2026-03-09 13:40:53.853Z,10.8749,10.8959,100,100,19.3
2026-03-09 13:40:54.011Z,10.8745,10.8983,100,100,21.9
2026-03-09 13:40:55.171Z,10.8757,10.8987,100,100,21.1
2026-03-09 13:40:56.229Z,10.8790,10.8998,100,100,19.1
2026-03-09 13:40:57.874Z,10.8781,10.8977,100,100,18.0
2026-03-09 13:40:58.518Z,10.8787,10.9021,100,100,21.5
2026-03-09 13:40:59.853Z,10.8814,10.8986,100,100,15.8
2026-03-09 13:41:00.355Z,10.8514,10.8686,100,100,15.8
2026-03-09 13:41:01.796Z,10.8530,10.8700,100,100,15.7
2026-03-09 13:41:02.843Z,10.8486,10.8678,100,100,17.7
2026-03-09 13:41:03.241Z,10.8401,10.8597,100,100,18.1
2026-03-09 13:41:04.434Z,10.8334,10.8570,100,100,21.8
2026-03-09 13:41:05.544Z,10.8315,10.8547,100,100,21.4
2026-03-09 13:41:06.786Z,10.8223,10.8437,100,100,19.8
2026-03-09 13:41:07.360Z,10.8184,10.8418,100,100,21.6
2026-03-09 13:41:08.232Z,10.8100,10.8334,100,100,21.6
2026-03-09 13:41:09.694Z,10.8086,10.8302,100,100,20.0
2026-03-09 13:41:10.823Z,10.8024,10.8262,100,100,22.0
2026-03-09 13:41:11.679Z,10.7949,10.8215,100,100,24.6
2026-03-09 13:41:12.113Z,10.8015,10.8215,100,100,18.5
2026-03-09 13:41:13.712Z,10.8007,10.8179,100,100,15.9
2026-03-09 13:41:14.489Z,10.8039,10.8241,100,100,18.7
2026-03-09 13:41:15.051Z,10.8093,10.8283,100,100,17.6
2026-03-09 13:41:16.049Z,10.8096,10.8276,100,100,16.6
2026-03-09 13:41:17.204Z,10.8110,10.8328,100,100,20.1
2026-03-09 13:41:18.462Z,10.8117,10.8349,100,100,21.4
2026-03-09 13:41:19.845Z,10.8158,10.8334,100,100,16.3
2026-03-09 13:41:20.651Z,10.8108,10.8352,100,100,22.5
2026-03-09 13:41:21.588Z,10.8164,10.8402,100,100,22.0
2026-03-09 13:41:22.579Z,10.8214,10.8400,100,100,17.2
2026-03-09 13:41:23.808Z,10.8205,10.8413,100,100,19.2
2026-03-09 13:41:24.255Z,10.8235,10.8475,100,100,22.1
2026-03-09 13:41:25.675Z,10.8314,10.8498,100,100,17.0
2026-03-09 13:41:26.825Z,10.8325,10.8545,100,100,20.3
2026-03-09 13:41:27.108Z,10.8343,10.8557,100,100,19.7
2026-03-09 13:41:28.532Z,10.8362,10.8616,100,100,23.4
2026-03-09 13:41:29.295Z,10.8406,10.8652,100,100,22.7
2026-03-09 13:41:30.321Z,10.8511,10.8721,100,100,19.3
2026-03-09 13:41:31.030Z,10.8529,10.8691,100,100,14.9
2026-03-09 13:41:32.556Z,10.8562,10.8750,100,100,17.3
2026-03-09 13:41:33.073Z,10.8609,10.8799,100,100,17.5
2026-03-09 13:41:34.289Z,10.8614,10.8842,100,100,21.0
2026-03-09 13:41:35.358Z,10.8678,10.8882,100,100,18.8
2026-03-09 13:41:36.860Z,10.8711,10.8877,100,100,15.3
2026-03-09 13:41:37.678Z,10.8698,10.8932,100,100,21.5
2026-03-09 13:41:38.105Z,10.8709,10.8917,100,100,19.1
2026-03-09 13:41:39.437Z,10.8670,10.8920,100,100,23.0
2026-03-09 13:41:40.195Z,10.8717,10.8879,100,100,14.9
2026-03-09 13:41:41.609Z,10.8671,10.8861,100,100,17.5
2026-03-09 13:41:42.701Z,10.8678,10.8896,100,100,20.0
2026-03-09 13:41:43.549Z,10.8680,10.8902,100,100,20.4
2026-03-09 13:41:44.263Z,10.8624,10.8882,100,100,23.7
2026-03-09 13:41:45.662Z,10.8645,10.8891,100,100,22.6
2026-03-09 13:41:46.371Z,10.8655,10.8879,100,100,20.6
2026-03-09 13:41:47.848Z,10.8650,10.8860,100,100,19.3
2026-03-09 13:41:48.504Z,10.8679,10.8865,100,100,17.1
2026-03-09 13:41:49.466Z,10.8660,10.8876,100,100,19.9
2026-03-09 13:41:50.667Z,10.8683,10.8885,100,100,18.6
2026-03-09 13:41:51.245Z,10.8704,10.8866,100,100,14.9
2026-03-09 13:41:52.632Z,10.8689,10.8913,100,100,20.6
2026-03-09 13:41:53.884Z,10.8691,10.8893,100,100,18.6
2026-03-09 13:41:54.046Z,10.8701,10.8893,100,100,17.6
2026-03-09 13:41:55.050Z,10.8677,10.8889,100,100,19.5
2026-03-09 13:41:56.055Z,10.8693,10.8867,100,100,16.0
2026-03-09 13:41:57.895Z,10.8689,10.8921,100,100,21.3
2026-03-09 13:41:58.837Z,10.8722,10.8892,100,100,15.6
2026-03-09 13:41:59.788Z,10.8679,10.8921,100,100,22.2
2026-03-09 13:42:00.058Z,10.8910,10.9090,100,100,16.5
2026-03-09 13:42:01.201Z,10.8875,10.9095,100,100,20.2
2026-03-09 13:42:02.483Z,10.8901,10.9073,100,100,15.8
2026-03-09 13:42:03.570Z,10.8897,10.9089,100,100,17.6
2026-03-09 13:42:04.804Z,10.8882,10.9076,100,100,17.8
2026-03-09 13:42:05.858Z,10.8914,10.9094,100,100,16.5
2026-03-09 13:42:06.057Z,10.8916,10.9124,100,100,19.1
2026-03-09 13:42:07.879Z,10.8856,10.9106,100,100,22.9
2026-03-09 13:42:08.559Z,10.8918,10.9104,100,100,17.1
2026-03-09 13:42:09.016Z,10.8894,10.9134,100,100,22.0
2026-03-09 13:42:10.277Z,10.8876,10.9096,100,100,20.2
2026-03-09 13:42:11.656Z,10.8877,10.9109,100,100,21.3
2026-03-09 13:42:12.091Z,10.8899,10.9077,100,100,16.3
2026-03-09 13:42:13.038Z,10.8899,10.9105,100,100,18.9
2026-03-09 13:42:14.716Z,10.8872,10.9078,100,100,18.9
2026-03-09 13:42:15.662Z,10.8902,10.9076,100,100,16.0
2026-03-09 13:42:16.884Z,10.8866,10.9106,100,100,22.0
2026-03-09 13:42:17.444Z,10.8918,10.9096,100,100,16.3
2026-03-09 13:42:18.106Z,10.8894,10.9078,100,100,16.9
2026-03-09 13:42:19.384Z,10.8872,10.9092,100,100,20.2
2026-03-09 13:42:20.484Z,10.8914,10.9142,100,100,20.9
2026-03-09 13:42:21.800Z,10.8951,10.9115,100,100,15.0
2026-03-09 13:42:22.569Z,10.8914,10.9132,100,100,20.0
2026-03-09 13:42:23.115Z,10.8925,10.9155,100,100,21.1
2026-03-09 13:42:24.829Z,10.8932,10.9158,100,100,20.7
2026-03-09 13:42:25.552Z,10.8901,10.9143,100,100,22.2
2026-03-09 13:42:26.014Z,10.8907,10.9141,100,100,21.5
2026-03-09 13:42:27.381Z,10.8937,10.9099,100,100,14.9
2026-03-09 13:42:28.411Z,10.8938,10.9116,100,100,16.3
2026-03-09 13:42:29.408Z,10.8923,10.9173,100,100,22.9
2026-03-09 13:42:30.596Z,10.8961,10.9127,100,100,15.2
2026-03-09 13:42:31.671Z,10.8953,10.9175,100,100,20.4
2026-03-09 13:42:32.036Z,10.8986,10.9170,100,100,16.9
2026-03-09 13:42:33.650Z,10.8982,10.9208,100,100,20.7
2026-03-09 13:42:34.113Z,10.8953,10.9185,100,100,21.3
2026-03-09 13:42:35.667Z,10.8977,10.9199,100,100,20.4
2026-03-09 13:42:36.586Z,10.8992,10.9222,100,100,21.1
2026-03-09 13:42:37.857Z,10.8982,10.9218,100,100,21.6
2026-03-09 13:42:38.704Z,10.9036,10.9206,100,100,15.6
2026-03-09 13:42:39.206Z,10.8953,10.9209,100,100,23.5
2026-03-09 13:42:40.673Z,10.9012,10.9182,100,100,15.6
2026-03-09 13:42:41.841Z,10.8975,10.9191,100,100,19.8
2026-03-09 13:42:42.090Z,10.8957,10.9191,100,100,21.5
2026-03-09 13:42:43.267Z,10.8981,10.9171,100,100,17.4
2026-03-09 13:42:44.741Z,10.9001,10.9221,100,100,20.2
2026-03-09 13:42:45.097Z,10.8954,10.9182,100,100,20.9
2026-03-09 13:42:46.755Z,10.9011,10.9185,100,100,15.9
2026-03-09 13:42:47.539Z,10.8990,10.9208,100,100,20.0
2026-03-09 13:42:48.304Z,10.9024,10.9194,100,100,15.6
2026-03-09 13:42:49.821Z,10.9000,10.9202,100,100,18.5
2026-03-09 13:42:50.773Z,10.9008,10.9230,100,100,20.3
2026-03-09 13:42:51.207Z,10.8997,10.9189,100,100,17.6
2026-03-09 13:42:52.323Z,10.9000,10.9196,100,100,18.0
2026-03-09 13:42:53.074Z,10.8995,10.9239,100,100,22.4
2026-03-09 13:42:54.511Z,10.9002,10.9182,100,100,16.5
2026-03-09 13:42:55.670Z,10.8985,10.9161,100,100,16.1
2026-03-09 13:42:56.577Z,10.9003,10.9195,100,100,17.6
2026-03-09 13:42:57.170Z,10.8985,10.9195,100,100,19.3
2026-03-09 13:42:58.311Z,10.9008,10.9186,100,100,16.3
2026-03-09 13:42:59.831Z,10.8999,10.9201,100,100,18.5
2026-03-09 13:43:00.497Z,10.9693,10.9907,100,100,19.5
2026-03-09 13:43:01.582Z,10.9677,10.9893,100,100,19.7
2026-03-09 13:43:02.671Z,10.9693,10.9861,100,100,15.3
2026-03-09 13:43:03.522Z,10.9709,10.9919,100,100,19.1
2026-03-09 13:43:04.069Z,10.9727,10.9917,100,100,17.3
2026-03-09 13:43:05.366Z,10.9690,10.9934,100,100,22.2
2026-03-09 13:43:06.829Z,10.9710,10.9878,100,100,15.3
2026-03-09 13:43:07.445Z,10.9703,10.9871,100,100,15.3
2026-03-09 13:43:08.782Z,10.9686,10.9874,100,100,17.1
2026-03-09 13:43:09.674Z,10.9662,10.9894,100,100,21.1
2026-03-09 13:43:10.808Z,10.9711,10.9901,100,100,17.3
2026-03-09 13:43:11.191Z,10.9671,10.9915,100,100,22.2
2026-03-09 13:43:12.612Z,10.9721,10.9907,100,100,16.9
2026-03-09 13:43:13.667Z,10.9654,10.9902,100,100,22.6
2026-03-09 13:43:14.465Z,10.9677,10.9885,100,100,18.9
2026-03-09 13:43:15.700Z,10.9694,10.9960,100,100,24.2
2026-03-09 13:43:16.465Z,10.9663,10.9889,100,100,20.6
2026-03-09 13:43:17.631Z,10.9696,10.9896,100,100,18.2
2026-03-09 13:43:18.478Z,10.9708,10.9894,100,100,16.9
2026-03-09 13:43:19.587Z,10.9706,10.9882,100,100,16.0
2026-03-09 13:43:20.822Z,10.9680,10.9906,100,100,20.6
2026-03-09 13:43:21.281Z,10.9709,10.9885,100,100,16.0
2026-03-09 13:43:22.205Z,10.9703,10.9881,100,100,16.2
2026-03-09 13:43:23.157Z,10.9679,10.9909,100,100,20.9
2026-03-09 13:43:24.317Z,10.9733,10.9907,100,100,15.8
2026-03-09 13:43:25.189Z,10.9685,10.9929,100,100,22.2
2026-03-09 13:43:26.547Z,10.9689,10.9931,100,100,22.0
2026-03-09 13:43:27.620Z,10.9669,10.9889,100,100,20.0
2026-03-09 13:43:28.467Z,10.9702,10.9870,100,100,15.3
2026-03-09 13:43:29.303Z,10.9720,10.9896,100,100,16.0
2026-03-09 13:43:30.706Z,10.9665,10.9893,100,100,20.8
2026-03-09 13:43:31.793Z,10.9707,10.9891,100,100,16.8
2026-03-09 13:43:32.320Z,10.9717,10.9901,100,100,16.8
2026-03-09 13:43:33.206Z,10.9657,10.9903,100,100,22.4
2026-03-09 13:43:34.554Z,10.9705,10.9891,100,100,16.9
2026-03-09 13:43:35.267Z,10.9658,10.9890,100,100,21.1
2026-03-09 13:43:36.106Z,10.9675,10.9927,100,100,23.0
2026-03-09 13:43:37.856Z,10.9666,10.9898,100,100,21.1
2026-03-09 13:43:38.455Z,10.9688,10.9888,100,100,18.2
2026-03-09 13:43:39.241Z,10.9721,10.9917,100,100,17.8
2026-03-09 13:43:40.421Z,10.9657,10.9903,100,100,22.4
2026-03-09 13:43:41.507Z,10.9672,10.9908,100,100,21.5
2026-03-09 13:43:42.127Z,10.9722,10.9926,100,100,18.6
2026-03-09 13:43:43.358Z,10.9682,10.9890,100,100,18.9
2026-03-09 13:43:44.407Z,10.9711,10.9895,100,100,16.8
2026-03-09 13:43:45.143Z,10.9717,10.9923,100,100,18.8
2026-03-09 13:43:46.013Z,10.9675,10.9907,100,100,21.1
2026-03-09 13:43:47.278Z,10.9698,10.9952,100,100,23.1
2026-03-09 13:43:48.072Z,10.9732,10.9898,100,100,15.1
2026-03-09 13:43:49.142Z,10.9687,10.9915,100,100,20.8
2026-03-09 13:43:50.801Z,10.9690,10.9896,100,100,18.8
2026-03-09 13:43:51.246Z,10.9714,10.9896,100,100,16.6
2026-03-09 13:43:52.091Z,10.9734,10.9912,100,100,16.2
2026-03-09 13:43:53.403Z,10.9709,10.9903,100,100,17.7
2026-03-09 13:43:54.415Z,10.9686,10.9874,100,100,17.1
2026-03-09 13:43:55.384Z,10.9672,10.9910,100,100,21.7
2026-03-09 13:43:56.360Z,10.9729,10.9911,100,100,16.6
2026-03-09 13:43:57.439Z,10.9711,10.9909,100,100,18.0
2026-03-09 13:43:58.097Z,10.9734,10.9908,100,100,15.8
2026-03-09 13:43:59.847Z,10.9682,10.9918,100,100,21.5
2026-03-09 13:46:00.499Z,10.9112,10.9288,100,100,16.1
2026-03-09 13:46:01.134Z,10.9094,10.9278,100,100,16.9
2026-03-09 13:46:02.518Z,10.9082,10.9272,100,100,17.4
2026-03-09 13:46:03.603Z,10.9115,10.9305,100,100,17.4
2026-03-09 13:46:04.272Z,10.9131,10.9309,100,100,16.3
2026-03-09 13:46:05.112Z,10.9075,10.9317,100,100,22.2
2026-03-09 13:46:06.779Z,10.9102,10.9332,100,100,21.1
2026-03-09 13:46:07.614Z,10.9086,10.9296,100,100,19.2
2026-03-09 13:46:08.524Z,10.9081,10.9305,100,100,20.5
2026-03-09 13:46:09.585Z,10.9109,10.9271,100,100,14.8
2026-03-09 13:46:10.896Z,10.9066,10.9304,100,100,21.8
2026-03-09 13:46:11.336Z,10.9092,10.9270,100,100,16.3
2026-03-09 13:46:12.263Z,10.9083,10.9303,100,100,20.1
2026-03-09 13:46:13.760Z,10.9125,10.9329,100,100,18.7
2026-03-09 13:46:14.175Z,10.9138,10.9306,100,100,15.4
2026-03-09 13:46:15.469Z,10.9073,10.9297,100,100,20.5
2026-03-09 13:46:16.100Z,10.9070,10.9304,100,100,21.4
2026-03-09 13:46:17.828Z,10.9080,10.9316,100,100,21.6
2026-03-09 13:46:18.429Z,10.9049,10.9301,100,100,23.1
2026-03-09 13:46:19.821Z,10.9094,10.9260,100,100,15.2
2026-03-09 13:46:20.277Z,10.9079,10.9275,100,100,18.0
2026-03-09 13:46:21.821Z,10.9114,10.9304,100,100,17.4
2026-03-09 13:46:22.721Z,10.9078,10.9282,100,100,18.7
2026-03-09 13:46:23.355Z,10.9094,10.9288,100,100,17.8
2026-03-09 13:46:24.884Z,10.9099,10.9343,100,100,22.3
2026-03-09 13:46:25.194Z,10.9066,10.9318,100,100,23.1
2026-03-09 13:46:26.403Z,10.9090,10.9260,100,100,15.6
2026-03-09 13:46:27.588Z,10.9063,10.9285,100,100,20.3
2026-03-09 13:46:28.647Z,10.9091,10.9323,100,100,21.2
2026-03-09 13:46:29.086Z,10.9118,10.9336,100,100,20.0
2026-03-09 13:46:30.498Z,10.9048,10.9310,100,100,24.0
2026-03-09 13:46:31.430Z,10.9070,10.9320,100,100,22.9
2026-03-09 13:46:32.873Z,10.9107,10.9333,100,100,20.7
2026-03-09 13:46:33.684Z,10.9066,10.9296,100,100,21.1
2026-03-09 13:46:34.565Z,10.9097,10.9267,100,100,15.6
2026-03-09 13:46:35.279Z,10.9102,10.9352,100,100,22.9
2026-03-09 13:46:36.550Z,10.9123,10.9323,100,100,18.3
2026-03-09 13:46:37.468Z,10.9102,10.9290,100,100,17.2
2026-03-09 13:46:38.594Z,10.9112,10.9302,100,100,17.4
2026-03-09 13:46:39.049Z,10.9127,10.9325,100,100,18.1
2026-03-09 13:46:40.432Z,10.9087,10.9307,100,100,20.1
2026-03-09 13:46:41.396Z,10.9090,10.9266,100,100,16.1
2026-03-09 13:46:42.606Z,10.9108,10.9278,100,100,15.6
2026-03-09 13:46:43.440Z,10.9108,10.9324,100,100,19.8
2026-03-09 13:46:44.513Z,10.9111,10.9333,100,100,20.3
2026-03-09 13:46:45.287Z,10.9083,10.9281,100,100,18.1
2026-03-09 13:46:46.862Z,10.9127,10.9323,100,100,17.9
2026-03-09 13:46:47.044Z,10.9107,10.9329,100,100,20.3
2026-03-09 13:46:48.384Z,10.9063,10.9287,100,100,20.5
2026-03-09 13:46:49.557Z,10.9111,10.9297,100,100,17.0
2026-03-09 13:46:50.454Z,10.9108,10.9308,100,100,18.3
2026-03-09 13:46:51.675Z,10.9105,10.9275,100,100,15.6
2026-03-09 13:46:52.171Z,10.9076,10.9284,100,100,19.1
2026-03-09 13:46:53.423Z,10.9107,10.9321,100,100,19.6
2026-03-09 13:46:54.695Z,10.9065,10.9301,100,100,21.6
2026-03-09 13:46:55.033Z,10.9096,10.9278,100,100,16.7
2026-03-09 13:46:56.131Z,10.9089,10.9267,100,100,16.3
2026-03-09 13:46:57.432Z,10.9104,10.9322,100,100,20.0
2026-03-09 13:46:58.004Z,10.9129,10.9303,100,100,15.9
2026-03-09 13:46:59.796Z,10.9094,10.9306,100,100,19.4
2026-03-09 13:47:00.522Z,10.9319,10.9481,100,100,14.8
2026-03-09 13:47:01.136Z,10.9282,10.9516,100,100,21.4
2026-03-09 13:47:02.666Z,10.9293,10.9479,100,100,17.0
2026-03-09 13:47:03.240Z,10.9309,10.9521,100,100,19.4
2026-03-09 13:47:04.862Z,10.9281,10.9493,100,100,19.4
2026-03-09 13:47:05.784Z,10.9298,10.9540,100,100,22.1
2026-03-09 13:47:06.803Z,10.9282,10.9528,100,100,22.5
2026-03-09 13:47:07.670Z,10.9331,10.9521,100,100,17.4
2026-03-09 13:47:08.365Z,10.9281,10.9517,100,100,21.6
2026-03-09 13:47:09.354Z,10.9315,10.9491,100,100,16.1
2026-03-09 13:47:10.254Z,10.9294,10.9474,100,100,16.5
2026-03-09 13:47:11.089Z,10.9302,10.9550,100,100,22.7
2026-03-09 13:47:12.306Z,10.9293,10.9487,100,100,17.7
2026-03-09 13:47:13.692Z,10.9280,10.9466,100,100,17.0
2026-03-09 13:47:14.008Z,10.9312,10.9526,100,100,19.6
2026-03-09 13:47:15.173Z,10.9269,10.9511,100,100,22.1
2026-03-09 13:47:16.628Z,10.9266,10.9492,100,100,20.7
2026-03-09 13:47:17.673Z,10.9269,10.9483,100,100,19.6
2026-03-09 13:47:18.840Z,10.9300,10.9550,100,100,22.8
2026-03-09 13:47:19.155Z,10.9289,10.9529,100,100,21.9
2026-03-09 13:47:20.153Z,10.9330,10.9492,100,100,14.8
2026-03-09 13:47:21.800Z,10.9303,10.9477,100,100,15.9
2026-03-09 13:47:22.246Z,10.9310,10.9476,100,100,15.2
2026-03-09 13:47:23.523Z,10.9283,10.9531,100,100,22.7
2026-03-09 13:47:24.102Z,10.9321,10.9503,100,100,16.6
2026-03-09 13:47:25.195Z,10.9253,10.9497,100,100,22.3
2026-03-09 13:47:26.280Z,10.9309,10.9543,100,100,21.4
2026-03-09 13:47:27.607Z,10.9283,10.9495,100,100,19.4
2026-03-09 13:47:28.609Z,10.9312,10.9486,100,100,15.9
2026-03-09 13:47:29.789Z,10.9328,10.9506,100,100,16.3
2026-03-09 13:47:30.156Z,10.9338,10.9516,100,100,16.3
2026-03-09 13:47:31.835Z,10.9250,10.9496,100,100,22.5
2026-03-09 13:47:32.097Z,10.9319,10.9503,100,100,16.8
2026-03-09 13:47:33.608Z,10.9305,10.9481,100,100,16.1
2026-03-09 13:47:34.137Z,10.9328,10.9502,100,100,15.9
2026-03-09 13:47:35.894Z,10.9274,10.9494,100,100,20.1
2026-03-09 13:47:36.070Z,10.9273,10.9517,100,100,22.3
2026-03-09 13:47:37.127Z,10.9294,10.9464,100,100,15.5
2026-03-09 13:47:38.863Z,10.9274,10.9496,100,100,20.3
2026-03-09 13:47:39.513Z,10.9302,10.9518,100,100,19.7
2026-03-09 13:47:40.684Z,10.9269,10.9499,100,100,21.0
2026-03-09 13:47:41.101Z,10.9290,10.9534,100,100,22.3
2026-03-09 13:47:42.335Z,10.9322,10.9518,100,100,17.9
2026-03-09 13:47:43.124Z,10.9302,10.9492,100,100,17.4
2026-03-09 13:47:44.570Z,10.9336,10.9514,100,100,16.3
2026-03-09 13:47:45.370Z,10.9276,10.9474,100,100,18.1
2026-03-09 13:47:46.399Z,10.9305,10.9535,100,100,21.0
2026-03-09 13:47:47.346Z,10.9322,10.9518,100,100,17.9
2026-03-09 13:47:48.253Z,10.9272,10.9476,100,100,18.7
2026-03-09 13:47:49.506Z,10.9267,10.9503,100,100,21.6
2026-03-09 13:47:50.293Z,10.9281,10.9501,100,100,20.1
2026-03-09 13:47:51.606Z,10.9276,10.9516,100,100,21.9
2026-03-09 13:47:52.831Z,10.9299,10.9491,100,100,17.6
2026-03-09 13:47:53.704Z,10.9297,10.9501,100,100,18.6
2026-03-09 13:47:54.612Z,10.9286,10.9468,100,100,16.6
2026-03-09 13:47:55.312Z,10.9267,10.9487,100,100,20.1
2026-03-09 13:47:56.476Z,10.9297,10.9461,100,100,15.0
2026-03-09 13:47:57.663Z,10.9281,10.9533,100,100,23.0
2026-03-09 13:47:58.377Z,10.9261,10.9491,100,100,21.0
2026-03-09 13:47:59.792Z,10.9291,10.9509,100,100,19.9
2026-03-09 13:48:00.565Z,10.9705,10.9895,100,100,17.3
2026-03-09 13:48:01.259Z,10.9703,10.9873,100,100,15.5
2026-03-09 13:48:02.229Z,10.9705,10.9943,100,100,21.7
2026-03-09 13:48:03.804Z,10.9665,10.9899,100,100,21.3
2026-03-09 13:48:04.630Z,10.9699,10.9901,100,100,18.4
2026-03-09 13:48:05.253Z,10.9716,10.9894,100,100,16.2
2026-03-09 13:48:06.124Z,10.9706,10.9942,106,100,21.5
2026-03-09 13:48:07.795Z,10.9682,10.9880,100,100,18.0
2026-03-09 13:48:08.005Z,10.9707,10.9941,100,100,21.3
2026-03-09 13:48:09.817Z,10.9712,10.9884,100,100,15.7
2026-03-09 13:48:10.033Z,10.9688,10.9886,100,116,18.0
2026-03-09 13:48:11.199Z,10.9705,10.9905,100,100,18.2
2026-03-09 13:48:12.086Z,10.9657,10.9903,100,100,22.4
2026-03-09 13:48:13.404Z,10.9693,10.9951,166,100,23.5
2026-03-09 13:48:14.599Z,10.9667,10.9913,100,106,22.4
2026-03-09 13:48:15.056Z,10.9696,10.9882,100,100,16.9
2026-03-09 13:48:16.246Z,10.9720,10.9902,100,100,16.6
2026-03-09 13:48:17.661Z,10.9705,10.9875,100,100,15.5
2026-03-09 13:48:18.450Z,10.9725,10.9911,108,100,16.9
2026-03-09 13:48:19.096Z,10.9708,10.9916,100,100,18.9
2026-03-09 13:48:20.892Z,10.9732,10.9920,100,100,17.1
2026-03-09 13:48:21.169Z,10.9674,10.9894,100,100,20.0
2026-03-09 13:48:22.808Z,10.9716,10.9902,100,100,16.9
2026-03-09 13:48:23.836Z,10.9647,10.9899,100,100,23.0
2026-03-09 13:48:24.395Z,10.9711,10.9887,100,100,16.0
2026-03-09 13:48:25.434Z,10.9691,10.9879,100,100,17.1
2026-03-09 13:48:26.449Z,10.9703,10.9917,100,100,19.5
2026-03-09 13:48:27.896Z,10.9665,10.9905,100,100,21.9
2026-03-09 13:48:28.227Z,10.9723,10.9907,100,100,16.8
2026-03-09 13:48:29.274Z,10.9679,10.9913,100,100,21.3
2026-03-09 13:48:30.195Z,10.9688,10.9894,100,100,18.8
2026-03-09 13:48:31.839Z,10.9664,10.9892,100,100,20.8
2026-03-09 13:48:32.823Z,10.9718,10.9912,100,100,17.7
2026-03-09 13:48:33.338Z,10.9726,10.9908,100,100,16.6
2026-03-09 13:48:34.095Z,10.9713,10.9941,100,100,20.8
2026-03-09 13:48:35.278Z,10.9717,10.9915,100,100,18.0
2026-03-09 13:48:36.620Z,10.9702,10.9896,100,100,17.7
2026-03-09 13:48:37.850Z,10.9685,10.9877,100,174,17.5
2026-03-09 13:48:38.221Z,10.9674,10.9896,221,126,20.2
2026-03-09 13:48:39.034Z,10.9706,10.9878,100,100,15.7
2026-03-09 13:48:40.031Z,10.9695,10.9947,140,100,22.9
2026-03-09 13:48:41.391Z,10.9673,10.9877,100,100,18.6
2026-03-09 13:48:42.465Z,10.9713,10.9941,100,100,20.8
2026-03-09 13:48:43.538Z,10.9712,10.9938,100,100,20.6
2026-03-09 13:48:44.074Z,10.9674,10.9916,100,100,22.0
2026-03-09 13:48:45.325Z,10.9659,10.9895,100,100,21.5
2026-03-09 13:48:46.182Z,10.9714,10.9922,100,100,18.9
2026-03-09 13:48:47.679Z,10.9699,10.9897,100,100,18.0
2026-03-09 13:48:48.591Z,10.9717,10.9889,100,100,15.7
2026-03-09 13:48:49.644Z,10.9687,10.9887,100,102,18.2
2026-03-09 13:48:50.202Z,10.9688,10.9924,100,100,21.5
2026-03-09 13:48:51.204Z,10.9699,10.9941,100,100,22.0
2026-03-09 13:48:52.549Z,10.9684,10.9926,100,100,22.0
2026-03-09 13:48:53.141Z,10.9698,10.9882,100,100,16.8
2026-03-09 13:48:54.216Z,10.9708,10.9920,100,100,19.3
2026-03-09 13:48:55.872Z,10.9727,10.9911,100,100,16.8
2026-03-09 13:48:56.855Z,10.9700,10.9912,100,100,19.3
2026-03-09 13:48:57.348Z,10.9720,10.9928,124,100,18.9
2026-03-09 13:48:58.752Z,10.9699,10.9923,100,100,20.4
2026-03-09 13:48:59.668Z,10.9702,10.9898,100,100,17.9
2026-03-09 13:49:00.549Z,10.8713,10.8889,100,100,16.2
2026-03-09 13:49:01.199Z,10.8710,10.8874,100,100,15.1
2026-03-09 13:49:02.700Z,10.8710,10.8922,100,100,19.5
2026-03-09 13:49:03.260Z,10.8705,10.8921,100,100,19.9
2026-03-09 13:49:04.778Z,10.8689,10.8885,100,100,18.0
2026-03-09 13:49:05.753Z,10.8703,10.8917,100,100,19.7
2026-03-09 13:49:06.509Z,10.8690,10.8930,100,100,22.1
2026-03-09 13:49:07.406Z,10.8683,10.8875,100,100,17.7
2026-03-09 13:49:08.392Z,10.8705,10.8947,100,100,22.2
2026-03-09 13:49:09.462Z,10.8668,10.8920,100,100,23.2
2026-03-09 13:49:10.560Z,10.8684,10.8920,100,100,21.7
2026-03-09 13:49:11.284Z,10.8690,10.8936,100,100,22.6
2026-03-09 13:49:12.619Z,10.8701,10.8923,100,100,20.4
2026-03-09 13:49:13.707Z,10.8652,10.8900,100,100,22.8
2026-03-09 13:49:14.049Z,10.8683,10.8895,100,100,19.5
2026-03-09 13:49:15.151Z,10.8684,10.8898,100,100,19.7
2026-03-09 13:49:16.825Z,10.8692,10.8870,100,100,16.4
2026-03-09 13:49:17.604Z,10.8724,10.8910,100,100,17.1
2026-03-09 13:49:18.423Z,10.8705,10.8915,100,100,19.3
2026-03-09 13:49:19.593Z,10.8689,10.8895,100,100,18.9
2026-03-09 13:49:20.607Z,10.8692,10.8868,100,100,16.2
2026-03-09 13:49:21.053Z,10.8659,10.8885,100,100,20.8
2026-03-09 13:49:22.578Z,10.8703,10.8883,100,100,16.5
2026-03-09 13:49:23.458Z,10.8670,10.8902,100,100,21.3
2026-03-09 13:49:24.578Z,10.8700,10.8882,100,100,16.7
2026-03-09 13:49:25.426Z,10.8670,10.8878,100,100,19.1
2026-03-09 13:49:26.643Z,10.8693,10.8875,100,100,16.7
2026-03-09 13:49:27.710Z,10.8636,10.8832,100,100,18.0
2026-03-09 13:49:28.821Z,10.8663,10.8849,100,100,17.1
2026-03-09 13:49:29.298Z,10.8595,10.8851,100,100,23.5
2026-03-09 13:49:30.729Z,10.8606,10.8840,100,100,21.5
2026-03-09 13:49:31.380Z,10.8594,10.8824,100,100,21.2
2026-03-09 13:49:32.504Z,10.8593,10.8833,100,100,22.1
2026-03-09 13:49:33.380Z,10.8595,10.8813,100,100,20.1
2026-03-09 13:49:34.301Z,10.8607,10.8825,100,100,20.1
2026-03-09 13:49:35.384Z,10.8591,10.8801,100,100,19.3
2026-03-09 13:49:36.461Z,10.8617,10.8807,100,100,17.5
2026-03-09 13:49:37.707Z,10.8587,10.8821,100,100,21.5
2026-03-09 13:49:38.003Z,10.8569,10.8793,100,100,20.6
2026-03-09 13:49:39.849Z,10.8599,10.8835,100,100,21.7
2026-03-09 13:49:40.606Z,10.8591,10.8779,100,100,17.3
2026-03-09 13:49:41.138Z,10.8578,10.8824,100,100,22.6
2026-03-09 13:49:42.828Z,10.8586,10.8796,100,100,19.3
2026-03-09 13:49:43.246Z,10.8590,10.8822,100,100,21.3
2026-03-09 13:49:44.504Z,10.8604,10.8784,100,100,16.6
2026-03-09 13:49:45.622Z,10.8603,10.8773,100,100,15.6
2026-03-09 13:49:46.653Z,10.8620,10.8788,100,100,15.5
2026-03-09 13:49:47.298Z,10.8605,10.8799,100,100,17.8
2026-03-09 13:49:48.750Z,10.8605,10.8815,100,100,19.3
2026-03-09 13:49:49.408Z,10.8587,10.8787,100,100,18.4
2026-03-09 13:49:50.131Z,10.8578,10.8788,100,100,19.3
2026-03-09 13:49:51.435Z,10.8595,10.8823,100,100,21.0
2026-03-09 13:49:52.046Z,10.8583,10.8815,100,100,21.3
2026-03-09 13:49:53.809Z,10.8571,10.8801,100,100,21.2
2026-03-09 13:49:54.778Z,10.8607,10.8801,100,100,17.8
2026-03-09 13:49:55.878Z,10.8627,10.8819,100,100,17.7
2026-03-09 13:49:56.305Z,10.8619,10.8815,100,100,18.0
2026-03-09 13:49:57.111Z,10.8598,10.8774,100,100,16.2
2026-03-09 13:49:58.580Z,10.8605,10.8849,100,100,22.4
2026-03-09 13:49:59.003Z,10.8575,10.8825,100,100,23.0
2026-03-09 13:51:00.363Z,10.7895,10.8107,100,100,19.6
2026-03-09 13:51:01.146Z,10.7895,10.8143,100,100,23.0
2026-03-09 13:51:02.078Z,10.7905,10.8077,100,100,15.9
2026-03-09 13:51:03.039Z,10.7906,10.8132,100,100,20.9
2026-03-09 13:51:04.004Z,10.7867,10.8109,100,100,22.4
2026-03-09 13:51:05.255Z,10.7873,10.8083,100,100,19.4
2026-03-09 13:51:06.595Z,10.7890,10.8126,100,100,21.9
2026-03-09 13:51:07.320Z,10.7880,10.8098,100,100,20.2
2026-03-09 13:51:08.770Z,10.7869,10.8099,100,100,21.3
2026-03-09 13:51:09.875Z,10.7899,10.8087,100,100,17.4
2026-03-09 13:51:10.587Z,10.7894,10.8116,100,100,20.6
2026-03-09 13:51:11.530Z,10.7877,10.8101,100,100,20.7
2026-03-09 13:51:12.531Z,10.7888,10.8128,100,100,22.2
2026-03-09 13:51:13.298Z,10.7907,10.8109,100,100,18.7
2026-03-09 13:51:14.400Z,10.7906,10.8084,100,100,16.5
2026-03-09 13:51:15.148Z,10.7868,10.8102,100,100,21.7
2026-03-09 13:51:16.877Z,10.7898,10.8130,100,100,21.5
2026-03-09 13:51:17.869Z,10.7884,10.8094,100,100,19.4
2026-03-09 13:51:18.604Z,10.7899,10.8141,100,100,22.4
2026-03-09 13:51:19.890Z,10.7910,10.8112,100,100,18.7
2026-03-09 13:51:20.399Z,10.7905,10.8123,100,100,20.2
2026-03-09 13:51:21.443Z,10.7895,10.8085,100,100,17.6
2026-03-09 13:51:22.656Z,10.7902,10.8090,100,100,17.4
2026-03-09 13:51:23.807Z,10.7883,10.8107,100,100,20.7
2026-03-09 13:51:24.766Z,10.7910,10.8144,100,100,21.7
2026-03-09 13:51:25.580Z,10.7943,10.8123,100,100,16.7
2026-03-09 13:51:26.617Z,10.7926,10.8130,100,100,18.9
2026-03-09 13:51:27.232Z,10.7923,10.8109,100,100,17.2
2026-03-09 13:51:28.650Z,10.7929,10.8123,100,100,18.0
2026-03-09 13:51:29.331Z,10.7928,10.8186,100,100,23.9
2026-03-09 13:51:30.181Z,10.7955,10.8181,100,100,20.9
2026-03-09 13:51:31.667Z,10.7993,10.8181,100,100,17.4
2026-03-09 13:51:32.241Z,10.7997,10.8193,100,100,18.1
2026-03-09 13:51:33.188Z,10.7984,10.8220,100,100,21.8
2026-03-09 13:51:34.583Z,10.7967,10.8213,100,100,22.8
2026-03-09 13:51:35.447Z,10.7985,10.8213,100,100,21.1
2026-03-09 13:51:36.582Z,10.7951,10.8203,100,100,23.3
2026-03-09 13:51:37.836Z,10.7995,10.8203,100,100,19.2
2026-03-09 13:51:38.016Z,10.8002,10.8238,100,100,21.8
2026-03-09 13:51:39.298Z,10.8026,10.8226,100,100,18.5
2026-03-09 13:51:40.416Z,10.7990,10.8208,100,100,20.2
2026-03-09 13:51:41.193Z,10.7999,10.8239,100,100,22.2
2026-03-09 13:51:42.862Z,10.7990,10.8192,100,100,18.7
2026-03-09 13:51:43.244Z,10.7973,10.8189,100,100,20.0
2026-03-09 13:51:44.670Z,10.7959,10.8191,100,100,21.5
2026-03-09 13:51:45.764Z,10.7989,10.8185,100,100,18.1
2026-03-09 13:51:46.022Z,10.7986,10.8154,100,100,15.5
2026-03-09 13:51:47.084Z,10.8019,10.8205,100,100,17.2
2026-03-09 13:51:48.054Z,10.7977,10.8215,100,100,22.0
2026-03-09 13:51:49.601Z,10.7996,10.8210,100,100,19.8
2026-03-09 13:51:50.636Z,10.7945,10.8191,100,100,22.8
2026-03-09 13:51:51.552Z,10.7978,10.8206,100,100,21.1
2026-03-09 13:51:52.752Z,10.7983,10.8197,100,100,19.8
2026-03-09 13:51:53.843Z,10.7975,10.8161,100,100,17.2
2026-03-09 13:51:54.160Z,10.7994,10.8234,100,100,22.2
2026-03-09 13:51:55.802Z,10.8020,10.8200,100,100,16.6
2026-03-09 13:51:56.190Z,10.8014,10.8196,100,100,16.8
2026-03-09 13:51:57.182Z,10.7964,10.8204,100,100,22.2
2026-03-09 13:51:58.368Z,10.7971,10.8203,100,100,21.5
2026-03-09 13:51:59.357Z,10.8013,10.8187,100,100,16.1
2026-03-09 13:52:00.340Z,10.8453,10.8647,100,100,17.9
2026-03-09 13:52:01.063Z,10.8442,10.8680,100,100,21.9
2026-03-09 13:52:02.058Z,10.8424,10.8608,100,100,17.0
2026-03-09 13:52:03.602Z,10.8404,10.8586,100,100,16.8
2026-03-09 13:52:04.479Z,10.8393,10.8563,100,100,15.7
2026-03-09 13:52:05.408Z,10.8398,10.8610,100,100,19.5
2026-03-09 13:52:06.896Z,10.8368,10.8604,100,100,21.8
2026-03-09 13:52:07.839Z,10.8356,10.8558,100,100,18.6
2026-03-09 13:52:08.735Z,10.8290,10.8532,100,100,22.3
2026-03-09 13:52:09.818Z,10.8284,10.8470,100,100,17.2
2026-03-09 13:52:10.109Z,10.8266,10.8474,100,100,19.2
2026-03-09 13:52:11.303Z,10.8227,10.8475,100,100,22.9
2026-03-09 13:52:12.533Z,10.8270,10.8456,100,100,17.2
2026-03-09 13:52:13.218Z,10.8295,10.8473,100,100,16.4
2026-03-09 13:52:14.288Z,10.8285,10.8509,100,100,20.7
2026-03-09 13:52:15.740Z,10.8270,10.8500,100,100,21.2
2026-03-09 13:52:16.282Z,10.8337,10.8545,100,100,19.2
2026-03-09 13:52:17.406Z,10.8306,10.8494,100,100,17.3
2026-03-09 13:52:18.882Z,10.8313,10.8493,100,100,16.6
2026-03-09 13:52:19.503Z,10.8335,10.8573,100,100,21.9
2026-03-09 13:52:20.721Z,10.8355,10.8525,100,100,15.7
2026-03-09 13:52:21.374Z,10.8354,10.8600,100,100,22.7
2026-03-09 13:52:22.489Z,10.8361,10.8587,100,100,20.8
2026-03-09 13:52:23.275Z,10.8413,10.8637,100,100,20.6
2026-03-09 13:52:24.103Z,10.8454,10.8682,100,100,21.0
2026-03-09 13:52:25.081Z,10.8508,10.8720,100,100,19.5
2026-03-09 13:52:26.160Z,10.8571,10.8787,100,100,19.9
2026-03-09 13:52:27.239Z,10.8591,10.8829,100,100,21.9
2026-03-09 13:52:28.563Z,10.8644,10.8908,100,100,24.3
2026-03-09 13:52:29.150Z,10.8693,10.8919,100,100,20.8
2026-03-09 13:52:30.060Z,10.8757,10.8965,100,100,19.1
2026-03-09 13:52:31.201Z,10.8788,10.8992,100,100,18.7
2026-03-09 13:52:32.029Z,10.8826,10.9024,100,100,18.2
2026-03-09 13:52:33.206Z,10.8900,10.9122,100,100,20.4
2026-03-09 13:52:34.495Z,10.8901,10.9127,100,100,20.7
2026-03-09 13:52:35.259Z,10.8938,10.9140,100,100,18.5
2026-03-09 13:52:36.416Z,10.8983,10.9161,100,100,16.3
2026-03-09 13:52:37.802Z,10.9015,10.9207,100,100,17.6
2026-03-09 13:52:38.797Z,10.8954,10.9206,100,100,23.1
2026-03-09 13:52:39.313Z,10.9019,10.9227,100,100,19.1
2026-03-09 13:52:40.793Z,10.8993,10.9175,100,100,16.7
2026-03-09 13:52:41.230Z,10.8968,10.9166,100,100,18.2
2026-03-09 13:52:42.761Z,10.8958,10.9164,100,100,18.9
2026-03-09 13:52:43.883Z,10.8939,10.9169,100,100,21.1
2026-03-09 13:52:44.027Z,10.8978,10.9150,100,100,15.8
2026-03-09 13:52:45.569Z,10.8935,10.9141,100,100,18.9
2026-03-09 13:52:46.856Z,10.8900,10.9146,100,100,22.6
2026-03-09 13:52:47.354Z,10.8965,10.9175,100,100,19.3
2026-03-09 13:52:48.464Z,10.8966,10.9164,100,100,18.2
2026-03-09 13:52:49.303Z,10.8982,10.9176,100,100,17.8
2026-03-09 13:52:50.468Z,10.8980,10.9172,100,100,17.6
2026-03-09 13:52:51.699Z,10.8998,10.9180,100,100,16.7
2026-03-09 13:52:52.754Z,10.8967,10.9191,100,100,20.5
2026-03-09 13:52:53.790Z,10.8994,10.9166,100,100,15.8
2026-03-09 13:52:54.562Z,10.8993,10.9219,100,100,20.7
2026-03-09 13:52:55.519Z,10.8964,10.9190,100,100,20.7
2026-03-09 13:52:56.260Z,10.8991,10.9221,100,100,21.1
2026-03-09 13:52:57.516Z,10.8996,10.9230,100,100,21.4
2026-03-09 13:52:58.172Z,10.9018,10.9194,100,100,16.1
2026-03-09 13:52:59.702Z,10.9013,10.9185,100,100,15.8
2026-03-09 13:53:00.650Z,10.8001,10.8199,100,100,18.3
2026-03-09 13:53:01.561Z,10.7972,10.8204,100,100,21.5
2026-03-09 13:53:02.107Z,10.7982,10.8218,100,100,21.8
2026-03-09 13:53:03.890Z,10.8022,10.8250,100,100,21.1
2026-03-09 13:53:04.004Z,10.8023,10.8201,100,100,16.5
2026-03-09 13:53:05.422Z,10.8050,10.8278,100,100,21.1
2026-03-09 13:53:06.228Z,10.8081,10.8267,100,100,17.2
2026-03-09 13:53:07.158Z,10.8071,10.8267,100,100,18.1
2026-03-09 13:53:08.786Z,10.8067,10.8245,100,100,16.5
2026-03-09 13:53:09.853Z,10.8103,10.8317,100,100,19.8
2026-03-09 13:53:10.081Z,10.8105,10.8333,100,100,21.1
2026-03-09 13:53:11.562Z,10.8132,10.8294,100,100,15.0
2026-03-09 13:53:12.088Z,10.8132,10.8300,100,100,15.5
2026-03-09 13:53:13.760Z,10.8090,10.8268,100,100,16.5
2026-03-09 13:53:14.506Z,10.8112,10.8290,100,100,16.5
2026-03-09 13:53:15.769Z,10.8118,10.8298,100,100,16.6
2026-03-09 13:53:16.095Z,10.8104,10.8274,100,100,15.7
2026-03-09 13:53:17.410Z,10.8089,10.8269,100,100,16.6
2026-03-09 13:53:18.157Z,10.8093,10.8313,100,100,20.3
2026-03-09 13:53:19.713Z,10.8064,10.8304,100,100,22.2
2026-03-09 13:53:20.816Z,10.8092,10.8260,100,100,15.5
2026-03-09 13:53:21.892Z,10.8098,10.8276,100,100,16.5
2026-03-09 13:53:22.378Z,10.8016,10.8256,100,100,22.2
2026-03-09 13:53:23.063Z,10.8049,10.8241,100,100,17.8
2026-03-09 13:53:24.595Z,10.8066,10.8246,100,100,16.6
2026-03-09 13:53:25.869Z,10.8001,10.8245,100,100,22.6
2026-03-09 13:53:26.893Z,10.8015,10.8239,100,100,20.7
2026-03-09 13:53:27.033Z,10.7983,10.8189,100,100,19.1
2026-03-09 13:53:28.271Z,10.8002,10.8170,100,100,15.5
2026-03-09 13:53:29.456Z,10.7987,10.8171,100,100,17.0
2026-03-09 13:53:30.390Z,10.7969,10.8183,100,100,19.8
2026-03-09 13:53:31.636Z,10.7949,10.8187,100,100,22.0
2026-03-09 13:53:32.158Z,10.7946,10.8122,100,100,16.3
2026-03-09 13:53:33.577Z,10.7926,10.8128,100,100,18.7
2026-03-09 13:53:34.659Z,10.7929,10.8149,100,100,20.4
2026-03-09 13:53:35.495Z,10.7917,10.8143,100,100,20.9
2026-03-09 13:53:36.642Z,10.7869,10.8099,100,100,21.3
2026-03-09 13:53:37.299Z,10.7894,10.8154,100,100,24.1
2026-03-09 13:53:38.108Z,10.7874,10.8110,100,100,21.9
2026-03-09 13:53:39.256Z,10.7921,10.8123,100,100,18.7
2026-03-09 13:53:40.017Z,10.7904,10.8106,100,100,18.7
2026-03-09 13:53:41.698Z,10.7877,10.8111,100,100,21.7
2026-03-09 13:53:42.858Z,10.7924,10.8124,100,100,18.5
2026-03-09 13:53:43.529Z,10.7873,10.8117,100,100,22.6
2026-03-09 13:53:44.615Z,10.7879,10.8113,100,100,21.7
2026-03-09 13:53:45.006Z,10.7900,10.8076,100,100,16.3
2026-03-09 13:53:46.171Z,10.7906,10.8166,100,100,24.1
2026-03-09 13:53:47.258Z,10.7905,10.8091,100,100,17.2
2026-03-09 13:53:48.427Z,10.7875,10.8109,100,100,21.7
2026-03-09 13:53:49.719Z,10.7880,10.8114,100,100,21.7
2026-03-09 13:53:50.402Z,10.7912,10.8100,100,100,17.4
2026-03-09 13:53:51.093Z,10.7913,10.8155,100,100,22.4
2026-03-09 13:53:52.547Z,10.7885,10.8121,100,100,21.9
2026-03-09 13:53:53.039Z,10.7898,10.8116,100,100,20.2
2026-03-09 13:53:54.409Z,10.7902,10.8078,100,100,16.3
2026-03-09 13:53:55.732Z,10.7907,10.8143,100,100,21.8
2026-03-09 13:53:56.110Z,10.7868,10.8096,100,100,21.1
2026-03-09 13:53:57.795Z,10.7920,10.8124,100,100,18.9
2026-03-09 13:53:58.424Z,10.7844,10.8102,100,100,23.9
2026-03-09 13:53:59.668Z,10.7880,10.8120,100,100,22.2
2026-03-09 13:54:00.441Z,10.8488,10.8712,100,100,20.6
2026-03-09 13:54:01.581Z,10.8518,10.8732,100,100,19.7
2026-03-09 13:54:02.811Z,10.8510,10.8706,100,100,18.0
2026-03-09 13:54:03.725Z,10.8500,10.8684,100,100,16.9
2026-03-09 13:54:04.587Z,10.8465,10.8687,100,100,20.4
2026-03-09 13:54:05.478Z,10.8512,10.8734,100,100,20.4
2026-03-09 13:54:06.694Z,10.8507,10.8739,100,100,21.4
2026-03-09 13:54:07.426Z,10.8492,10.8672,100,100,16.6
2026-03-09 13:54:08.577Z,10.8486,10.8702,100,100,19.9
2026-03-09 13:54:09.488Z,10.8518,10.8700,100,100,16.8
2026-03-09 13:54:10.235Z,10.8512,10.8706,100,100,17.9
2026-03-09 13:54:11.733Z,10.8511,10.8685,100,100,16.0
2026-03-09 13:54:12.154Z,10.8530,10.8698,100,100,15.5
2026-03-09 13:54:13.009Z,10.8464,10.8684,100,100,20.3
2026-03-09 13:54:14.689Z,10.8504,10.8672,100,100,15.5
2026-03-09 13:54:15.023Z,10.8482,10.8676,100,100,17.9
2026-03-09 13:54:16.300Z,10.8509,10.8735,100,100,20.8
2026-03-09 13:54:17.314Z,10.8509,10.8711,100,100,18.6
2026-03-09 13:54:18.312Z,10.8520,10.8706,100,100,17.1
2026-03-09 13:54:19.549Z,10.8521,10.8719,100,100,18.2
2026-03-09 13:54:20.045Z,10.8535,10.8705,100,100,15.7
2026-03-09 13:54:21.218Z,10.8534,10.8714,100,100,16.6
2026-03-09 13:54:22.389Z,10.8539,10.8723,100,100,16.9
2026-03-09 13:54:23.556Z,10.8565,10.8773,100,100,19.1
2026-03-09 13:54:24.503Z,10.8591,10.8777,100,100,17.1
2026-03-09 13:54:25.403Z,10.8581,10.8829,100,100,22.8
2026-03-09 13:54:26.531Z,10.8636,10.8870,100,100,21.5
2026-03-09 13:54:27.194Z,10.8648,10.8842,100,100,17.8
2026-03-09 13:54:28.115Z,10.8718,10.8934,100,100,19.8
2026-03-09 13:54:29.083Z,10.8755,10.8947,100,100,17.6
2026-03-09 13:54:30.211Z,10.8759,10.8927,100,100,15.4
2026-03-09 13:54:31.733Z,10.8763,10.8951,100,100,17.3
2026-03-09 13:54:32.262Z,10.8807,10.9011,100,100,18.7
2026-03-09 13:54:33.731Z,10.8859,10.9059,100,100,18.4
2026-03-09 13:54:34.226Z,10.8876,10.9044,100,100,15.4
2026-03-09 13:54:35.291Z,10.8875,10.9069,100,100,17.8
2026-03-09 13:54:36.172Z,10.8878,10.9068,100,100,17.4
2026-03-09 13:54:37.478Z,10.8856,10.9098,100,100,22.2
2026-03-09 13:54:38.844Z,10.8901,10.9135,100,100,21.5
2026-03-09 13:54:39.780Z,10.8899,10.9087,100,100,17.2
2026-03-09 13:54:40.778Z,10.8897,10.9147,100,100,22.9
2026-03-09 13:54:41.120Z,10.8912,10.9118,100,100,18.9
2026-03-09 13:54:42.424Z,10.8877,10.9123,100,100,22.6
2026-03-09 13:54:43.834Z,10.8896,10.9092,100,100,18.0
2026-03-09 13:54:44.746Z,10.8849,10.9063,100,100,19.6
2026-03-09 13:54:45.530Z,10.8868,10.9038,100,100,15.6
2026-03-09 13:54:46.102Z,10.8858,10.9036,100,100,16.3
2026-03-09 13:54:47.242Z,10.8872,10.9108,100,100,21.7
2026-03-09 13:54:48.008Z,10.8868,10.9064,100,100,18.0
2026-03-09 13:54:49.881Z,10.8872,10.9090,100,100,20.0
2026-03-09 13:54:50.403Z,10.8873,10.9117,100,100,22.4
2026-03-09 13:54:51.374Z,10.8835,10.9089,100,100,23.3
2026-03-09 13:54:52.029Z,10.8899,10.9099,100,100,18.3
2026-03-09 13:54:53.244Z,10.8889,10.9061,100,100,15.8
2026-03-09 13:54:54.246Z,10.8874,10.9106,100,100,21.3
2026-03-09 13:54:55.471Z,10.8895,10.9093,100,100,18.2
2026-03-09 13:54:56.869Z,10.8909,10.9105,100,100,18.0
2026-03-09 13:54:57.147Z,10.8870,10.9080,100,100,19.3
2026-03-09 13:54:58.300Z,10.8932,10.9114,100,100,16.7
2026-03-09 13:54:59.640Z,10.8885,10.9115,100,100,21.1
2026-03-09 13:55:00.534Z,10.8861,10.9039,100,100,16.3
2026-03-09 13:55:01.840Z,10.8869,10.9057,100,100,17.3
2026-03-09 13:55:02.060Z,10.8828,10.9022,100,100,17.8
2026-03-09 13:55:03.659Z,10.8768,10.9004,100,100,21.7
2026-03-09 13:55:04.051Z,10.8705,10.8931,100,100,20.8
2026-03-09 13:55:05.558Z,10.8668,10.8900,100,100,21.3
2026-03-09 13:55:06.420Z,10.8574,10.8832,100,100,23.7
2026-03-09 13:55:07.605Z,10.8542,10.8800,100,100,23.7
2026-03-09 13:55:08.894Z,10.8547,10.8723,100,100,16.2
2026-03-09 13:55:09.305Z,10.8450,10.8650,100,100,18.4
2026-03-09 13:55:10.628Z,10.8432,10.8662,100,100,21.2
2026-03-09 13:55:11.169Z,10.8388,10.8598,100,100,19.4
2026-03-09 13:55:12.235Z,10.8383,10.8631,122,100,22.9
2026-03-09 13:55:13.339Z,10.8430,10.8626,100,100,18.1
2026-03-09 13:55:14.668Z,10.8436,10.8626,100,100,17.5
2026-03-09 13:55:15.027Z,10.8488,10.8704,100,100,19.9
2026-03-09 13:55:16.511Z,10.8518,10.8710,100,100,17.7
2026-03-09 13:55:17.557Z,10.8559,10.8807,100,100,22.8
2026-03-09 13:55:18.332Z,10.8590,10.8800,100,100,19.3
2026-03-09 13:55:19.006Z,10.8618,10.8800,100,100,16.7
2026-03-09 13:55:20.006Z,10.8625,10.8843,100,100,20.0
2026-03-09 13:55:21.309Z,10.8623,10.8865,100,100,22.3
2026-03-09 13:55:22.774Z,10.8714,10.8904,100,100,17.5
2026-03-09 13:55:23.863Z,10.8741,10.8935,100,100,17.8
2026-03-09 13:55:24.667Z,10.8797,10.9025,100,100,20.9
2026-03-09 13:55:25.173Z,10.8880,10.9106,100,100,20.7
2026-03-09 13:55:26.741Z,10.8951,10.9211,100,100,23.8
2026-03-09 13:55:27.003Z,10.9039,10.9273,100,100,21.4
2026-03-09 13:55:28.598Z,10.9113,10.9347,100,100,21.4
2026-03-09 13:55:29.284Z,10.9159,10.9437,100,100,25.4
2026-03-09 13:55:30.671Z,10.9241,10.9477,100,100,21.6
2026-03-09 13:55:31.536Z,10.9309,10.9601,100,100,26.7
2026-03-09 13:55:32.000Z,10.9378,10.9594,100,100,19.7
2026-03-09 13:55:33.185Z,10.9459,10.9715,100,100,23.4
2026-03-09 13:55:34.444Z,10.9537,10.9755,100,100,19.9
2026-03-09 13:55:35.244Z,10.9547,10.9793,100,100,22.4
2026-03-09 13:55:36.204Z,10.9582,10.9848,100,100,24.2
2026-03-09 13:55:37.234Z,10.9638,10.9846,100,100,19.0
2026-03-09 13:55:38.048Z,10.9650,10.9900,100,100,22.8
2026-03-09 13:55:39.151Z,10.9684,10.9854,100,100,15.5
2026-03-09 13:55:40.688Z,10.9673,10.9865,100,100,17.5
2026-03-09 13:55:41.325Z,10.9662,10.9844,100,100,16.6
2026-03-09 13:55:42.621Z,10.9645,10.9823,100,100,16.2
2026-03-09 13:55:43.004Z,10.9588,10.9778,100,100,17.3
2026-03-09 13:55:44.683Z,10.9573,10.9777,100,100,18.6
2026-03-09 13:55:45.545Z,10.9580,10.9746,100,100,15.1
2026-03-09 13:55:46.160Z,10.9582,10.9768,100,100,17.0
2026-03-09 13:55:47.750Z,10.9575,10.9793,100,100,19.9
2026-03-09 13:55:48.075Z,10.9607,10.9779,100,100,15.7
2026-03-09 13:55:49.837Z,10.9588,10.9766,100,100,16.2
2026-03-09 13:55:50.060Z,10.9610,10.9816,100,100,18.8
2026-03-09 13:55:51.246Z,10.9599,10.9819,100,100,20.1
2026-03-09 13:55:52.318Z,10.9600,10.9792,100,100,17.5
2026-03-09 13:55:53.379Z,10.9584,10.9810,100,100,20.6
2026-03-09 13:55:54.310Z,10.9620,10.9824,100,100,18.6
2026-03-09 13:55:55.587Z,10.9633,10.9811,100,100,16.2
2026-03-09 13:55:56.410Z,10.9642,10.9812,100,100,15.5
2026-03-09 13:55:57.726Z,10.9633,10.9859,100,100,20.6
2026-03-09 13:55:58.094Z,10.9648,10.9832,100,100,16.8
2026-03-09 13:55:59.688Z,10.9670,10.9840,100,100,15.5
2026-03-09 13:56:00.667Z,10.8851,10.9049,100,100,18.2
2026-03-09 13:56:01.634Z,10.8859,10.9027,100,100,15.4
2026-03-09 13:56:02.308Z,10.8852,10.9020,100,100,15.4
2026-03-09 13:56:03.126Z,10.8843,10.9075,100,100,21.3
2026-03-09 13:56:04.638Z,10.8871,10.9045,100,100,16.0
2026-03-09 13:56:05.406Z,10.8863,10.9085,100,100,20.4
2026-03-09 13:56:06.122Z,10.8831,10.9081,100,100,22.9
2026-03-09 13:56:07.141Z,10.8870,10.9062,100,100,17.6
2026-03-09 13:56:08.698Z,10.8818,10.9032,100,100,19.6
2026-03-09 13:56:09.171Z,10.8824,10.9036,100,100,19.5
2026-03-09 13:56:10.858Z,10.8837,10.9095,100,100,23.7
2026-03-09 13:56:11.510Z,10.8875,10.9077,100,100,18.5
2026-03-09 13:56:12.034Z,10.8834,10.9074,100,100,22.0
2026-03-09 13:56:13.317Z,10.8839,10.9035,100,100,18.0
2026-03-09 13:56:14.710Z,10.8835,10.9065,100,100,21.1
2026-03-09 13:56:15.249Z,10.8840,10.9048,100,100,19.1
2026-03-09 13:56:16.758Z,10.8872,10.9074,100,100,18.5
2026-03-09 13:56:17.169Z,10.8886,10.9052,100,100,15.2
2026-03-09 13:56:18.633Z,10.8872,10.9052,100,100,16.5
2026-03-09 13:56:19.844Z,10.8808,10.9042,100,100,21.5
2026-03-09 13:56:20.757Z,10.8856,10.9090,100,100,21.5
2026-03-09 13:56:21.154Z,10.8837,10.9031,100,100,17.8
2026-03-09 13:56:22.897Z,10.8851,10.9055,100,100,18.7
2026-03-09 13:56:23.615Z,10.8823,10.9031,100,100,19.1
2026-03-09 13:56:24.264Z,10.8818,10.9034,100,100,19.8
2026-03-09 13:56:25.519Z,10.8868,10.9058,100,100,17.4
2026-03-09 13:56:26.537Z,10.8830,10.9074,100,100,22.4
2026-03-09 13:56:27.199Z,10.8816,10.9046,100,100,21.1
2026-03-09 13:56:28.889Z,10.8853,10.9059,100,100,18.9
2026-03-09 13:56:29.235Z,10.8832,10.9046,100,100,19.6
2026-03-09 13:56:30.440Z,10.8842,10.9022,100,100,16.5
2026-03-09 13:56:31.143Z,10.8848,10.9068,100,100,20.2
2026-03-09 13:56:32.890Z,10.8836,10.9040,100,100,18.7
2026-03-09 13:56:33.021Z,10.8846,10.9044,100,100,18.2
2026-03-09 13:56:34.851Z,10.8824,10.9064,100,100,22.0
2026-03-09 13:56:35.776Z,10.8851,10.9045,100,100,17.8
2026-03-09 13:56:36.001Z,10.8845,10.9047,100,100,18.5
2026-03-09 13:56:37.345Z,10.8850,10.9076,100,100,20.7
2026-03-09 13:56:38.581Z,10.8810,10.9052,100,100,22.2
2026-03-09 13:56:39.511Z,10.8871,10.9057,100,100,17.1
2026-03-09 13:56:40.752Z,10.8821,10.9043,100,100,20.4
2026-03-09 13:56:41.457Z,10.8844,10.9044,100,100,18.4
2026-03-09 13:56:42.681Z,10.8885,10.9063,100,100,16.3
2026-03-09 13:56:43.428Z,10.8873,10.9077,100,100,18.7
2026-03-09 13:56:44.286Z,10.8840,10.9058,100,100,20.0
2026-03-09 13:56:45.123Z,10.8851,10.9033,100,100,16.7
2026-03-09 13:56:46.634Z,10.8832,10.9056,100,100,20.6
2026-03-09 13:56:47.393Z,10.8875,10.9061,100,100,17.1
2026-03-09 13:56:48.867Z,10.8841,10.9035,100,100,17.8
2026-03-09 13:56:49.509Z,10.8851,10.9065,100,100,19.6
2026-03-09 13:56:50.027Z,10.8795,10.9053,100,100,23.7
2026-03-09 13:56:51.243Z,10.8842,10.9066,100,100,20.6
2026-03-09 13:56:52.247Z,10.8841,10.9029,100,100,17.3
2026-03-09 13:56:53.874Z,10.8830,10.9022,100,100,17.6
2026-03-09 13:56:54.264Z,10.8820,10.9038,100,100,20.0
2026-03-09 13:56:55.056Z,10.8865,10.9035,100,100,15.6
2026-03-09 13:56:56.523Z,10.8873,10.9061,100,100,17.3
2026-03-09 13:56:57.650Z,10.8819,10.9045,100,100,20.7
2026-03-09 13:56:58.755Z,10.8839,10.9073,100,100,21.5
2026-03-09 13:56:59.638Z,10.8864,10.9036,100,100,15.8
2026-03-09 13:57:00.446Z,10.8392,10.8608,100,100,19.9
2026-03-09 13:57:01.063Z,10.8419,10.8635,100,100,19.9
2026-03-09 13:57:02.347Z,10.8411,10.8615,100,100,18.8
2026-03-09 13:57:03.698Z,10.8385,10.8595,100,100,19.4
2026-03-09 13:57:04.399Z,10.8418,10.8592,100,100,16.0
2026-03-09 13:57:05.008Z,10.8414,10.8584,100,100,15.7
2026-03-09 13:57:06.831Z,10.8402,10.8640,100,100,21.9
2026-03-09 13:57:07.250Z,10.8416,10.8596,100,100,16.6
2026-03-09 13:57:08.360Z,10.8401,10.8573,100,100,15.9
2026-03-09 13:57:09.699Z,10.8406,10.8644,100,100,21.9
2026-03-09 13:57:10.828Z,10.8367,10.8601,100,100,21.6
2026-03-09 13:57:11.351Z,10.8385,10.8583,100,100,18.3
2026-03-09 13:57:12.885Z,10.8385,10.8625,100,100,22.1
2026-03-09 13:57:13.502Z,10.8356,10.8592,100,100,21.8
2026-03-09 13:57:14.557Z,10.8391,10.8629,100,100,21.9
2026-03-09 13:57:15.361Z,10.8423,10.8619,100,100,18.1
2026-03-09 13:57:16.261Z,10.8394,10.8636,100,100,22.3
2026-03-09 13:57:17.236Z,10.8370,10.8608,100,100,21.9
2026-03-09 13:57:18.723Z,10.8406,10.8580,100,100,16.0
2026-03-09 13:57:19.495Z,10.8414,10.8632,100,100,20.1
2026-03-09 13:57:20.034Z,10.8418,10.8588,100,100,15.7
2026-03-09 13:57:21.167Z,10.8432,10.8604,100,100,15.8
2026-03-09 13:57:22.009Z,10.8430,10.8598,100,100,15.5
2026-03-09 13:57:23.892Z,10.8384,10.8620,100,100,21.8
2026-03-09 13:57:24.698Z,10.8418,10.8606,100,100,17.3
2026-03-09 13:57:25.408Z,10.8419,10.8613,100,100,17.9
2026-03-09 13:57:26.774Z,10.8380,10.8594,100,100,19.7
2026-03-09 13:57:27.240Z,10.8400,10.8626,100,100,20.8
2026-03-09 13:57:28.173Z,10.8408,10.8642,100,100,21.6
2026-03-09 13:57:29.642Z,10.8409,10.8589,100,100,16.6
2026-03-09 13:57:30.615Z,10.8405,10.8577,100,100,15.9
2026-03-09 13:57:31.668Z,10.8403,10.8599,100,100,18.1
2026-03-09 13:57:32.715Z,10.8376,10.8614,100,100,21.9
2026-03-09 13:57:33.457Z,10.8406,10.8604,100,100,18.2
2026-03-09 13:57:34.309Z,10.8403,10.8645,100,100,22.3
2026-03-09 13:57:35.841Z,10.8391,10.8619,100,100,21.0
2026-03-09 13:57:36.304Z,10.8380,10.8622,100,100,22.3
2026-03-09 13:57:37.669Z,10.8401,10.8645,100,100,22.5
2026-03-09 13:57:38.795Z,10.8388,10.8572,100,100,17.0
2026-03-09 13:57:39.231Z,10.8390,10.8568,100,100,16.4
2026-03-09 13:57:40.268Z,10.8389,10.8613,100,100,20.6
2026-03-09 13:57:41.726Z,10.8408,10.8582,100,100,16.0
2026-03-09 13:57:42.011Z,10.8409,10.8599,100,100,17.5
2026-03-09 13:57:43.716Z,10.8404,10.8638,100,100,21.6
2026-03-09 13:57:44.559Z,10.8395,10.8611,100,100,19.9
2026-03-09 13:57:45.241Z,10.8392,10.8638,100,100,22.7
2026-03-09 13:57:46.655Z,10.8376,10.8570,100,100,17.9
2026-03-09 13:57:47.614Z,10.8405,10.8587,100,100,16.8
2026-03-09 13:57:48.531Z,10.8384,10.8564,100,100,16.6
2026-03-09 13:57:49.504Z,10.8390,10.8580,100,100,17.5
2026-03-09 13:57:50.399Z,10.8425,10.8603,100,100,16.4
2026-03-09 13:57:51.636Z,10.8377,10.8571,100,100,17.9
2026-03-09 13:57:52.736Z,10.8388,10.8594,100,100,19.0
2026-03-09 13:57:53.732Z,10.8399,10.8579,100,100,16.6
2026-03-09 13:57:54.580Z,10.8394,10.8600,100,100,19.0
2026-03-09 13:57:55.436Z,10.8381,10.8617,100,100,21.8
2026-03-09 13:57:56.871Z,10.8401,10.8569,100,100,15.5
2026-03-09 13:57:57.582Z,10.8382,10.8586,100,100,18.8
2026-03-09 13:57:58.428Z,10.8414,10.8598,100,100,17.0
2026-03-09 13:57:59.100Z,10.8393,10.8607,100,100,19.7
2026-03-09 13:59:00.460Z,10.8716,10.8884,100,100,15.4
2026-03-09 13:59:01.154Z,10.8675,10.8905,100,100,21.1
2026-03-09 13:59:02.147Z,10.8669,10.8895,100,100,20.8
2026-03-09 13:59:03.064Z,10.8727,10.8917,100,100,17.5
2026-03-09 13:59:04.789Z,10.8677,10.8869,100,100,17.7
2026-03-09 13:59:05.824Z,10.8663,10.8897,100,100,21.5
2026-03-09 13:59:06.191Z,10.8714,10.8920,100,100,18.9
2026-03-09 13:59:07.350Z,10.8683,10.8901,100,100,20.0
2026-03-09 13:59:08.478Z,10.8695,10.8933,100,100,21.9
2026-03-09 13:59:09.726Z,10.8656,10.8904,100,100,22.8
2026-03-09 13:59:10.683Z,10.8706,10.8920,100,100,19.7
2026-03-09 13:59:11.331Z,10.8702,10.8932,100,100,21.1
2026-03-09 13:59:12.260Z,10.8694,10.8876,100,100,16.7
2026-03-09 13:59:13.728Z,10.8697,10.8935,100,100,21.9
2026-03-09 13:59:14.450Z,10.8672,10.8902,100,100,21.1
2026-03-09 13:59:15.059Z,10.8689,10.8861,100,100,15.8
2026-03-09 13:59:16.047Z,10.8724,10.8908,100,100,16.9
2026-03-09 13:59:17.676Z,10.8681,10.8893,100,100,19.5
2026-03-09 13:59:18.487Z,10.8681,10.8895,100,100,19.7
2026-03-09 13:59:19.385Z,10.8676,10.8896,100,100,20.2
2026-03-09 13:59:20.043Z,10.8728,10.8920,100,100,17.6
2026-03-09 13:59:21.068Z,10.8703,10.8939,100,100,21.7
2026-03-09 13:59:22.248Z,10.8722,10.8896,100,100,16.0
2026-03-09 13:59:23.188Z,10.8705,10.8891,100,100,17.1
2026-03-09 13:59:24.308Z,10.8698,10.8934,100,100,21.7
2026-03-09 13:59:25.751Z,10.8687,10.8883,100,100,18.0
2026-03-09 13:59:26.303Z,10.8722,10.8930,100,100,19.1
2026-03-09 13:59:27.769Z,10.8668,10.8896,100,100,21.0
2026-03-09 13:59:28.734Z,10.8719,10.8919,100,100,18.4
2026-03-09 13:59:29.389Z,10.8651,10.8901,100,100,23.0
2026-03-09 13:59:30.152Z,10.8712,10.8902,100,100,17.5
2026-03-09 13:59:31.205Z,10.8705,10.8883,100,100,16.4
2026-03-09 13:59:32.713Z,10.8694,10.8896,100,100,18.6
2026-03-09 13:59:33.827Z,10.8670,10.8886,100,100,19.9
2026-03-09 13:59:34.572Z,10.8687,10.8871,100,100,16.9
2026-03-09 13:59:35.044Z,10.8696,10.8946,100,100,23.0
2026-03-09 13:59:36.006Z,10.8690,10.8886,100,100,18.0
2026-03-09 13:59:37.124Z,10.8678,10.8874,100,100,18.0
2026-03-09 13:59:38.629Z,10.8716,10.8900,100,100,16.9
2026-03-09 13:59:39.258Z,10.8693,10.8895,100,100,18.6
2026-03-09 13:59:40.757Z,10.8664,10.8902,100,100,21.9
2026-03-09 13:59:41.795Z,10.8677,10.8885,100,100,19.1
2026-03-09 13:59:42.364Z,10.8686,10.8904,100,100,20.0
2026-03-09 13:59:43.484Z,10.8708,10.8876,100,100,15.4
2026-03-09 13:59:44.486Z,10.8686,10.8908,100,100,20.4
2026-03-09 13:59:45.452Z,10.8707,10.8939,100,100,21.3
2026-03-09 13:59:46.545Z,10.8721,10.8893,100,100,15.8
2026-03-09 13:59:47.099Z,10.8694,10.8932,100,100,21.9
2026-03-09 13:59:48.485Z,10.8710,10.8928,100,100,20.0
2026-03-09 13:59:49.069Z,10.8690,10.8922,100,100,21.3
2026-03-09 13:59:50.189Z,10.8659,10.8895,100,100,21.7
2026-03-09 13:59:51.092Z,10.8700,10.8866,100,100,15.3
2026-03-09 13:59:52.136Z,10.8713,10.8893,100,100,16.5
2026-03-09 13:59:53.295Z,10.8658,10.8898,100,100,22.1
2026-03-09 13:59:54.538Z,10.8722,10.8924,100,100,18.6
2026-03-09 13:59:55.776Z,10.8649,10.8901,100,100,23.2
2026-03-09 13:59:56.628Z,10.8696,10.8920,100,100,20.6
2026-03-09 13:59:57.778Z,10.8728,10.8894,100,100,15.3
2026-03-09 13:59:58.054Z,10.8653,10.8905,100,100,23.2
2026-03-09 13:59:59.358Z,10.8692,10.8908,100,100,19.9
2026-03-09 14:02:00.075Z,10.9418,10.9582,100,100,15.0
2026-03-09 14:02:01.711Z,10.9426,10.9596,100,100,15.5
2026-03-09 14:02:02.088Z,10.9401,10.9605,100,100,18.6
2026-03-09 14:02:03.257Z,10.9412,10.9636,100,100,20.5
2026-03-09 14:02:04.676Z,10.9390,10.9626,100,100,21.6
2026-03-09 14:02:05.264Z,10.9411,10.9635,100,100,20.5
2026-03-09 14:02:06.366Z,10.9351,10.9595,100,100,22.3
2026-03-09 14:02:07.877Z,10.9416,10.9598,100,100,16.6
2026-03-09 14:02:08.187Z,10.9370,10.9606,100,100,21.6
2026-03-09 14:02:09.777Z,10.9404,10.9598,100,100,17.7
2026-03-09 14:02:10.868Z,10.9419,10.9611,100,100,17.5
2026-03-09 14:02:11.229Z,10.9395,10.9605,100,100,19.2
2026-03-09 14:02:12.075Z,10.9395,10.9587,100,100,17.5
2026-03-09 14:02:13.339Z,10.9406,10.9602,100,100,17.9
2026-03-09 14:02:14.171Z,10.9363,10.9587,100,100,20.5
2026-03-09 14:02:15.844Z,10.9387,10.9633,100,100,22.5
2026-03-09 14:02:16.852Z,10.9400,10.9572,100,100,15.7
2026-03-09 14:02:17.078Z,10.9401,10.9577,100,100,16.1
2026-03-09 14:02:18.394Z,10.9396,10.9578,100,100,16.6
2026-03-09 14:02:19.765Z,10.9392,10.9568,100,100,16.1
2026-03-09 14:02:20.433Z,10.9404,10.9614,100,100,19.2
2026-03-09 14:02:21.325Z,10.9395,10.9569,100,100,15.9
2026-03-09 14:02:22.383Z,10.9396,10.9616,100,100,20.1
2026-03-09 14:02:23.042Z,10.9405,10.9615,100,100,19.2
2026-03-09 14:02:24.180Z,10.9415,10.9587,100,100,15.7
2026-03-09 14:02:25.831Z,10.9383,10.9621,100,100,21.7
2026-03-09 14:02:26.689Z,10.9388,10.9624,100,100,21.6
2026-03-09 14:02:27.442Z,10.9423,10.9599,100,100,16.1
2026-03-09 14:02:28.042Z,10.9375,10.9603,100,100,20.8
2026-03-09 14:02:29.760Z,10.9393,10.9593,100,100,18.3
2026-03-09 14:02:30.224Z,10.9399,10.9587,100,100,17.2
2026-03-09 14:02:31.335Z,10.9401,10.9605,100,100,18.6
2026-03-09 14:02:32.359Z,10.9402,10.9574,100,100,15.7
2026-03-09 14:02:33.446Z,10.9377,10.9585,100,100,19.0
2026-03-09 14:02:34.789Z,10.9400,10.9618,100,100,19.9
2026-03-09 14:02:35.441Z,10.9370,10.9618,100,100,22.6
2026-03-09 14:02:36.405Z,10.9433,10.9609,100,100,16.1
2026-03-09 14:02:37.379Z,10.9364,10.9614,100,100,22.8
2026-03-09 14:02:38.011Z,10.9383,10.9587,100,100,18.6
2026-03-09 14:02:39.869Z,10.9394,10.9566,100,100,15.7
2026-03-09 14:02:40.265Z,10.9423,10.9597,100,100,15.9
2026-03-09 14:02:41.643Z,10.9442,10.9608,100,100,15.2
2026-03-09 14:02:42.339Z,10.9414,10.9618,100,100,18.6
2026-03-09 14:02:43.311Z,10.9405,10.9599,100,100,17.7
2026-03-09 14:02:44.539Z,10.9361,10.9599,100,100,21.7
2026-03-09 14:02:45.316Z,10.9391,10.9583,100,100,17.5
2026-03-09 14:02:46.326Z,10.9396,10.9574,100,100,16.3
2026-03-09 14:02:47.377Z,10.9406,10.9640,100,100,21.4
2026-03-09 14:02:48.371Z,10.9369,10.9615,100,100,22.5
2026-03-09 14:02:49.466Z,10.9394,10.9648,100,100,23.2
2026-03-09 14:02:50.555Z,10.9384,10.9584,100,100,18.3
2026-03-09 14:02:51.430Z,10.9412,10.9626,100,100,19.5
2026-03-09 14:02:52.329Z,10.9379,10.9613,100,100,21.4
2026-03-09 14:02:53.153Z,10.9382,10.9576,100,100,17.7
2026-03-09 14:02:54.611Z,10.9422,10.9620,100,100,18.1
2026-03-09 14:02:55.671Z,10.9398,10.9630,100,100,21.2
2026-03-09 14:02:56.361Z,10.9386,10.9568,100,100,16.6
2026-03-09 14:02:57.076Z,10.9425,10.9615,100,100,17.3
2026-03-09 14:02:58.869Z,10.9370,10.9622,100,100,23.0
2026-03-09 14:02:59.575Z,10.9406,10.9594,100,100,17.2
2026-03-09 14:03:00.748Z,11.1216,11.1384,100,100,15.1
2026-03-09 14:03:01.008Z,11.1214,11.1400,100,100,16.7
2026-03-09 14:03:02.560Z,11.1197,11.1397,100,100,18.0
2026-03-09 14:03:03.629Z,11.1205,11.1381,100,100,15.8
2026-03-09 14:03:04.405Z,11.1216,11.1428,100,100,19.0
2026-03-09 14:03:05.572Z,11.1167,11.1399,100,100,20.8
2026-03-09 14:03:06.800Z,11.1207,11.1423,100,100,19.4
2026-03-09 14:03:07.857Z,11.1169,11.1411,100,100,21.7
2026-03-09 14:03:08.507Z,11.1218,11.1396,100,100,16.0
2026-03-09 14:03:09.095Z,11.1218,11.1410,100,100,17.2
2026-03-09 14:03:10.459Z,11.1202,11.1394,100,100,17.3
2026-03-09 14:03:11.327Z,11.1238,11.1414,100,100,15.8
2026-03-09 14:03:12.328Z,11.1212,11.1390,100,100,16.0
2026-03-09 14:03:13.120Z,11.1191,11.1385,100,100,17.4
2026-03-09 14:03:14.760Z,11.1207,11.1415,100,100,18.7
2026-03-09 14:03:15.286Z,11.1186,11.1374,100,100,16.9
2026-03-09 14:03:16.253Z,11.1193,11.1379,100,100,16.7
2026-03-09 14:03:17.526Z,11.1216,11.1390,100,100,15.6
2026-03-09 14:03:18.798Z,11.1186,11.1360,100,100,15.6
2026-03-09 14:03:19.421Z,11.1169,11.1405,100,100,21.2
2026-03-09 14:03:20.682Z,11.1212,11.1422,100,100,18.9
2026-03-09 14:03:21.040Z,11.1181,11.1367,100,100,16.7
2026-03-09 14:03:22.156Z,11.1206,11.1400,100,100,17.4
2026-03-09 14:03:23.072Z,11.1227,11.1395,100,100,15.1
2026-03-09 14:03:24.044Z,11.1173,11.1389,100,100,19.4
2026-03-09 14:03:25.744Z,11.1210,11.1428,100,100,19.6
2026-03-09 14:03:26.418Z,11.1189,11.1395,100,100,18.5
2026-03-09 14:03:27.761Z,11.1187,11.1433,100,100,22.1
2026-03-09 14:03:28.430Z,11.1173,11.1419,100,100,22.1
2026-03-09 14:03:29.573Z,11.1192,11.1362,100,100,15.3
2026-03-09 14:03:30.368Z,11.1173,11.1425,100,100,22.6
2026-03-09 14:03:31.215Z,11.1199,11.1451,100,100,22.6
2026-03-09 14:03:32.508Z,11.1221,11.1423,100,100,18.1
2026-03-09 14:03:33.678Z,11.1190,11.1422,100,100,20.8
2026-03-09 14:03:34.120Z,11.1182,11.1366,100,100,16.5
2026-03-09 14:03:35.076Z,11.1179,11.1415,100,100,21.2
2026-03-09 14:03:36.717Z,11.1203,11.1445,100,100,21.7
2026-03-09 14:03:37.441Z,11.1210,11.1398,100,100,16.9
2026-03-09 14:03:38.808Z,11.1164,11.1402,100,100,21.4
2026-03-09 14:03:39.864Z,11.1214,11.1438,100,100,20.1
2026-03-09 14:03:40.755Z,11.1182,11.1396,100,100,19.2
2026-03-09 14:03:41.242Z,11.1157,11.1391,100,100,21.0
2026-03-09 14:03:42.399Z,11.1210,11.1398,100,100,16.9
2026-03-09 14:03:43.654Z,11.1177,11.1393,100,100,19.4
2026-03-09 14:03:44.457Z,11.1199,11.1403,100,100,18.3
2026-03-09 14:03:45.281Z,11.1187,11.1371,100,100,16.5
2026-03-09 14:03:46.508Z,11.1173,11.1375,100,100,18.2
2026-03-09 14:03:47.322Z,11.1165,11.1403,100,100,21.4
2026-03-09 14:03:48.611Z,11.1202,11.1448,100,100,22.1
2026-03-09 14:03:49.650Z,11.1181,11.1383,100,100,18.2
2026-03-09 14:03:50.339Z,11.1208,11.1394,100,100,16.7
2026-03-09 14:03:51.354Z,11.1194,11.1426,100,100,20.8
2026-03-09 14:03:52.084Z,11.1181,11.1393,100,100,19.0
2026-03-09 14:03:53.853Z,11.1198,11.1448,100,100,22.5
2026-03-09 14:03:54.737Z,11.1238,11.1416,100,100,16.0
2026-03-09 14:03:55.641Z,11.1162,11.1382,100,100,19.8
2026-03-09 14:03:56.035Z,11.1169,11.1383,100,100,19.2
2026-03-09 14:03:57.304Z,11.1211,11.1417,100,100,18.5
2026-03-09 14:03:58.460Z,11.1185,11.1383,100,100,17.8
2026-03-09 14:03:59.149Z,11.1185,11.1415,100,100,20.7
2026-03-09 14:04:00.819Z,11.1811,11.1987,100,100,15.7
2026-03-09 14:04:01.220Z,11.1772,11.1982,100,100,18.8
2026-03-09 14:04:02.797Z,11.1784,11.2042,100,100,23.1
2026-03-09 14:04:03.896Z,11.1754,11.2008,100,100,22.7
2026-03-09 14:04:04.629Z,11.1790,11.2030,100,100,21.4
2026-03-09 14:04:05.137Z,11.1839,11.2013,100,100,15.5
2026-03-09 14:04:06.296Z,11.1797,11.2015,100,100,19.5
2026-03-09 14:04:07.655Z,11.1808,11.2008,100,100,17.9
2026-03-09 14:04:08.211Z,11.1809,11.2043,100,100,20.9
2026-03-09 14:04:09.202Z,11.1831,11.2017,100,100,16.6
2026-03-09 14:04:10.004Z,11.1767,11.2003,100,100,21.1
2026-03-09 14:04:11.103Z,11.1813,11.2027,100,100,19.1
2026-03-09 14:04:12.138Z,11.1774,11.1972,100,150,17.7
2026-03-09 14:04:13.252Z,11.1789,11.2003,100,100,19.1
2026-03-09 14:04:14.455Z,11.1780,11.1964,100,100,16.4
2026-03-09 14:04:15.818Z,11.1790,11.1972,100,100,16.3
2026-03-09 14:04:16.753Z,11.1766,11.1980,100,100,19.1
2026-03-09 14:04:17.583Z,11.1804,11.1984,100,100,16.1
2026-03-09 14:04:18.249Z,11.1806,11.2002,100,100,17.5
2026-03-09 14:04:19.021Z,11.1743,11.2001,100,100,23.1
2026-03-09 14:04:20.630Z,11.1759,11.1959,100,100,17.9
2026-03-09 14:04:21.757Z,11.1691,11.1937,100,100,22.0
2026-03-09 14:04:22.792Z,11.1608,11.1886,100,100,24.9
2026-03-09 14:04:23.474Z,11.1579,11.1829,100,100,22.4
2026-03-09 14:04:24.137Z,11.1506,11.1722,100,100,19.4
2026-03-09 14:04:25.093Z,11.1482,11.1668,100,100,16.7
2026-03-09 14:04:26.820Z,11.1326,11.1594,100,100,24.0
2026-03-09 14:04:27.365Z,11.1314,11.1510,100,100,17.6
2026-03-09 14:04:28.798Z,11.1216,11.1438,100,100,19.9
2026-03-09 14:04:29.262Z,11.1099,11.1371,100,100,24.5
2026-03-09 14:04:30.177Z,11.1025,11.1287,100,100,23.6
2026-03-09 14:04:31.445Z,11.0893,11.1187,100,100,26.5
2026-03-09 14:04:32.644Z,11.0878,11.1078,100,100,18.0
2026-03-09 14:04:33.248Z,11.0806,11.1006,100,100,18.0
2026-03-09 14:04:34.304Z,11.0723,11.0991,100,100,24.2
2026-03-09 14:04:35.784Z,11.0653,11.0903,100,100,22.6
2026-03-09 14:04:36.299Z,11.0596,11.0844,100,100,22.4
2026-03-09 14:04:37.151Z,11.0609,11.0795,100,100,16.8
2026-03-09 14:04:38.497Z,11.0602,11.0816,100,100,19.3
2026-03-09 14:04:39.655Z,11.0572,11.0818,100,100,22.2
2026-03-09 14:04:40.163Z,11.0621,11.0863,100,100,21.9
2026-03-09 14:04:41.188Z,11.0628,11.0862,100,100,21.1
2026-03-09 14:04:42.801Z,11.0641,11.0857,100,100,19.5
2026-03-09 14:04:43.899Z,11.0671,11.0907,100,100,21.3
2026-03-09 14:04:44.040Z,11.0667,11.0895,100,100,20.6
2026-03-09 14:04:45.637Z,11.0693,11.0913,100,100,19.9
2026-03-09 14:04:46.803Z,11.0734,11.0938,100,100,18.4
2026-03-09 14:04:47.572Z,11.0720,11.0928,100,100,18.8
2026-03-09 14:04:48.244Z,11.0705,11.0897,100,100,17.3
2026-03-09 14:04:49.783Z,11.0705,11.0927,100,100,20.0
2026-03-09 14:04:50.031Z,11.0689,11.0911,100,100,20.0
2026-03-09 14:04:51.358Z,11.0686,11.0888,100,100,18.2
2026-03-09 14:04:52.538Z,11.0663,11.0869,100,100,18.6
2026-03-09 14:04:53.491Z,11.0643,11.0881,100,100,21.5
2026-03-09 14:04:54.426Z,11.0661,11.0869,100,100,18.8
2026-03-09 14:04:55.689Z,11.0593,11.0847,100,100,22.9
2026-03-09 14:04:56.026Z,11.0619,11.0863,100,100,22.0
2026-03-09 14:04:57.208Z,11.0592,11.0794,100,100,18.2
2026-03-09 14:04:58.179Z,11.0615,11.0845,100,100,20.8
2026-03-09 14:04:59.749Z,11.0587,11.0813,100,100,20.4
2026-03-09 14:05:00.189Z,11.0617,11.0783,100,100,15.0
2026-03-09 14:05:01.151Z,11.0568,11.0782,100,100,19.3
2026-03-09 14:05:02.696Z,11.0479,11.0693,100,100,19.4
2026-03-09 14:05:03.524Z,11.0281,11.0597,100,100,28.6
2026-03-09 14:05:04.523Z,11.0110,11.0392,100,100,25.6
2026-03-09 14:05:05.286Z,10.9952,11.0256,100,100,27.6
2026-03-09 14:05:06.837Z,10.9704,11.0006,100,100,27.5
2026-03-09 14:05:07.667Z,10.9531,10.9791,100,100,23.7
2026-03-09 14:05:08.195Z,10.9363,10.9623,100,100,23.7
2026-03-09 14:05:09.363Z,10.9153,10.9459,100,100,28.0
2026-03-09 14:05:10.053Z,10.9065,10.9349,100,100,26.0
2026-03-09 14:05:11.732Z,10.9033,10.9241,100,100,19.1
2026-03-09 14:05:12.355Z,10.8978,10.9224,100,100,22.5
2026-03-09 14:05:13.401Z,10.9067,10.9287,100,100,20.2
2026-03-09 14:05:14.347Z,10.9169,10.9437,100,100,24.5
2026-03-09 14:05:15.256Z,10.9289,10.9603,100,100,28.7
2026-03-09 14:05:16.644Z,10.9463,10.9733,100,100,24.6
2026-03-09 14:05:17.075Z,10.9559,10.9857,100,100,27.2
2026-03-09 14:05:18.483Z,10.9588,10.9828,100,100,21.9
2026-03-09 14:05:19.362Z,10.9654,10.9838,100,100,16.8
2026-03-09 14:05:20.078Z,10.9639,10.9885,100,100,22.4
2026-03-09 14:05:21.462Z,10.9704,10.9906,100,100,18.4
2026-03-09 14:05:22.835Z,10.9726,10.9970,100,100,22.2
2026-03-09 14:05:23.855Z,10.9768,11.0028,100,100,23.7
2026-03-09 14:05:24.472Z,10.9817,11.0069,100,100,22.9
2026-03-09 14:05:25.355Z,10.9890,11.0088,100,100,18.0
2026-03-09 14:05:26.167Z,10.9948,11.0222,100,100,24.9
2026-03-09 14:05:27.681Z,11.0019,11.0277,100,100,23.4
2026-03-09 14:05:28.713Z,11.0094,11.0280,100,100,16.9
2026-03-09 14:05:29.712Z,11.0164,11.0436,100,100,24.7
2026-03-09 14:05:30.463Z,11.0238,11.0444,100,100,18.7
2026-03-09 14:05:31.229Z,11.0329,11.0535,100,100,18.7
2026-03-09 14:05:32.255Z,11.0375,11.0573,100,100,17.9
2026-03-09 14:05:33.147Z,11.0422,11.0672,100,100,22.6
2026-03-09 14:05:34.151Z,11.0452,11.0698,100,100,22.2
2026-03-09 14:05:35.375Z,11.0515,11.0705,100,100,17.2
2026-03-09 14:05:36.662Z,11.0556,11.0778,100,100,20.1
2026-03-09 14:05:37.772Z,11.0589,11.0837,100,100,22.4
2026-03-09 14:05:38.596Z,11.0564,11.0792,100,100,20.6
2026-03-09 14:05:39.506Z,11.0601,11.0781,100,100,16.3
2026-03-09 14:05:40.140Z,11.0553,11.0799,100,100,22.2
2026-03-09 14:05:41.576Z,11.0585,11.0813,100,100,20.6
2026-03-09 14:05:42.067Z,11.0615,11.0803,100,100,17.0
2026-03-09 14:05:43.762Z,11.0570,11.0784,100,100,19.3
2026-03-09 14:05:44.347Z,11.0556,11.0790,100,100,21.1
2026-03-09 14:05:45.489Z,11.0582,11.0782,100,100,18.1
2026-03-09 14:05:46.207Z,11.0619,11.0811,100,100,17.3
2026-03-09 14:05:47.698Z,11.0599,11.0821,100,100,20.1
2026-03-09 14:05:48.137Z,11.0587,11.0775,100,100,17.0
2026-03-09 14:05:49.324Z,11.0572,11.0792,100,100,19.9
2026-03-09 14:05:50.070Z,11.0594,11.0792,100,100,17.9
2026-03-09 14:05:51.237Z,11.0595,11.0773,100,100,16.1
2026-03-09 14:05:52.179Z,11.0588,11.0776,100,100,17.0
2026-03-09 14:05:53.773Z,11.0597,11.0763,100,100,15.0
2026-03-09 14:05:54.089Z,11.0596,11.0822,100,100,20.4
2026-03-09 14:05:55.179Z,11.0621,11.0811,100,100,17.2
2026-03-09 14:05:56.725Z,11.0634,11.0798,100,100,14.8
2026-03-09 14:05:57.742Z,11.0624,11.0810,100,100,16.8
2026-03-09 14:05:58.541Z,11.0637,11.0799,100,100,14.6
2026-03-09 14:05:59.722Z,11.0594,11.0806,100,100,19.2
2026-03-09 14:06:00.250Z,10.9314,10.9486,100,100,15.7
2026-03-09 14:06:01.104Z,10.9318,10.9510,100,100,17.5
2026-03-09 14:06:02.826Z,10.9285,10.9517,100,100,21.2
2026-03-09 14:06:03.555Z,10.9282,10.9512,100,100,21.0
2026-03-09 14:06:04.571Z,10.9285,10.9481,100,100,17.9
2026-03-09 14:06:05.612Z,10.9291,10.9547,100,100,23.4
2026-03-09 14:06:06.618Z,10.9271,10.9515,100,100,22.3
2026-03-09 14:06:07.182Z,10.9309,10.9489,100,100,16.5
2026-03-09 14:06:08.716Z,10.9328,10.9520,100,100,17.5
2026-03-09 14:06:09.055Z,10.9243,10.9503,100,100,23.8
2026-03-09 14:06:10.064Z,10.9302,10.9540,100,100,21.8
2026-03-09 14:06:11.819Z,10.9309,10.9517,100,100,19.0
2026-03-09 14:06:12.161Z,10.9284,10.9486,100,100,18.5
2026-03-09 14:06:13.048Z,10.9276,10.9486,100,100,19.2
2026-03-09 14:06:14.371Z,10.9266,10.9492,100,100,20.7
2026-03-09 14:06:15.335Z,10.9270,10.9512,100,100,22.1
2026-03-09 14:06:16.722Z,10.9266,10.9480,100,100,19.6
2026-03-09 14:06:17.023Z,10.9292,10.9480,100,100,17.2
2026-03-09 14:06:18.584Z,10.9289,10.9517,100,100,20.8
2026-03-09 14:06:19.397Z,10.9291,10.9531,100,100,21.9
2026-03-09 14:06:20.416Z,10.9291,10.9473,100,100,16.6
2026-03-09 14:06:21.243Z,10.9293,10.9511,100,100,19.9
2026-03-09 14:06:22.870Z,10.9313,10.9517,100,100,18.6
2026-03-09 14:06:23.566Z,10.9273,10.9483,100,100,19.2
2026-03-09 14:06:24.692Z,10.9308,10.9538,100,100,21.0
2026-03-09 14:06:25.609Z,10.9318,10.9504,100,100,17.0
2026-03-09 14:06:26.384Z,10.9274,10.9502,100,100,20.8
2026-03-09 14:06:27.608Z,10.9300,10.9522,100,100,20.3
2026-03-09 14:06:28.390Z,10.9293,10.9525,100,100,21.2
2026-03-09 14:06:29.156Z,10.9281,10.9497,100,100,19.7
2026-03-09 14:06:30.027Z,10.9310,10.9504,100,100,17.7
2026-03-09 14:06:31.798Z,10.9321,10.9495,100,100,15.9
2026-03-09 14:06:32.001Z,10.9250,10.9506,100,100,23.4
2026-03-09 14:06:33.244Z,10.9317,10.9511,100,100,17.7
2026-03-09 14:06:34.007Z,10.9299,10.9479,100,100,16.5
2026-03-09 14:06:35.785Z,10.9302,10.9496,100,100,17.7
2026-03-09 14:06:36.093Z,10.9330,10.9504,100,100,15.9
2026-03-09 14:06:37.104Z,10.9259,10.9497,100,100,21.8
2026-03-09 14:06:38.466Z,10.9303,10.9513,100,100,19.2
2026-03-09 14:06:39.415Z,10.9303,10.9493,100,100,17.4
2026-03-09 14:06:40.862Z,10.9301,10.9553,100,100,23.0
2026-03-09 14:06:41.820Z,10.9268,10.9480,100,100,19.4
2026-03-09 14:06:42.475Z,10.9263,10.9503,100,100,21.9
2026-03-09 14:06:43.830Z,10.9314,10.9496,100,100,16.6
2026-03-09 14:06:44.510Z,10.9291,10.9469,100,100,16.3
2026-03-09 14:06:45.500Z,10.9304,10.9550,100,100,22.5
2026-03-09 14:06:46.509Z,10.9299,10.9477,100,100,16.3
2026-03-09 14:06:47.141Z,10.9302,10.9514,100,100,19.4
2026-03-09 14:06:48.698Z,10.9317,10.9503,100,100,17.0
2026-03-09 14:06:49.521Z,10.9286,10.9482,100,100,17.9
2026-03-09 14:06:50.283Z,10.9261,10.9487,100,100,20.7
2026-03-09 14:06:51.767Z,10.9271,10.9507,100,100,21.6
2026-03-09 14:06:52.143Z,10.9297,10.9523,100,100,20.7
2026-03-09 14:06:53.458Z,10.9290,10.9522,100,100,21.2
2026-03-09 14:06:54.360Z,10.9332,10.9510,100,100,16.3
2026-03-09 14:06:55.222Z,10.9257,10.9511,100,100,23.2
2026-03-09 14:06:56.223Z,10.9304,10.9548,100,100,22.3
2026-03-09 14:06:57.738Z,10.9282,10.9510,100,100,20.8
2026-03-09 14:06:58.273Z,10.9289,10.9515,100,100,20.7
2026-03-09 14:06:59.082Z,10.9284,10.9516,100,100,21.2
2026-03-09 14:07:00.620Z,11.0404,11.0596,100,100,17.4
2026-03-09 14:07:01.063Z,11.0407,11.0647,100,100,21.7
2026-03-09 14:07:02.161Z,11.0379,11.0601,100,100,20.1
2026-03-09 14:07:03.385Z,11.0394,11.0570,100,100,15.9
2026-03-09 14:07:04.025Z,11.0396,11.0598,100,100,18.3
2026-03-09 14:07:05.716Z,11.0388,11.0598,100,100,19.0
2026-03-09 14:07:06.432Z,11.0434,11.0614,100,100,16.3
2026-03-09 14:07:07.418Z,11.0385,11.0631,100,100,22.3
2026-03-09 14:07:08.140Z,11.0421,11.0629,100,100,18.8
2026-03-09 14:07:09.336Z,11.0359,11.0603,100,100,22.1
2026-03-09 14:07:10.286Z,11.0384,11.0586,100,100,18.3
2026-03-09 14:07:11.228Z,11.0382,11.0616,100,100,21.2
2026-03-09 14:07:12.433Z,11.0412,11.0638,100,100,20.4
2026-03-09 14:07:13.088Z,11.0387,11.0601,100,100,19.4
2026-03-09 14:07:14.414Z,11.0393,11.0563,100,100,15.4
2026-03-09 14:07:15.490Z,11.0380,11.0586,100,100,18.6
2026-03-09 14:07:16.034Z,11.0382,11.0638,100,100,23.2
2026-03-09 14:07:17.878Z,11.0405,11.0621,100,100,19.5
2026-03-09 14:07:18.576Z,11.0436,11.0604,100,100,15.2
2026-03-09 14:07:19.458Z,11.0402,11.0594,100,100,17.4
2026-03-09 14:07:20.799Z,11.0433,11.0621,100,100,17.0
2026-03-09 14:07:21.246Z,11.0364,11.0598,100,100,21.2
2026-03-09 14:07:22.632Z,11.0405,11.0649,100,100,22.1
2026-03-09 14:07:23.446Z,11.0424,11.0622,100,100,17.9
2026-03-09 14:07:24.383Z,11.0418,11.0624,100,100,18.6
2026-03-09 14:07:25.358Z,11.0393,11.0633,100,100,21.7
2026-03-09 14:07:26.253Z,11.0414,11.0620,100,100,18.6
2026-03-09 14:07:27.753Z,11.0461,11.0637,100,100,15.9
2026-03-09 14:07:28.308Z,11.0454,11.0630,100,100,15.9
2026-03-09 14:07:29.806Z,11.0479,11.0673,100,100,17.5
2026-03-09 14:07:30.048Z,11.0486,11.0680,100,100,17.5
2026-03-09 14:07:31.296Z,11.0489,11.0679,100,100,17.2
2026-03-09 14:07:32.291Z,11.0444,11.0674,100,100,20.8
2026-03-09 14:07:33.147Z,11.0464,11.0706,100,100,21.9
2026-03-09 14:07:34.413Z,11.0498,11.0684,100,100,16.8
2026-03-09 14:07:35.248Z,11.0499,11.0697,100,100,17.9
2026-03-09 14:07:36.141Z,11.0501,11.0737,100,100,21.3
2026-03-09 14:07:37.817Z,11.0496,11.0678,100,100,16.5
2026-03-09 14:07:38.422Z,11.0486,11.0700,100,100,19.4
2026-03-09 14:07:39.570Z,11.0481,11.0695,100,100,19.4
2026-03-09 14:07:40.042Z,11.0480,11.0714,100,100,21.2
2026-03-09 14:07:41.682Z,11.0460,11.0680,100,100,19.9
2026-03-09 14:07:42.804Z,11.0510,11.0710,100,100,18.1
2026-03-09 14:07:43.476Z,11.0466,11.0678,100,100,19.2
2026-03-09 14:07:44.049Z,11.0475,11.0709,100,100,21.2
2026-03-09 14:07:45.748Z,11.0450,11.0690,100,100,21.7
2026-03-09 14:07:46.566Z,11.0474,11.0658,100,100,16.6
2026-03-09 14:07:47.256Z,11.0484,11.0682,100,100,17.9
2026-03-09 14:07:48.293Z,11.0518,11.0712,100,100,17.5
2026-03-09 14:07:49.181Z,11.0503,11.0697,100,100,17.5
