TimestampUtc,Bid,Ask,BidSize,AskSize,SpreadBps
2026-03-09 13:30:00.846Z,2.2152,2.2248,100,100,43.2
2026-03-09 13:30:01.298Z,2.2142,2.2256,100,100,51.4
2026-03-09 13:30:02.760Z,2.2158,2.2238,100,100,36.0
2026-03-09 13:30:03.891Z,2.2154,2.2244,100,100,40.5
2026-03-09 13:30:04.899Z,2.2159,2.2239,100,100,36.0
2026-03-09 13:30:05.164Z,2.2153,2.2249,100,100,43.2
2026-03-09 13:30:06.554Z,2.2150,2.2242,100,100,41.4
2026-03-09 13:30:07.287Z,2.2150,2.2256,100,100,47.7
2026-03-09 13:30:08.767Z,2.2157,2.2245,100,100,39.6
2026-03-09 13:30:09.018Z,2.2149,2.2243,100,100,42.3
2026-03-09 13:30:10.668Z,2.2142,2.2262,100,100,54.0
2026-03-09 13:30:11.831Z,2.2149,2.2253,100,100,46.8
2026-03-09 13:30:12.860Z,2.2153,2.2243,100,100,40.5
2026-03-09 13:30:13.547Z,2.2149,2.2261,123,100,50.4
2026-03-09 13:30:14.377Z,2.2150,2.2248,100,100,44.1
2026-03-09 13:30:15.753Z,2.2148,2.2252,100,100,46.8
2026-03-09 13:30:16.782Z,2.2151,2.2241,100,100,40.5
2026-03-09 13:30:17.625Z,2.2146,2.2264,100,100,53.1
2026-03-09 13:30:18.676Z,2.2149,2.2247,100,100,44.1
2026-03-09 13:30:19.557Z,2.2160,2.2242,100,100,36.9
2026-03-09 13:30:20.282Z,2.2146,2.2254,100,100,48.6
2026-03-09 13:30:21.319Z,2.2142,2.2254,100,100,50.5
2026-03-09 13:30:22.298Z,2.2149,2.2255,100,100,47.7
2026-03-09 13:30:23.681Z,2.2157,2.2253,100,100,43.2
2026-03-09 13:30:24.722Z,2.2145,2.2251,100,100,47.8
2026-03-09 13:30:25.044Z,2.2150,2.2256,100,100,47.7
2026-03-09 13:30:26.744Z,2.2140,2.2256,100,100,52.3
2026-03-09 13:30:27.172Z,2.2148,2.2244,100,100,43.3
2026-03-09 13:30:28.836Z,2.2156,2.2240,100,100,37.8
2026-03-09 13:30:29.151Z,2.2153,2.2247,100,100,42.3
2026-03-09 13:30:30.248Z,2.2151,2.2251,100,100,45.0
2026-03-09 13:30:31.670Z,2.2146,2.2252,100,100,47.7
2026-03-09 13:30:32.694Z,2.2153,2.2245,100,100,41.4
2026-03-09 13:30:33.452Z,2.2159,2.2239,100,100,36.0
2026-03-09 13:30:34.338Z,2.2148,2.2258,100,100,49.5
2026-03-09 13:30:35.629Z,2.2156,2.2250,100,100,42.3
2026-03-09 13:30:36.671Z,2.2147,2.2259,100,100,50.4
2026-03-09 13:30:37.297Z,2.2148,2.2244,100,100,43.3
2026-03-09 13:30:38.511Z,2.2154,2.2252,100,100,44.1
2026-03-09 13:30:39.569Z,2.2150,2.2246,100,100,43.2
2026-03-09 13:30:40.137Z,2.2153,2.2253,100,100,45.0
2026-03-09 13:30:41.507Z,2.2145,2.2257,100,100,50.4
2026-03-09 13:30:42.369Z,2.2149,2.2255,100,100,47.7
2026-03-09 13:30:43.873Z,2.2163,2.2245,100,100,36.9
2026-03-09 13:30:44.162Z,2.2159,2.2245,100,100,38.7
2026-03-09 13:30:45.024Z,2.2151,2.2257,100,100,47.7
2026-03-09 13:30:46.316Z,2.2149,2.2247,100,100,44.1
2026-03-09 13:30:47.262Z,2.2149,2.2243,100,100,42.3
2026-03-09 13:30:48.487Z,2.2156,2.2238,100,100,36.9
2026-03-09 13:30:49.837Z,2.2144,2.2262,100,100,53.1
2026-03-09 13:30:50.562Z,2.2151,2.2253,100,100,45.9
2026-03-09 13:30:51.021Z,2.2143,2.2253,100,100,49.6
2026-03-09 13:30:52.848Z,2.2155,2.2239,100,100,37.8
2026-03-09 13:30:53.047Z,2.2160,2.2244,100,100,37.8
2026-03-09 13:30:54.578Z,2.2145,2.2251,100,100,47.8
2026-03-09 13:30:55.148Z,2.2159,2.2245,100,100,38.7
2026-03-09 13:30:56.159Z,2.2152,2.2252,100,100,45.0
2026-03-09 13:30:57.746Z,2.2152,2.2244,100,100,41.4
2026-03-09 13:30:58.529Z,2.2151,2.2239,100,100,39.6
2026-03-09 13:30:59.393Z,2.2146,2.2254,100,100,48.6
2026-03-09 13:31:00.498Z,2.2143,2.2257,100,124,51.4
2026-03-09 13:31:01.092Z,2.2138,2.2256,100,101,53.2
2026-03-09 13:31:02.609Z,2.2153,2.2251,132,111,44.1
2026-03-09 13:31:03.768Z,2.2138,2.2252,100,100,51.4
2026-03-09 13:31:04.087Z,2.2156,2.2254,100,100,44.1
2026-03-09 13:31:05.413Z,2.2150,2.2240,100,100,40.5
2026-03-09 13:31:06.022Z,2.2141,2.2253,121,100,50.5
2026-03-09 13:31:07.698Z,2.2143,2.2255,100,100,50.5
2026-03-09 13:31:08.502Z,2.2155,2.2253,100,100,44.1
2026-03-09 13:31:09.137Z,2.2151,2.2251,100,191,45.0
2026-03-09 13:31:10.248Z,2.2153,2.2243,100,100,40.5
2026-03-09 13:31:11.190Z,2.2144,2.2252,224,183,48.7
2026-03-09 13:31:12.863Z,2.2144,2.2254,160,123,49.6
2026-03-09 13:31:13.802Z,2.2151,2.2247,193,195,43.2
2026-03-09 13:31:14.080Z,2.2152,2.2246,100,100,42.3
2026-03-09 13:31:15.653Z,2.2158,2.2248,100,100,40.5
2026-03-09 13:31:16.877Z,2.2145,2.2247,100,235,46.0
2026-03-09 13:31:17.746Z,2.2152,2.2242,128,100,40.5
2026-03-09 13:31:18.075Z,2.2161,2.2245,210,100,37.8
2026-03-09 13:31:19.746Z,2.2155,2.2241,100,100,38.7
2026-03-09 13:31:20.687Z,2.2140,2.2252,100,100,50.5
2026-03-09 13:31:21.827Z,2.2142,2.2238,100,108,43.3
2026-03-09 13:31:22.017Z,2.2139,2.2231,100,100,41.5
2026-03-09 13:31:23.455Z,2.2133,2.2233,100,100,45.1
2026-03-09 13:31:24.566Z,2.2120,2.2230,100,110,49.6
2026-03-09 13:31:25.032Z,2.2127,2.2225,100,100,44.2
2026-03-09 13:31:26.570Z,2.2104,2.2218,100,100,51.4
2026-03-09 13:31:27.176Z,2.2105,2.2207,100,100,46.0
2026-03-09 13:31:28.435Z,2.2100,2.2202,100,100,46.0
2026-03-09 13:31:29.768Z,2.2098,2.2194,100,100,43.3
2026-03-09 13:31:30.331Z,2.2081,2.2189,100,100,48.8
2026-03-09 13:31:31.127Z,2.2068,2.2184,100,100,52.4
2026-03-09 13:31:32.449Z,2.2071,2.2183,120,100,50.6
2026-03-09 13:31:33.346Z,2.2048,2.2174,100,100,57.0
2026-03-09 13:31:34.020Z,2.2059,2.2153,100,100,42.5
2026-03-09 13:31:35.132Z,2.2057,2.2155,100,100,44.3
2026-03-09 13:31:36.630Z,2.2050,2.2166,100,100,52.5
2026-03-09 13:31:37.050Z,2.2050,2.2152,120,215,46.2
2026-03-09 13:31:38.361Z,2.2058,2.2150,288,175,41.6
2026-03-09 13:31:39.627Z,2.2047,2.2149,113,317,46.2
2026-03-09 13:31:40.848Z,2.2056,2.2142,214,100,38.9
2026-03-09 13:31:41.060Z,2.2057,2.2155,100,100,44.3
2026-03-09 13:31:42.635Z,2.2058,2.2150,100,100,41.6
2026-03-09 13:31:43.573Z,2.2063,2.2159,100,100,43.4
2026-03-09 13:31:44.812Z,2.2051,2.2171,100,100,54.3
2026-03-09 13:31:45.677Z,2.2051,2.2155,100,122,47.1
2026-03-09 13:31:46.597Z,2.2064,2.2146,208,100,37.1
2026-03-09 13:31:47.491Z,2.2060,2.2156,100,100,43.4
2026-03-09 13:31:48.637Z,2.2052,2.2154,100,100,46.1
2026-03-09 13:31:49.115Z,2.2051,2.2171,100,100,54.3
2026-03-09 13:31:50.322Z,2.2044,2.2162,100,100,53.4
2026-03-09 13:31:51.852Z,2.2050,2.2158,132,100,48.9
2026-03-09 13:31:52.502Z,2.2047,2.2167,114,100,54.3
2026-03-09 13:31:53.609Z,2.2050,2.2156,100,115,48.0
2026-03-09 13:31:54.232Z,2.2064,2.2146,115,100,37.1
2026-03-09 13:31:55.389Z,2.2053,2.2145,100,100,41.6
2026-03-09 13:31:56.798Z,2.2053,2.2141,100,100,39.8
2026-03-09 13:31:57.764Z,2.2038,2.2156,100,100,53.4
2026-03-09 13:31:58.778Z,2.2045,2.2161,125,100,52.5
2026-03-09 13:31:59.679Z,2.2042,2.2158,100,100,52.5
2026-03-09 13:32:00.726Z,2.1947,2.2053,100,100,48.2
2026-03-09 13:32:01.056Z,2.1948,2.2060,100,100,50.9
2026-03-09 13:32:02.418Z,2.1950,2.2058,100,100,49.1
2026-03-09 13:32:03.262Z,2.1953,2.2043,100,100,40.9
2026-03-09 13:32:04.076Z,2.1946,2.2044,100,100,44.6
2026-03-09 13:32:05.018Z,2.1950,2.2040,100,100,40.9
2026-03-09 13:32:06.372Z,2.1953,2.2045,100,100,41.8
2026-03-09 13:32:07.759Z,2.1952,2.2042,100,100,40.9
2026-03-09 13:32:08.494Z,2.1952,2.2052,100,100,45.5
2026-03-09 13:32:09.225Z,2.1937,2.2057,100,100,54.6
2026-03-09 13:32:10.025Z,2.1952,2.2040,100,100,40.0
2026-03-09 13:32:11.374Z,2.1949,2.2043,100,100,42.7
2026-03-09 13:32:12.712Z,2.1951,2.2055,100,100,47.3
2026-03-09 13:32:13.181Z,2.1945,2.2051,100,100,48.2
2026-03-09 13:32:14.042Z,2.1954,2.2050,100,100,43.6
2026-03-09 13:32:15.593Z,2.1957,2.2041,100,100,38.2
2026-03-09 13:32:16.079Z,2.1958,2.2040,100,100,37.3
2026-03-09 13:32:17.219Z,2.1945,2.2047,100,100,46.4
2026-03-09 13:32:18.454Z,2.1945,2.2059,100,100,51.8
2026-03-09 13:32:19.050Z,2.1949,2.2043,100,100,42.7
2026-03-09 13:32:20.606Z,2.1948,2.2054,100,100,48.2
2026-03-09 13:32:21.601Z,2.1950,2.2052,100,100,46.4
2026-03-09 13:32:22.321Z,2.1941,2.2055,100,100,51.8
2026-03-09 13:32:23.662Z,2.1945,2.2053,100,100,49.1
2026-03-09 13:32:24.618Z,2.1936,2.2058,100,100,55.5
2026-03-09 13:32:25.258Z,2.1940,2.2060,100,100,54.5
2026-03-09 13:32:26.345Z,2.1937,2.2055,100,100,53.6
2026-03-09 13:32:27.453Z,2.1939,2.2053,100,100,51.8
2026-03-09 13:32:28.631Z,2.1958,2.2044,100,100,39.1
2026-03-09 13:32:29.623Z,2.1935,2.2055,100,100,54.6
2026-03-09 13:32:30.331Z,2.1939,2.2059,100,100,54.5
2026-03-09 13:32:31.608Z,2.1949,2.2055,100,100,48.2
2026-03-09 13:32:32.631Z,2.1963,2.2047,100,100,38.2
2026-03-09 13:32:33.427Z,2.1953,2.2039,100,100,39.1
2026-03-09 13:32:34.810Z,2.1957,2.2041,100,100,38.2
2026-03-09 13:32:35.509Z,2.1947,2.2051,100,100,47.3
2026-03-09 13:32:36.353Z,2.1939,2.2059,100,100,54.5
2026-03-09 13:32:37.400Z,2.1960,2.2048,100,100,40.0
2026-03-09 13:32:38.782Z,2.1952,2.2054,100,100,46.4
2026-03-09 13:32:39.577Z,2.1954,2.2054,100,100,45.4
2026-03-09 13:32:40.583Z,2.1945,2.2045,100,100,45.5
2026-03-09 13:32:41.249Z,2.1951,2.2047,100,100,43.6
2026-03-09 13:32:42.087Z,2.1945,2.2049,100,100,47.3
2026-03-09 13:32:43.650Z,2.1951,2.2051,100,100,45.5
2026-03-09 13:32:44.288Z,2.1957,2.2047,100,100,40.9
2026-03-09 13:32:45.311Z,2.1942,2.2062,100,100,54.5
2026-03-09 13:32:46.049Z,2.1938,2.2060,100,100,55.5
2026-03-09 13:32:47.021Z,2.1958,2.2040,100,100,37.3
2026-03-09 13:32:48.071Z,2.1938,2.2054,100,100,52.7
2026-03-09 13:32:49.260Z,2.1948,2.2050,100,100,46.4
2026-03-09 13:32:50.162Z,2.1945,2.2061,100,100,52.7
2026-03-09 13:32:51.352Z,2.1952,2.2056,100,100,47.3
2026-03-09 13:32:52.267Z,2.1937,2.2053,100,100,52.7
2026-03-09 13:32:53.092Z,2.1952,2.2046,100,100,42.7
2026-03-09 13:32:54.606Z,2.1935,2.2057,100,100,55.5
2026-03-09 13:32:55.435Z,2.1949,2.2045,100,100,43.6
2026-03-09 13:32:56.746Z,2.1954,2.2048,100,100,42.7
2026-03-09 13:32:57.188Z,2.1953,2.2045,100,100,41.8
2026-03-09 13:32:58.383Z,2.1945,2.2047,100,100,46.4
2026-03-09 13:32:59.256Z,2.1947,2.2053,100,100,48.2
2026-03-09 13:33:00.669Z,2.1955,2.2045,115,100,40.9
2026-03-09 13:33:01.468Z,2.1945,2.2047,100,120,46.4
2026-03-09 13:33:02.034Z,2.1953,2.2041,108,100,40.0
2026-03-09 13:33:03.325Z,2.1931,2.2031,100,100,45.5
2026-03-09 13:33:04.891Z,2.1928,2.2012,100,100,38.2
2026-03-09 13:33:05.893Z,2.1911,2.2011,100,121,45.5
2026-03-09 13:33:06.103Z,2.1891,2.2007,100,100,52.8
2026-03-09 13:33:07.316Z,2.1881,2.1989,100,100,49.2
2026-03-09 13:33:08.497Z,2.1862,2.1976,100,100,52.0
2026-03-09 13:33:09.225Z,2.1857,2.1973,100,100,52.9
2026-03-09 13:33:10.839Z,2.1853,2.1965,100,100,51.1
2026-03-09 13:33:11.657Z,2.1845,2.1961,100,155,53.0
2026-03-09 13:33:12.113Z,2.1859,2.1947,268,121,40.2
2026-03-09 13:33:13.283Z,2.1855,2.1965,163,100,50.2
2026-03-09 13:33:14.737Z,2.1869,2.1963,100,100,42.9
2026-03-09 13:33:15.331Z,2.1879,2.1973,100,100,42.9
2026-03-09 13:33:16.134Z,2.1885,2.1971,100,100,39.2
2026-03-09 13:33:17.371Z,2.1881,2.2001,109,100,54.7
2026-03-09 13:33:18.467Z,2.1898,2.1988,141,100,41.0
2026-03-09 13:33:19.302Z,2.1883,2.1993,100,100,50.1
2026-03-09 13:33:20.519Z,2.1888,2.2012,103,100,56.5
2026-03-09 13:33:21.567Z,2.1896,2.1996,100,100,45.6
2026-03-09 13:33:22.433Z,2.1903,2.2021,100,100,53.7
2026-03-09 13:33:23.016Z,2.1908,2.2016,100,100,49.2
2026-03-09 13:33:24.441Z,2.1916,2.2040,100,100,56.4
2026-03-09 13:33:25.542Z,2.1928,2.2038,100,100,50.0
2026-03-09 13:33:26.605Z,2.1946,2.2054,100,100,49.1
2026-03-09 13:33:27.181Z,2.1959,2.2053,120,100,42.7
2026-03-09 13:33:28.885Z,2.1971,2.2077,100,100,48.1
2026-03-09 13:33:29.698Z,2.1974,2.2098,100,100,56.3
2026-03-09 13:33:30.591Z,2.1989,2.2091,100,100,46.3
2026-03-09 13:33:31.646Z,2.1997,2.2107,100,100,49.9
2026-03-09 13:33:32.841Z,2.2009,2.2121,100,100,50.8
2026-03-09 13:33:33.892Z,2.2029,2.2113,100,100,38.1
2026-03-09 13:33:34.661Z,2.2026,2.2142,100,100,52.5
2026-03-09 13:33:35.033Z,2.2036,2.2146,100,100,49.8
2026-03-09 13:33:36.629Z,2.2053,2.2135,100,100,37.1
2026-03-09 13:33:37.153Z,2.2037,2.2149,166,260,50.7
2026-03-09 13:33:38.544Z,2.2054,2.2136,128,166,37.1
2026-03-09 13:33:39.328Z,2.2046,2.2160,142,129,51.6
2026-03-09 13:33:40.650Z,2.2047,2.2151,122,169,47.1
2026-03-09 13:33:41.843Z,2.2038,2.2154,100,100,52.5
2026-03-09 13:33:42.044Z,2.2052,2.2138,100,100,38.9
2026-03-09 13:33:43.816Z,2.2037,2.2141,100,100,47.1
2026-03-09 13:33:44.184Z,2.2038,2.2130,100,121,41.7
2026-03-09 13:33:45.617Z,2.2025,2.2135,100,100,49.8
2026-03-09 13:33:46.283Z,2.2032,2.2126,100,140,42.6
2026-03-09 13:33:47.114Z,2.2026,2.2124,106,179,44.4
2026-03-09 13:33:48.270Z,2.2015,2.2129,100,115,51.6
2026-03-09 13:33:49.424Z,2.2031,2.2111,100,100,36.2
2026-03-09 13:33:50.757Z,2.1998,2.2116,100,100,53.5
2026-03-09 13:33:51.425Z,2.1991,2.2103,100,100,50.8
2026-03-09 13:33:52.237Z,2.2000,2.2090,100,100,40.8
2026-03-09 13:33:53.634Z,2.1985,2.2091,100,115,48.1
2026-03-09 13:33:54.443Z,2.1972,2.2082,100,105,49.9
2026-03-09 13:33:55.344Z,2.1959,2.2077,100,107,53.6
2026-03-09 13:33:56.607Z,2.1954,2.2064,100,130,50.0
2026-03-09 13:33:57.503Z,2.1952,2.2064,100,123,50.9
2026-03-09 13:33:58.399Z,2.1945,2.2057,100,100,50.9
2026-03-09 13:33:59.064Z,2.1956,2.2044,100,100,40.0
2026-03-09 13:35:00.648Z,2.1951,2.2049,100,100,44.5
2026-03-09 13:35:01.117Z,2.1958,2.2040,100,100,37.3
2026-03-09 13:35:02.626Z,2.1960,2.2050,100,100,40.9
2026-03-09 13:35:03.194Z,2.1949,2.2045,100,100,43.6
2026-03-09 13:35:04.405Z,2.1949,2.2049,100,100,45.5
2026-03-09 13:35:05.533Z,2.1952,2.2058,100,100,48.2
2026-03-09 13:35:06.642Z,2.1956,2.2046,100,100,40.9
2026-03-09 13:35:07.262Z,2.1954,2.2052,100,100,44.5
2026-03-09 13:35:08.464Z,2.1962,2.2042,100,100,36.4
2026-03-09 13:35:09.670Z,2.1961,2.2045,100,100,38.2
2026-03-09 13:35:10.438Z,2.1949,2.2061,100,100,50.9
2026-03-09 13:35:11.239Z,2.1957,2.2049,100,149,41.8
2026-03-09 13:35:12.486Z,2.1951,2.2055,100,116,47.3
2026-03-09 13:35:13.438Z,2.1958,2.2044,100,100,39.1
2026-03-09 13:35:14.706Z,2.1942,2.2062,100,100,54.5
2026-03-09 13:35:15.399Z,2.1952,2.2054,100,100,46.4
2026-03-09 13:35:16.461Z,2.1956,2.2052,100,100,43.6
2026-03-09 13:35:17.830Z,2.1954,2.2048,100,121,42.7
2026-03-09 13:35:18.019Z,2.1948,2.2062,100,100,51.8
2026-03-09 13:35:19.805Z,2.1939,2.2053,100,127,51.8
2026-03-09 13:35:20.541Z,2.1952,2.2052,100,100,45.5
2026-03-09 13:35:21.472Z,2.1937,2.2055,100,100,53.6
2026-03-09 13:35:22.668Z,2.1952,2.2044,100,100,41.8
2026-03-09 13:35:23.145Z,2.1957,2.2049,100,100,41.8
2026-03-09 13:35:24.143Z,2.1957,2.2053,100,100,43.6
2026-03-09 13:35:25.875Z,2.1936,2.2056,100,100,54.6
2026-03-09 13:35:26.637Z,2.1955,2.2049,100,100,42.7
2026-03-09 13:35:27.093Z,2.1945,2.2053,100,100,49.1
2026-03-09 13:35:28.055Z,2.1955,2.2037,100,100,37.3
2026-03-09 13:35:29.663Z,2.1958,2.2044,100,100,39.1
2026-03-09 13:35:30.570Z,2.1946,2.2048,100,100,46.4
2026-03-09 13:35:31.221Z,2.1948,2.2048,100,100,45.5
2026-03-09 13:35:32.594Z,2.1953,2.2049,100,100,43.6
2026-03-09 13:35:33.406Z,2.1948,2.2060,100,100,50.9
2026-03-09 13:35:34.465Z,2.1939,2.2061,100,100,55.5
2026-03-09 13:35:35.135Z,2.1941,2.2051,100,100,50.0
2026-03-09 13:35:36.795Z,2.1957,2.2051,100,100,42.7
2026-03-09 13:35:37.177Z,2.1944,2.2046,107,217,46.4
2026-03-09 13:35:38.570Z,2.1951,2.2041,100,100,40.9
2026-03-09 13:35:39.611Z,2.1956,2.2052,100,100,43.6
2026-03-09 13:35:40.881Z,2.1961,2.2047,100,133,39.1
2026-03-09 13:35:41.583Z,2.1946,2.2060,100,100,51.8
2026-03-09 13:35:42.497Z,2.1939,2.2051,100,100,50.9
2026-03-09 13:35:43.344Z,2.1940,2.2064,100,100,56.4
2026-03-09 13:35:44.895Z,2.1945,2.2061,100,100,52.7
2026-03-09 13:35:45.265Z,2.1948,2.2062,100,100,51.8
2026-03-09 13:35:46.777Z,2.1939,2.2059,100,125,54.5
2026-03-09 13:35:47.657Z,2.1957,2.2039,100,100,37.3
2026-03-09 13:35:48.340Z,2.1954,2.2044,100,100,40.9
2026-03-09 13:35:49.832Z,2.1946,2.2054,100,100,49.1
2026-03-09 13:35:50.627Z,2.1950,2.2046,100,100,43.6
2026-03-09 13:35:51.072Z,2.1954,2.2038,100,100,38.2
2026-03-09 13:35:52.724Z,2.1957,2.2043,100,100,39.1
2026-03-09 13:35:53.565Z,2.1957,2.2049,100,100,41.8
2026-03-09 13:35:54.288Z,2.1946,2.2046,100,100,45.5
2026-03-09 13:35:55.670Z,2.1935,2.2055,100,100,54.6
2026-03-09 13:35:56.548Z,2.1943,2.2047,100,100,47.3
2026-03-09 13:35:57.451Z,2.1947,2.2047,109,100,45.5
2026-03-09 13:35:58.596Z,2.1951,2.2045,100,100,42.7
2026-03-09 13:35:59.238Z,2.1948,2.2052,100,100,47.3
2026-03-09 13:36:00.303Z,2.1951,2.2049,100,100,44.5
2026-03-09 13:36:01.521Z,2.1944,2.2054,100,100,50.0
2026-03-09 13:36:02.270Z,2.1947,2.2051,100,100,47.3
2026-03-09 13:36:03.385Z,2.1949,2.2047,100,100,44.5
2026-03-09 13:36:04.346Z,2.1960,2.2050,100,100,40.9
2026-03-09 13:36:05.324Z,2.1936,2.2056,100,100,54.6
2026-03-09 13:36:06.018Z,2.1955,2.2043,100,100,40.0
2026-03-09 13:36:07.064Z,2.1944,2.2050,100,100,48.2
2026-03-09 13:36:08.248Z,2.1947,2.2045,100,100,44.6
2026-03-09 13:36:09.892Z,2.1948,2.2042,100,100,42.7
2026-03-09 13:36:10.224Z,2.1955,2.2047,100,100,41.8
2026-03-09 13:36:11.137Z,2.1951,2.2049,100,100,44.5
2026-03-09 13:36:12.654Z,2.1952,2.2046,100,135,42.7
2026-03-09 13:36:13.107Z,2.1948,2.2046,100,122,44.6
2026-03-09 13:36:14.716Z,2.1947,2.2059,100,100,50.9
2026-03-09 13:36:15.862Z,2.1945,2.2065,100,100,54.5
2026-03-09 13:36:16.006Z,2.1948,2.2052,100,100,47.3
2026-03-09 13:36:17.717Z,2.1956,2.2042,100,100,39.1
2026-03-09 13:36:18.554Z,2.1943,2.2051,100,100,49.1
2026-03-09 13:36:19.856Z,2.1958,2.2048,100,100,40.9
2026-03-09 13:36:20.490Z,2.1951,2.2067,100,100,52.7
2026-03-09 13:36:21.467Z,2.1965,2.2063,100,100,44.5
2026-03-09 13:36:22.172Z,2.1976,2.2064,100,100,40.0
2026-03-09 13:36:23.163Z,2.1972,2.2082,100,100,49.9
2026-03-09 13:36:24.877Z,2.1990,2.2110,100,100,54.4
2026-03-09 13:36:25.094Z,2.2005,2.2119,100,100,51.7
2026-03-09 13:36:26.693Z,2.2017,2.2119,100,100,46.2
2026-03-09 13:36:27.193Z,2.2019,2.2141,100,100,55.3
2026-03-09 13:36:28.355Z,2.2052,2.2140,100,100,39.8
2026-03-09 13:36:29.429Z,2.2066,2.2172,100,100,47.9
2026-03-09 13:36:30.245Z,2.2086,2.2180,100,100,42.5
2026-03-09 13:36:31.785Z,2.2094,2.2188,100,100,42.5
2026-03-09 13:36:32.738Z,2.2089,2.2211,100,100,55.1
2026-03-09 13:36:33.637Z,2.2117,2.2217,100,100,45.1
2026-03-09 13:36:34.267Z,2.2123,2.2221,100,100,44.2
2026-03-09 13:36:35.841Z,2.2144,2.2238,100,100,42.4
2026-03-09 13:36:36.657Z,2.2133,2.2249,100,100,52.3
2026-03-09 13:36:37.509Z,2.2147,2.2239,110,100,41.5
2026-03-09 13:36:38.847Z,2.2141,2.2259,100,100,53.2
2026-03-09 13:36:39.427Z,2.2156,2.2240,100,100,37.8
2026-03-09 13:36:40.163Z,2.2142,2.2250,100,100,48.7
2026-03-09 13:36:41.790Z,2.2150,2.2246,100,100,43.2
2026-03-09 13:36:42.660Z,2.2141,2.2235,100,100,42.4
2026-03-09 13:36:43.839Z,2.2145,2.2237,100,100,41.5
2026-03-09 13:36:44.379Z,2.2139,2.2239,100,100,45.1
2026-03-09 13:36:45.389Z,2.2137,2.2243,100,100,47.8
2026-03-09 13:36:46.777Z,2.2124,2.2236,100,100,50.5
2026-03-09 13:36:47.044Z,2.2139,2.2239,100,100,45.1
2026-03-09 13:36:48.174Z,2.2136,2.2234,100,100,44.2
2026-03-09 13:36:49.652Z,2.2134,2.2242,100,100,48.7
2026-03-09 13:36:50.208Z,2.2135,2.2241,100,100,47.8
2026-03-09 13:36:51.615Z,2.2138,2.2244,100,100,47.8
2026-03-09 13:36:52.199Z,2.2138,2.2246,100,100,48.7
2026-03-09 13:36:53.039Z,2.2132,2.2246,100,100,51.4
2026-03-09 13:36:54.492Z,2.2151,2.2235,100,100,37.8
2026-03-09 13:36:55.896Z,2.2136,2.2246,100,100,49.6
2026-03-09 13:36:56.681Z,2.2151,2.2237,100,100,38.7
2026-03-09 13:36:57.209Z,2.2148,2.2248,100,100,45.0
2026-03-09 13:36:58.411Z,2.2155,2.2241,100,100,38.7
2026-03-09 13:36:59.448Z,2.2144,2.2256,100,100,50.5
2026-03-09 13:37:00.416Z,2.2259,2.2341,100,100,36.8
2026-03-09 13:37:01.135Z,2.2259,2.2341,100,100,36.8
2026-03-09 13:37:02.160Z,2.2250,2.2338,100,100,39.5
2026-03-09 13:37:03.051Z,2.2228,2.2332,100,100,46.7
2026-03-09 13:37:04.756Z,2.2216,2.2328,100,100,50.3
2026-03-09 13:37:05.567Z,2.2207,2.2307,100,100,44.9
2026-03-09 13:37:06.861Z,2.2194,2.2300,100,100,47.6
2026-03-09 13:37:07.737Z,2.2179,2.2297,100,100,53.1
2026-03-09 13:37:08.129Z,2.2182,2.2278,100,100,43.2
2026-03-09 13:37:09.594Z,2.2143,2.2275,100,100,59.4
2026-03-09 13:37:10.489Z,2.2148,2.2260,100,100,50.4
2026-03-09 13:37:11.704Z,2.2154,2.2248,100,191,42.3
2026-03-09 13:37:12.735Z,2.2137,2.2255,100,105,53.2
2026-03-09 13:37:13.592Z,2.2149,2.2251,100,100,45.9
2026-03-09 13:37:14.210Z,2.2155,2.2277,100,100,54.9
2026-03-09 13:37:15.481Z,2.2164,2.2282,100,100,53.1
2026-03-09 13:37:16.596Z,2.2173,2.2281,100,100,48.6
2026-03-09 13:37:17.219Z,2.2191,2.2293,100,100,45.9
2026-03-09 13:37:18.456Z,2.2198,2.2282,100,100,37.8
2026-03-09 13:37:19.227Z,2.2182,2.2304,100,100,54.8
2026-03-09 13:37:20.126Z,2.2193,2.2287,100,100,42.3
2026-03-09 13:37:21.640Z,2.2186,2.2300,100,100,51.3
2026-03-09 13:37:22.828Z,2.2206,2.2290,100,100,37.8
2026-03-09 13:37:23.145Z,2.2205,2.2289,100,100,37.8
2026-03-09 13:37:24.264Z,2.2211,2.2303,100,100,41.3
2026-03-09 13:37:25.148Z,2.2201,2.2319,100,100,53.0
2026-03-09 13:37:26.497Z,2.2200,2.2318,100,100,53.0
2026-03-09 13:37:27.325Z,2.2220,2.2310,100,100,40.4
2026-03-09 13:37:28.386Z,2.2212,2.2320,100,100,48.5
2026-03-09 13:37:29.391Z,2.2214,2.2330,100,100,52.1
2026-03-09 13:37:30.159Z,2.2226,2.2324,100,100,44.0
2026-03-09 13:37:31.869Z,2.2229,2.2341,100,100,50.3
2026-03-09 13:37:32.726Z,2.2244,2.2334,100,100,40.4
2026-03-09 13:37:33.899Z,2.2231,2.2349,100,100,52.9
2026-03-09 13:37:34.891Z,2.2235,2.2355,100,100,53.8
2026-03-09 13:37:35.528Z,2.2246,2.2336,100,100,40.4
2026-03-09 13:37:36.299Z,2.2248,2.2344,100,100,43.1
2026-03-09 13:37:37.126Z,2.2241,2.2349,100,100,48.4
2026-03-09 13:37:38.620Z,2.2246,2.2362,119,100,52.0
2026-03-09 13:37:39.186Z,2.2244,2.2352,100,114,48.4
2026-03-09 13:37:40.460Z,2.2255,2.2347,112,100,41.3
2026-03-09 13:37:41.229Z,2.2256,2.2340,100,100,37.7
2026-03-09 13:37:42.698Z,2.2245,2.2355,100,100,49.3
2026-03-09 13:37:43.422Z,2.2245,2.2353,100,100,48.4
2026-03-09 13:37:44.267Z,2.2250,2.2360,100,100,49.3
2026-03-09 13:37:45.215Z,2.2255,2.2347,100,100,41.3
2026-03-09 13:37:46.854Z,2.2238,2.2356,100,100,52.9
2026-03-09 13:37:47.082Z,2.2241,2.2363,100,100,54.7
2026-03-09 13:37:48.061Z,2.2245,2.2357,100,100,50.2
2026-03-09 13:37:49.884Z,2.2251,2.2341,100,100,40.4
2026-03-09 13:37:50.486Z,2.2248,2.2344,100,100,43.1
2026-03-09 13:37:51.738Z,2.2243,2.2353,100,100,49.3
2026-03-09 13:37:52.882Z,2.2249,2.2355,100,100,47.5
2026-03-09 13:37:53.781Z,2.2242,2.2348,100,100,47.5
2026-03-09 13:37:54.459Z,2.2257,2.2349,100,100,41.3
2026-03-09 13:37:55.482Z,2.2251,2.2357,100,100,47.5
2026-03-09 13:37:56.044Z,2.2257,2.2353,100,100,43.0
2026-03-09 13:37:57.475Z,2.2238,2.2356,100,100,52.9
2026-03-09 13:37:58.340Z,2.2246,2.2348,100,100,45.7
2026-03-09 13:37:59.418Z,2.2250,2.2350,100,100,44.8
2026-03-09 13:38:00.421Z,2.2144,2.2256,100,100,50.5
2026-03-09 13:38:01.781Z,2.2147,2.2263,100,100,52.2
2026-03-09 13:38:02.671Z,2.2145,2.2259,100,100,51.3
2026-03-09 13:38:03.876Z,2.2139,2.2257,100,100,53.2
2026-03-09 13:38:04.642Z,2.2156,2.2240,100,100,37.8
2026-03-09 13:38:05.378Z,2.2140,2.2250,100,100,49.6
2026-03-09 13:38:06.311Z,2.2155,2.2245,100,100,40.5
2026-03-09 13:38:07.200Z,2.2150,2.2248,100,100,44.1
2026-03-09 13:38:08.053Z,2.2149,2.2245,100,100,43.2
2026-03-09 13:38:09.312Z,2.2141,2.2253,100,100,50.5
2026-03-09 13:38:10.308Z,2.2157,2.2251,100,100,42.3
2026-03-09 13:38:11.317Z,2.2152,2.2252,100,119,45.0
2026-03-09 13:38:12.142Z,2.2149,2.2251,100,100,45.9
2026-03-09 13:38:13.504Z,2.2155,2.2247,100,100,41.4
2026-03-09 13:38:14.501Z,2.2160,2.2250,100,100,40.5
2026-03-09 13:38:15.298Z,2.2152,2.2256,100,100,46.8
2026-03-09 13:38:16.548Z,2.2145,2.2257,100,100,50.4
2026-03-09 13:38:17.080Z,2.2158,2.2242,100,100,37.8
2026-03-09 13:38:18.676Z,2.2138,2.2252,100,100,51.4
2026-03-09 13:38:19.484Z,2.2147,2.2257,100,100,49.5
2026-03-09 13:38:20.055Z,2.2157,2.2243,100,100,38.7
2026-03-09 13:38:21.129Z,2.2161,2.2245,100,100,37.8
2026-03-09 13:38:22.702Z,2.2155,2.2269,100,100,51.3
2026-03-09 13:38:23.340Z,2.2176,2.2268,100,100,41.4
2026-03-09 13:38:24.429Z,2.2164,2.2284,100,100,54.0
2026-03-09 13:38:25.705Z,2.2184,2.2274,100,100,40.5
2026-03-09 13:38:26.619Z,2.2185,2.2291,100,100,47.7
2026-03-09 13:38:27.444Z,2.2198,2.2280,100,100,36.9
2026-03-09 13:38:28.006Z,2.2184,2.2306,100,100,54.8
2026-03-09 13:38:29.039Z,2.2191,2.2315,100,100,55.7
2026-03-09 13:38:30.314Z,2.2208,2.2318,100,100,49.4
2026-03-09 13:38:31.085Z,2.2219,2.2333,100,100,51.2
2026-03-09 13:38:32.856Z,2.2226,2.2336,100,100,49.4
2026-03-09 13:38:33.205Z,2.2229,2.2343,100,100,51.2
2026-03-09 13:38:34.321Z,2.2238,2.2330,100,100,41.3
2026-03-09 13:38:35.452Z,2.2243,2.2347,100,100,46.6
2026-03-09 13:38:36.744Z,2.2251,2.2349,100,100,43.9
2026-03-09 13:38:37.066Z,2.2258,2.2344,100,100,38.6
2026-03-09 13:38:38.739Z,2.2247,2.2347,100,100,44.8
2026-03-09 13:38:39.288Z,2.2257,2.2349,100,100,41.3
2026-03-09 13:38:40.228Z,2.2236,2.2358,100,100,54.7
2026-03-09 13:38:41.071Z,2.2243,2.2343,100,100,44.9
2026-03-09 13:38:42.587Z,2.2234,2.2342,100,100,48.5
2026-03-09 13:38:43.503Z,2.2238,2.2328,100,100,40.4
2026-03-09 13:38:44.058Z,2.2244,2.2328,100,100,37.7
2026-03-09 13:38:45.806Z,2.2227,2.2345,100,100,52.9
2026-03-09 13:38:46.239Z,2.2217,2.2337,100,100,53.9
2026-03-09 13:38:47.763Z,2.2232,2.2330,100,100,44.0
2026-03-09 13:38:48.550Z,2.2222,2.2330,100,100,48.5
2026-03-09 13:38:49.162Z,2.2212,2.2332,100,100,53.9
2026-03-09 13:38:50.130Z,2.2212,2.2320,100,100,48.5
2026-03-09 13:38:51.168Z,2.2205,2.2303,100,100,44.0
2026-03-09 13:38:52.120Z,2.2201,2.2291,100,100,40.5
2026-03-09 13:38:53.720Z,2.2180,2.2298,100,100,53.1
2026-03-09 13:38:54.156Z,2.2175,2.2269,100,100,42.3
2026-03-09 13:38:55.373Z,2.2154,2.2274,100,100,54.0
2026-03-09 13:38:56.878Z,2.2159,2.2259,100,100,45.0
2026-03-09 13:38:57.578Z,2.2153,2.2261,100,100,48.6
2026-03-09 13:38:58.468Z,2.2145,2.2261,100,100,52.2
2026-03-09 13:38:59.419Z,2.2155,2.2245,100,100,40.5
2026-03-09 13:39:00.526Z,2.2153,2.2247,359,534,42.3
2026-03-09 13:39:01.732Z,2.2146,2.2252,421,1047,47.7
2026-03-09 13:39:02.203Z,2.2158,2.2248,357,424,40.5
2026-03-09 13:39:03.132Z,2.2159,2.2285,783,427,56.7
2026-03-09 13:39:04.447Z,2.2182,2.2266,479,412,37.8
2026-03-09 13:39:05.892Z,2.2183,2.2287,911,311,46.8
2026-03-09 13:39:06.384Z,2.2195,2.2313,546,291,53.0
2026-03-09 13:39:07.735Z,2.2207,2.2321,711,245,51.2
2026-03-09 13:39:08.337Z,2.2224,2.2322,535,309,44.0
2026-03-09 13:39:09.065Z,2.2247,2.2335,958,414,39.5
2026-03-09 13:39:10.497Z,2.2239,2.2353,966,346,51.1
2026-03-09 13:39:11.435Z,2.2239,2.2359,1250,1283,53.8
2026-03-09 13:39:12.310Z,2.2233,2.2355,759,1283,54.7
2026-03-09 13:39:13.462Z,2.2241,2.2357,1805,605,52.0
2026-03-09 13:39:14.393Z,2.2246,2.2336,326,673,40.4
2026-03-09 13:39:15.124Z,2.2231,2.2341,191,733,49.4
2026-03-09 13:39:16.874Z,2.2215,2.2333,606,842,53.0
2026-03-09 13:39:17.564Z,2.2212,2.2328,306,1069,52.1
2026-03-09 13:39:18.778Z,2.2216,2.2322,217,543,47.6
2026-03-09 13:39:19.365Z,2.2228,2.2308,359,966,35.9
2026-03-09 13:39:20.235Z,2.2215,2.2309,377,935,42.2
2026-03-09 13:39:21.353Z,2.2200,2.2320,104,350,53.9
2026-03-09 13:39:22.728Z,2.2185,2.2309,330,486,55.7
2026-03-09 13:39:23.516Z,2.2170,2.2284,233,414,51.3
2026-03-09 13:39:24.624Z,2.2150,2.2266,206,399,52.2
2026-03-09 13:39:25.742Z,2.2144,2.2238,220,312,42.4
2026-03-09 13:39:26.111Z,2.2128,2.2230,172,508,46.0
2026-03-09 13:39:27.625Z,2.2103,2.2201,148,280,44.2
2026-03-09 13:39:28.579Z,2.2074,2.2194,246,465,54.2
2026-03-09 13:39:29.839Z,2.2076,2.2170,191,227,42.5
2026-03-09 13:39:30.727Z,2.2041,2.2161,101,289,54.3
2026-03-09 13:39:31.561Z,2.2033,2.2135,175,255,46.2
2026-03-09 13:39:32.224Z,2.2004,2.2110,238,328,48.1
2026-03-09 13:39:33.362Z,2.1993,2.2099,193,477,48.1
2026-03-09 13:39:34.363Z,2.1982,2.2074,469,775,41.8
2026-03-09 13:39:35.839Z,2.1976,2.2062,166,321,39.1
2026-03-09 13:39:36.556Z,2.1967,2.2059,212,344,41.8
2026-03-09 13:39:37.396Z,2.1950,2.2050,456,2004,45.5
2026-03-09 13:39:38.298Z,2.1951,2.2047,369,1132,43.6
2026-03-09 13:39:39.261Z,2.1941,2.2059,843,507,53.6
2026-03-09 13:39:40.385Z,2.1951,2.2065,696,725,51.8
2026-03-09 13:39:41.622Z,2.1955,2.2067,583,463,50.9
2026-03-09 13:39:42.519Z,2.1951,2.2069,180,464,53.6
2026-03-09 13:39:43.034Z,2.1959,2.2083,355,238,56.3
2026-03-09 13:39:44.067Z,2.1973,2.2073,671,520,45.4
2026-03-09 13:39:45.008Z,2.1970,2.2094,415,232,56.3
2026-03-09 13:39:46.017Z,2.1972,2.2086,383,923,51.7
2026-03-09 13:39:47.779Z,2.1973,2.2097,512,324,56.3
2026-03-09 13:39:48.630Z,2.1972,2.2090,241,846,53.6
2026-03-09 13:39:49.349Z,2.1980,2.2106,527,307,57.2
2026-03-09 13:39:50.302Z,2.2005,2.2099,440,289,42.6
2026-03-09 13:39:51.848Z,2.2010,2.2098,308,140,39.9
2026-03-09 13:39:52.643Z,2.2015,2.2115,466,416,45.3
2026-03-09 13:39:53.714Z,2.2009,2.2121,345,510,50.8
2026-03-09 13:39:54.046Z,2.2021,2.2125,354,199,47.1
2026-03-09 13:39:55.184Z,2.2033,2.2131,760,455,44.4
2026-03-09 13:39:56.027Z,2.2037,2.2143,1101,291,48.0
2026-03-09 13:39:57.712Z,2.2048,2.2148,891,405,45.3
2026-03-09 13:39:58.599Z,2.2048,2.2160,528,442,50.7
2026-03-09 13:39:59.284Z,2.2045,2.2155,556,1294,49.8
2026-03-09 13:40:00.610Z,2.2140,2.2260,100,100,54.1
2026-03-09 13:40:01.445Z,2.2150,2.2240,100,100,40.5
2026-03-09 13:40:02.016Z,2.2141,2.2253,100,100,50.5
2026-03-09 13:40:03.169Z,2.2145,2.2261,100,100,52.2
2026-03-09 13:40:04.769Z,2.2139,2.2251,100,100,50.5
2026-03-09 13:40:05.360Z,2.2155,2.2239,100,100,37.8
2026-03-09 13:40:06.642Z,2.2140,2.2258,100,100,53.2
2026-03-09 13:40:07.340Z,2.2152,2.2254,100,100,45.9
2026-03-09 13:40:08.864Z,2.2156,2.2246,100,100,40.5
2026-03-09 13:40:09.191Z,2.2149,2.2249,100,100,45.0
2026-03-09 13:40:10.116Z,2.2155,2.2245,100,100,40.5
2026-03-09 13:40:11.008Z,2.2142,2.2258,100,100,52.3
2026-03-09 13:40:12.363Z,2.2155,2.2247,100,100,41.4
2026-03-09 13:40:13.098Z,2.2142,2.2250,100,100,48.7
2026-03-09 13:40:14.622Z,2.2140,2.2258,100,100,53.2
2026-03-09 13:40:15.566Z,2.2152,2.2240,100,100,39.6
2026-03-09 13:40:16.850Z,2.2155,2.2249,100,100,42.3
2026-03-09 13:40:17.425Z,2.2150,2.2246,100,100,43.2
2026-03-09 13:40:18.421Z,2.2149,2.2249,100,100,45.0
2026-03-09 13:40:19.597Z,2.2139,2.2255,100,100,52.3
2026-03-09 13:40:20.502Z,2.2164,2.2250,100,100,38.7
2026-03-09 13:40:21.207Z,2.2147,2.2261,100,100,51.3
2026-03-09 13:40:22.736Z,2.2154,2.2272,100,100,53.1
2026-03-09 13:40:23.116Z,2.2174,2.2256,100,100,36.9
2026-03-09 13:40:24.701Z,2.2168,2.2268,100,100,45.0
2026-03-09 13:40:25.199Z,2.2177,2.2275,100,100,44.1
2026-03-09 13:40:26.695Z,2.2170,2.2292,100,100,54.9
2026-03-09 13:40:27.798Z,2.2181,2.2309,100,100,57.5
2026-03-09 13:40:28.578Z,2.2192,2.2308,100,100,52.1
2026-03-09 13:40:29.579Z,2.2198,2.2324,100,100,56.6
2026-03-09 13:40:30.583Z,2.2215,2.2303,100,100,39.5
2026-03-09 13:40:31.092Z,2.2207,2.2333,100,100,56.6
2026-03-09 13:40:32.797Z,2.2223,2.2343,100,100,53.9
2026-03-09 13:40:33.773Z,2.2239,2.2321,100,100,36.8
2026-03-09 13:40:34.144Z,2.2229,2.2351,100,100,54.7
2026-03-09 13:40:35.854Z,2.2250,2.2344,100,100,42.2
2026-03-09 13:40:36.221Z,2.2253,2.2347,100,100,42.2
2026-03-09 13:40:37.550Z,2.2251,2.2337,100,121,38.6
2026-03-09 13:40:38.813Z,2.2246,2.2360,105,100,51.1
2026-03-09 13:40:39.737Z,2.2252,2.2340,100,100,39.5
2026-03-09 13:40:40.573Z,2.2248,2.2342,100,100,42.2
2026-03-09 13:40:41.656Z,2.2251,2.2343,100,100,41.3
2026-03-09 13:40:42.735Z,2.2254,2.2336,100,100,36.8
2026-03-09 13:40:43.518Z,2.2238,2.2338,100,100,44.9
2026-03-09 13:40:44.701Z,2.2240,2.2330,100,100,40.4
2026-03-09 13:40:45.387Z,2.2249,2.2333,100,100,37.7
2026-03-09 13:40:46.741Z,2.2222,2.2344,100,100,54.8
2026-03-09 13:40:47.809Z,2.2238,2.2342,100,100,46.7
2026-03-09 13:40:48.298Z,2.2233,2.2349,100,100,52.0
2026-03-09 13:40:49.789Z,2.2230,2.2348,100,100,52.9
2026-03-09 13:40:50.370Z,2.2251,2.2335,100,100,37.7
2026-03-09 13:40:51.399Z,2.2234,2.2344,100,100,49.4
2026-03-09 13:40:52.639Z,2.2244,2.2352,100,100,48.4
2026-03-09 13:40:53.799Z,2.2237,2.2349,100,100,50.2
2026-03-09 13:40:54.074Z,2.2236,2.2344,100,100,48.5
2026-03-09 13:40:55.796Z,2.2240,2.2356,100,100,52.0
2026-03-09 13:40:56.459Z,2.2237,2.2357,100,100,53.8
2026-03-09 13:40:57.685Z,2.2246,2.2362,100,100,52.0
2026-03-09 13:40:58.180Z,2.2248,2.2356,100,100,48.4
2026-03-09 13:40:59.686Z,2.2247,2.2353,100,100,47.5
2026-03-09 13:41:00.239Z,2.2354,2.2446,100,100,41.1
2026-03-09 13:41:01.058Z,2.2356,2.2440,100,100,37.5
2026-03-09 13:41:02.179Z,2.2346,2.2446,100,100,44.7
2026-03-09 13:41:03.493Z,2.2358,2.2448,100,100,40.2
2026-03-09 13:41:04.698Z,2.2356,2.2448,100,100,41.1
2026-03-09 13:41:05.762Z,2.2342,2.2462,100,100,53.6
2026-03-09 13:41:06.369Z,2.2356,2.2440,100,100,37.5
2026-03-09 13:41:07.669Z,2.2338,2.2454,100,100,51.8
2026-03-09 13:41:08.015Z,2.2343,2.2461,100,100,52.7
2026-03-09 13:41:09.266Z,2.2347,2.2443,100,100,42.9
2026-03-09 13:41:10.344Z,2.2345,2.2447,100,100,45.5
2026-03-09 13:41:11.859Z,2.2346,2.2454,100,100,48.2
2026-03-09 13:41:12.068Z,2.2339,2.2451,100,100,50.0
2026-03-09 13:41:13.143Z,2.2359,2.2447,100,100,39.3
2026-03-09 13:41:14.617Z,2.2359,2.2445,100,100,38.4
2026-03-09 13:41:15.822Z,2.2356,2.2446,100,100,40.2
2026-03-09 13:41:16.467Z,2.2348,2.2446,100,100,43.8
2026-03-09 13:41:17.769Z,2.2350,2.2446,100,100,42.9
2026-03-09 13:41:18.072Z,2.2353,2.2437,100,100,37.5
2026-03-09 13:41:19.263Z,2.2355,2.2441,100,100,38.4
2026-03-09 13:41:20.182Z,2.2355,2.2445,100,100,40.2
2026-03-09 13:41:21.202Z,2.2345,2.2463,100,100,52.7
2026-03-09 13:41:22.653Z,2.2341,2.2455,100,100,50.9
2026-03-09 13:41:23.606Z,2.2348,2.2450,100,100,45.5
2026-03-09 13:41:24.684Z,2.2360,2.2442,100,100,36.6
2026-03-09 13:41:25.563Z,2.2347,2.2449,100,100,45.5
2026-03-09 13:41:26.720Z,2.2348,2.2446,100,100,43.8
2026-03-09 13:41:27.243Z,2.2344,2.2462,100,100,52.7
2026-03-09 13:41:28.872Z,2.2341,2.2453,100,100,50.0
2026-03-09 13:41:29.301Z,2.2360,2.2450,100,100,40.2
2026-03-09 13:41:30.666Z,2.2350,2.2454,100,100,46.4
2026-03-09 13:41:31.173Z,2.2354,2.2438,100,100,37.5
2026-03-09 13:41:32.618Z,2.2343,2.2445,100,100,45.5
2026-03-09 13:41:33.280Z,2.2358,2.2448,100,100,40.2
2026-03-09 13:41:34.749Z,2.2347,2.2443,100,100,42.9
2026-03-09 13:41:35.042Z,2.2360,2.2444,100,100,37.5
2026-03-09 13:41:36.433Z,2.2354,2.2448,100,100,42.0
2026-03-09 13:41:37.201Z,2.2358,2.2446,100,100,39.3
2026-03-09 13:41:38.200Z,2.2334,2.2458,100,100,55.4
2026-03-09 13:41:39.396Z,2.2335,2.2455,100,100,53.6
2026-03-09 13:41:40.166Z,2.2353,2.2437,100,100,37.5
2026-03-09 13:41:41.370Z,2.2351,2.2451,100,100,44.6
2026-03-09 13:41:42.147Z,2.2359,2.2443,100,100,37.5
2026-03-09 13:41:43.304Z,2.2344,2.2448,100,100,46.4
2026-03-09 13:41:44.120Z,2.2353,2.2447,100,100,42.0
2026-03-09 13:41:45.759Z,2.2342,2.2460,100,100,52.7
2026-03-09 13:41:46.057Z,2.2348,2.2442,100,100,42.0
2026-03-09 13:41:47.349Z,2.2341,2.2457,100,100,51.8
2026-03-09 13:41:48.711Z,2.2354,2.2438,100,100,37.5
2026-03-09 13:41:49.102Z,2.2350,2.2440,100,100,40.2
2026-03-09 13:41:50.830Z,2.2342,2.2462,100,100,53.6
2026-03-09 13:41:51.780Z,2.2348,2.2454,100,100,47.3
2026-03-09 13:41:52.446Z,2.2349,2.2449,100,100,44.6
2026-03-09 13:41:53.810Z,2.2349,2.2457,100,100,48.2
2026-03-09 13:41:54.458Z,2.2354,2.2442,100,100,39.3
2026-03-09 13:41:55.076Z,2.2341,2.2449,100,100,48.2
2026-03-09 13:41:56.537Z,2.2352,2.2458,100,100,47.3
2026-03-09 13:41:57.164Z,2.2351,2.2455,100,100,46.4
2026-03-09 13:41:58.666Z,2.2346,2.2446,100,100,44.7
2026-03-09 13:41:59.271Z,2.2354,2.2446,100,100,41.1
2026-03-09 13:44:00.532Z,2.2249,2.2351,100,100,45.7
2026-03-09 13:44:01.744Z,2.2241,2.2351,100,100,49.3
2026-03-09 13:44:02.193Z,2.2249,2.2361,100,100,50.2
2026-03-09 13:44:03.369Z,2.2260,2.2346,100,100,38.6
2026-03-09 13:44:04.848Z,2.2246,2.2364,100,100,52.9
2026-03-09 13:44:05.519Z,2.2241,2.2355,100,100,51.1
2026-03-09 13:44:06.569Z,2.2241,2.2349,100,100,48.4
2026-03-09 13:44:07.789Z,2.2255,2.2335,100,100,35.9
2026-03-09 13:44:08.686Z,2.2242,2.2352,100,100,49.3
2026-03-09 13:44:09.575Z,2.2259,2.2343,100,100,37.7
2026-03-09 13:44:10.208Z,2.2249,2.2357,100,100,48.4
2026-03-09 13:44:11.609Z,2.2260,2.2348,154,100,39.5
2026-03-09 13:44:12.049Z,2.2248,2.2342,100,164,42.2
2026-03-09 13:44:13.494Z,2.2258,2.2354,100,100,43.0
2026-03-09 13:44:14.368Z,2.2234,2.2356,100,100,54.7
2026-03-09 13:44:15.193Z,2.2243,2.2367,100,100,55.6
2026-03-09 13:44:16.474Z,2.2246,2.2360,100,100,51.1
2026-03-09 13:44:17.879Z,2.2263,2.2347,100,100,37.7
2026-03-09 13:44:18.610Z,2.2256,2.2340,100,100,37.7
2026-03-09 13:44:19.442Z,2.2249,2.2343,100,110,42.2
2026-03-09 13:44:20.336Z,2.2258,2.2342,100,100,37.7
2026-03-09 13:44:21.299Z,2.2256,2.2360,100,100,46.6
2026-03-09 13:44:22.635Z,2.2263,2.2361,100,100,43.9
2026-03-09 13:44:23.225Z,2.2254,2.2370,100,100,52.0
2026-03-09 13:44:24.439Z,2.2283,2.2371,100,100,39.4
2026-03-09 13:44:25.354Z,2.2280,2.2376,100,100,43.0
2026-03-09 13:44:26.798Z,2.2279,2.2383,100,100,46.6
2026-03-09 13:44:27.430Z,2.2285,2.2401,100,100,51.9
2026-03-09 13:44:28.445Z,2.2311,2.2397,100,100,38.5
2026-03-09 13:44:29.254Z,2.2304,2.2400,100,100,42.9
2026-03-09 13:44:30.529Z,2.2316,2.2420,100,100,46.5
2026-03-09 13:44:31.304Z,2.2310,2.2424,100,100,51.0
2026-03-09 13:44:32.848Z,2.2331,2.2433,100,100,45.6
2026-03-09 13:44:33.124Z,2.2335,2.2427,100,100,41.1
2026-03-09 13:44:34.453Z,2.2340,2.2436,100,100,42.9
2026-03-09 13:44:35.410Z,2.2350,2.2432,100,100,36.6
2026-03-09 13:44:36.896Z,2.2348,2.2456,100,100,48.2
2026-03-09 13:44:37.424Z,2.2350,2.2446,100,100,42.9
2026-03-09 13:44:38.598Z,2.2341,2.2453,100,125,50.0
2026-03-09 13:44:39.102Z,2.2355,2.2439,100,100,37.5
2026-03-09 13:44:40.879Z,2.2350,2.2448,138,100,43.8
2026-03-09 13:44:41.242Z,2.2350,2.2448,100,100,43.8
2026-03-09 13:44:42.290Z,2.2351,2.2441,100,100,40.2
2026-03-09 13:44:43.363Z,2.2339,2.2439,100,100,44.7
2026-03-09 13:44:44.720Z,2.2351,2.2435,100,100,37.5
2026-03-09 13:44:45.632Z,2.2329,2.2449,100,100,53.6
2026-03-09 13:44:46.337Z,2.2335,2.2443,100,100,48.2
2026-03-09 13:44:47.526Z,2.2334,2.2440,100,100,47.3
2026-03-09 13:44:48.035Z,2.2343,2.2433,100,100,40.2
2026-03-09 13:44:49.386Z,2.2331,2.2447,100,100,51.8
2026-03-09 13:44:50.608Z,2.2335,2.2457,100,100,54.5
2026-03-09 13:44:51.823Z,2.2333,2.2449,100,100,51.8
2026-03-09 13:44:52.309Z,2.2347,2.2435,100,100,39.3
2026-03-09 13:44:53.553Z,2.2352,2.2438,100,100,38.4
2026-03-09 13:44:54.694Z,2.2347,2.2437,100,100,40.2
2026-03-09 13:44:55.495Z,2.2350,2.2444,100,100,42.0
2026-03-09 13:44:56.748Z,2.2351,2.2449,100,100,43.7
2026-03-09 13:44:57.369Z,2.2358,2.2448,100,100,40.2
2026-03-09 13:44:58.697Z,2.2357,2.2449,100,100,41.1
2026-03-09 13:44:59.749Z,2.2355,2.2445,100,100,40.2
2026-03-09 13:45:00.584Z,2.2255,2.2345,107,141,40.4
2026-03-09 13:45:01.163Z,2.2234,2.2354,100,100,53.8
2026-03-09 13:45:02.587Z,2.2255,2.2355,132,100,44.8
2026-03-09 13:45:03.576Z,2.2245,2.2355,100,169,49.3
2026-03-09 13:45:04.023Z,2.2252,2.2358,224,100,47.5
2026-03-09 13:45:05.080Z,2.2245,2.2351,100,172,47.5
2026-03-09 13:45:06.758Z,2.2253,2.2357,169,100,46.6
2026-03-09 13:45:07.747Z,2.2242,2.2360,100,141,52.9
2026-03-09 13:45:08.401Z,2.2249,2.2353,100,100,46.6
2026-03-09 13:45:09.184Z,2.2252,2.2354,119,100,45.7
2026-03-09 13:45:10.256Z,2.2259,2.2347,100,100,39.5
2026-03-09 13:45:11.050Z,2.2253,2.2349,100,178,43.0
2026-03-09 13:45:12.555Z,2.2244,2.2350,133,344,47.5
2026-03-09 13:45:13.119Z,2.2254,2.2356,188,104,45.7
2026-03-09 13:45:14.662Z,2.2243,2.2359,100,100,52.0
2026-03-09 13:45:15.393Z,2.2256,2.2348,100,100,41.3
2026-03-09 13:45:16.517Z,2.2256,2.2348,100,101,41.3
2026-03-09 13:45:17.564Z,2.2243,2.2345,107,221,45.8
2026-03-09 13:45:18.412Z,2.2242,2.2356,301,131,51.1
2026-03-09 13:45:19.773Z,2.2259,2.2347,141,100,39.5
2026-03-09 13:45:20.689Z,2.2260,2.2358,100,100,43.9
2026-03-09 13:45:21.416Z,2.2245,2.2359,100,100,51.1
2026-03-09 13:45:22.701Z,2.2270,2.2360,100,100,40.3
2026-03-09 13:45:23.269Z,2.2270,2.2362,100,100,41.2
2026-03-09 13:45:24.629Z,2.2284,2.2370,135,100,38.5
2026-03-09 13:45:25.858Z,2.2272,2.2396,100,100,55.5
2026-03-09 13:45:26.238Z,2.2285,2.2395,100,100,49.2
2026-03-09 13:45:27.187Z,2.2302,2.2392,100,100,40.3
2026-03-09 13:45:28.779Z,2.2296,2.2400,140,100,46.5
2026-03-09 13:45:29.318Z,2.2309,2.2411,100,100,45.6
2026-03-09 13:45:30.500Z,2.2323,2.2413,100,100,40.2
2026-03-09 13:45:31.645Z,2.2313,2.2419,100,100,47.4
2026-03-09 13:45:32.439Z,2.2316,2.2428,100,100,50.1
2026-03-09 13:45:33.083Z,2.2335,2.2439,100,100,46.5
2026-03-09 13:45:34.126Z,2.2333,2.2443,100,100,49.1
2026-03-09 13:45:35.101Z,2.2349,2.2439,100,100,40.2
2026-03-09 13:45:36.487Z,2.2348,2.2444,100,100,42.9
2026-03-09 13:45:37.090Z,2.2340,2.2448,160,284,48.2
2026-03-09 13:45:38.527Z,2.2358,2.2442,155,100,37.5
2026-03-09 13:45:39.119Z,2.2355,2.2453,289,226,43.7
2026-03-09 13:45:40.833Z,2.2352,2.2444,100,221,41.1
2026-03-09 13:45:41.749Z,2.2352,2.2436,100,113,37.5
2026-03-09 13:45:42.496Z,2.2347,2.2445,111,100,43.8
2026-03-09 13:45:43.110Z,2.2349,2.2441,100,104,41.1
2026-03-09 13:45:44.368Z,2.2326,2.2448,100,127,54.5
2026-03-09 13:45:45.108Z,2.2329,2.2447,153,100,52.7
2026-03-09 13:45:46.623Z,2.2336,2.2442,129,102,47.3
2026-03-09 13:45:47.288Z,2.2323,2.2445,100,139,54.5
2026-03-09 13:45:48.017Z,2.2331,2.2435,100,117,46.5
2026-03-09 13:45:49.135Z,2.2334,2.2442,100,100,48.2
2026-03-09 13:45:50.745Z,2.2338,2.2448,147,100,49.1
2026-03-09 13:45:51.875Z,2.2337,2.2435,100,144,43.8
2026-03-09 13:45:52.798Z,2.2338,2.2434,100,100,42.9
2026-03-09 13:45:53.842Z,2.2349,2.2441,119,100,41.1
2026-03-09 13:45:54.112Z,2.2332,2.2448,100,233,51.8
2026-03-09 13:45:55.747Z,2.2355,2.2447,146,100,41.1
2026-03-09 13:45:56.456Z,2.2345,2.2445,100,154,44.7
2026-03-09 13:45:57.014Z,2.2341,2.2455,152,100,50.9
2026-03-09 13:45:58.875Z,2.2348,2.2452,100,100,46.4
2026-03-09 13:45:59.569Z,2.2356,2.2444,100,100,39.3
2026-03-09 13:47:00.889Z,2.2248,2.2352,100,100,46.6
2026-03-09 13:47:01.692Z,2.2258,2.2348,100,100,40.4
2026-03-09 13:47:02.751Z,2.2255,2.2355,100,100,44.8
2026-03-09 13:47:03.196Z,2.2263,2.2347,100,100,37.7
2026-03-09 13:47:04.154Z,2.2247,2.2347,100,100,44.8
2026-03-09 13:47:05.223Z,2.2262,2.2346,100,100,37.7
2026-03-09 13:47:06.537Z,2.2245,2.2345,100,100,44.9
2026-03-09 13:47:07.694Z,2.2253,2.2357,100,100,46.6
2026-03-09 13:47:08.387Z,2.2252,2.2356,100,100,46.6
2026-03-09 13:47:09.234Z,2.2248,2.2342,100,100,42.2
2026-03-09 13:47:10.123Z,2.2244,2.2350,100,100,47.5
2026-03-09 13:47:11.536Z,2.2241,2.2349,100,100,48.4
2026-03-09 13:47:12.661Z,2.2258,2.2342,100,100,37.7
2026-03-09 13:47:13.407Z,2.2258,2.2342,100,100,37.7
2026-03-09 13:47:14.648Z,2.2236,2.2354,100,100,52.9
2026-03-09 13:47:15.524Z,2.2257,2.2349,100,100,41.3
2026-03-09 13:47:16.009Z,2.2257,2.2349,100,100,41.3
2026-03-09 13:47:17.883Z,2.2251,2.2339,100,100,39.5
2026-03-09 13:47:18.073Z,2.2241,2.2351,100,100,49.3
2026-03-09 13:47:19.362Z,2.2242,2.2358,100,100,52.0
2026-03-09 13:47:20.141Z,2.2254,2.2338,100,100,37.7
2026-03-09 13:47:21.215Z,2.2256,2.2354,100,100,43.9
2026-03-09 13:47:22.334Z,2.2259,2.2345,100,100,38.6
2026-03-09 13:47:23.386Z,2.2258,2.2342,100,100,37.7
2026-03-09 13:47:24.305Z,2.2242,2.2354,100,100,50.2
2026-03-09 13:47:25.891Z,2.2254,2.2338,100,100,37.7
2026-03-09 13:47:26.649Z,2.2245,2.2345,100,100,44.9
2026-03-09 13:47:27.860Z,2.2253,2.2355,100,100,45.7
2026-03-09 13:47:28.594Z,2.2260,2.2344,100,100,37.7
2026-03-09 13:47:29.852Z,2.2256,2.2348,100,100,41.3
2026-03-09 13:47:30.285Z,2.2255,2.2353,100,100,43.9
2026-03-09 13:47:31.343Z,2.2257,2.2341,100,100,37.7
2026-03-09 13:47:32.131Z,2.2258,2.2352,100,100,42.1
2026-03-09 13:47:33.799Z,2.2258,2.2348,100,100,40.4
2026-03-09 13:47:34.870Z,2.2247,2.2353,100,100,47.5
2026-03-09 13:47:35.238Z,2.2247,2.2355,100,100,48.4
2026-03-09 13:47:36.608Z,2.2260,2.2344,100,100,37.7
2026-03-09 13:47:37.271Z,2.2251,2.2351,100,100,44.8
2026-03-09 13:47:38.821Z,2.2253,2.2353,100,100,44.8
2026-03-09 13:47:39.363Z,2.2256,2.2352,100,100,43.0
2026-03-09 13:47:40.663Z,2.2257,2.2347,100,100,40.4
2026-03-09 13:47:41.624Z,2.2255,2.2351,100,100,43.0
2026-03-09 13:47:42.619Z,2.2262,2.2346,100,100,37.7
2026-03-09 13:47:43.071Z,2.2251,2.2359,100,100,48.4
2026-03-09 13:47:44.341Z,2.2254,2.2344,100,100,40.4
2026-03-09 13:47:45.448Z,2.2240,2.2360,100,100,53.8
2026-03-09 13:47:46.782Z,2.2254,2.2354,100,100,44.8
2026-03-09 13:47:47.401Z,2.2251,2.2347,100,100,43.1
2026-03-09 13:47:48.804Z,2.2242,2.2358,100,100,52.0
2026-03-09 13:47:49.736Z,2.2246,2.2352,100,100,47.5
2026-03-09 13:47:50.655Z,2.2249,2.2357,100,100,48.4
2026-03-09 13:47:51.485Z,2.2242,2.2356,100,100,51.1
2026-03-09 13:47:52.654Z,2.2242,2.2362,100,100,53.8
2026-03-09 13:47:53.212Z,2.2242,2.2356,100,100,51.1
2026-03-09 13:47:54.664Z,2.2245,2.2357,100,100,50.2
2026-03-09 13:47:55.444Z,2.2263,2.2345,100,100,36.8
2026-03-09 13:47:56.760Z,2.2245,2.2345,100,100,44.9
2026-03-09 13:47:57.209Z,2.2238,2.2360,100,100,54.7
2026-03-09 13:47:58.581Z,2.2245,2.2359,100,100,51.1
2026-03-09 13:47:59.846Z,2.2253,2.2347,100,100,42.2
2026-03-09 13:48:00.269Z,2.2251,2.2349,100,100,43.9
2026-03-09 13:48:01.312Z,2.2249,2.2353,100,100,46.6
2026-03-09 13:48:02.888Z,2.2255,2.2343,100,100,39.5
2026-03-09 13:48:03.609Z,2.2254,2.2356,100,100,45.7
2026-03-09 13:48:04.133Z,2.2251,2.2345,100,100,42.2
2026-03-09 13:48:05.455Z,2.2253,2.2339,100,100,38.6
2026-03-09 13:48:06.098Z,2.2257,2.2341,100,100,37.7
2026-03-09 13:48:07.223Z,2.2262,2.2348,100,100,38.6
2026-03-09 13:48:08.742Z,2.2239,2.2361,100,100,54.7
2026-03-09 13:48:09.893Z,2.2254,2.2348,100,100,42.2
2026-03-09 13:48:10.527Z,2.2252,2.2352,100,100,44.8
2026-03-09 13:48:11.013Z,2.2260,2.2346,100,100,38.6
2026-03-09 13:48:12.216Z,2.2238,2.2354,100,100,52.0
2026-03-09 13:48:13.826Z,2.2243,2.2353,100,100,49.3
2026-03-09 13:48:14.528Z,2.2243,2.2365,100,100,54.7
2026-03-09 13:48:15.133Z,2.2245,2.2359,100,100,51.1
2026-03-09 13:48:16.162Z,2.2256,2.2338,100,100,36.8
2026-03-09 13:48:17.545Z,2.2241,2.2355,100,100,51.1
2026-03-09 13:48:18.084Z,2.2244,2.2350,100,100,47.5
2026-03-09 13:48:19.022Z,2.2246,2.2346,100,100,44.9
2026-03-09 13:48:20.263Z,2.2255,2.2343,100,100,39.5
2026-03-09 13:48:21.546Z,2.2256,2.2348,100,100,41.3
2026-03-09 13:48:22.160Z,2.2254,2.2338,100,100,37.7
2026-03-09 13:48:23.199Z,2.2257,2.2353,100,100,43.0
2026-03-09 13:48:24.081Z,2.2255,2.2349,100,100,42.1
2026-03-09 13:48:25.837Z,2.2244,2.2364,100,100,53.8
2026-03-09 13:48:26.612Z,2.2260,2.2344,100,100,37.7
2026-03-09 13:48:27.021Z,2.2239,2.2355,100,100,52.0
2026-03-09 13:48:28.303Z,2.2245,2.2347,100,100,45.7
2026-03-09 13:48:29.058Z,2.2254,2.2336,100,100,36.8
2026-03-09 13:48:30.644Z,2.2258,2.2342,100,100,37.7
2026-03-09 13:48:31.886Z,2.2259,2.2345,100,100,38.6
2026-03-09 13:48:32.562Z,2.2246,2.2344,100,100,44.0
2026-03-09 13:48:33.105Z,2.2252,2.2350,100,100,43.9
2026-03-09 13:48:34.348Z,2.2249,2.2359,100,100,49.3
2026-03-09 13:48:35.513Z,2.2242,2.2358,100,100,52.0
2026-03-09 13:48:36.821Z,2.2247,2.2351,100,100,46.6
2026-03-09 13:48:37.546Z,2.2260,2.2350,100,100,40.3
2026-03-09 13:48:38.821Z,2.2249,2.2361,100,100,50.2
2026-03-09 13:48:39.882Z,2.2258,2.2350,100,100,41.2
2026-03-09 13:48:40.615Z,2.2243,2.2351,100,100,48.4
2026-03-09 13:48:41.006Z,2.2253,2.2337,100,100,37.7
2026-03-09 13:48:42.125Z,2.2252,2.2358,100,100,47.5
2026-03-09 13:48:43.026Z,2.2253,2.2337,100,100,37.7
2026-03-09 13:48:44.828Z,2.2253,2.2339,100,100,38.6
2026-03-09 13:48:45.541Z,2.2244,2.2352,100,100,48.4
2026-03-09 13:48:46.260Z,2.2254,2.2342,100,100,39.5
2026-03-09 13:48:47.293Z,2.2254,2.2342,100,100,39.5
2026-03-09 13:48:48.459Z,2.2252,2.2338,100,100,38.6
2026-03-09 13:48:49.364Z,2.2255,2.2349,100,100,42.1
2026-03-09 13:48:50.860Z,2.2252,2.2352,100,100,44.8
2026-03-09 13:48:51.497Z,2.2241,2.2357,100,100,52.0
2026-03-09 13:48:52.279Z,2.2248,2.2360,100,100,50.2
2026-03-09 13:48:53.853Z,2.2257,2.2351,100,100,42.1
2026-03-09 13:48:54.735Z,2.2253,2.2355,100,100,45.7
2026-03-09 13:48:55.744Z,2.2253,2.2355,100,100,45.7
2026-03-09 13:48:56.286Z,2.2259,2.2341,100,100,36.8
2026-03-09 13:48:57.731Z,2.2242,2.2360,100,100,52.9
2026-03-09 13:48:58.411Z,2.2252,2.2342,100,100,40.4
2026-03-09 13:48:59.685Z,2.2255,2.2345,100,100,40.4
2026-03-09 13:49:00.759Z,2.2144,2.2256,100,100,50.5
2026-03-09 13:49:01.101Z,2.2144,2.2250,100,100,47.8
2026-03-09 13:49:02.393Z,2.2141,2.2263,100,100,55.0
2026-03-09 13:49:03.492Z,2.2150,2.2248,100,100,44.1
2026-03-09 13:49:04.886Z,2.2149,2.2259,100,100,49.5
2026-03-09 13:49:05.664Z,2.2148,2.2246,100,100,44.2
2026-03-09 13:49:06.365Z,2.2154,2.2238,100,100,37.8
2026-03-09 13:49:07.631Z,2.2141,2.2265,100,100,55.8
2026-03-09 13:49:08.230Z,2.2137,2.2253,100,100,52.3
2026-03-09 13:49:09.268Z,2.2156,2.2254,100,100,44.1
2026-03-09 13:49:10.741Z,2.2135,2.2255,100,100,54.1
2026-03-09 13:49:11.163Z,2.2142,2.2262,100,100,54.0
2026-03-09 13:49:12.681Z,2.2147,2.2249,100,100,46.0
2026-03-09 13:49:13.329Z,2.2158,2.2238,100,100,36.0
2026-03-09 13:49:14.503Z,2.2141,2.2251,100,100,49.6
2026-03-09 13:49:15.175Z,2.2147,2.2245,100,100,44.2
2026-03-09 13:49:16.367Z,2.2140,2.2252,100,100,50.5
2026-03-09 13:49:17.506Z,2.2142,2.2266,100,100,55.8
2026-03-09 13:49:18.741Z,2.2145,2.2243,100,100,44.2
2026-03-09 13:49:19.666Z,2.2146,2.2244,100,100,44.2
2026-03-09 13:49:20.250Z,2.2142,2.2254,100,100,50.5
2026-03-09 13:49:21.091Z,2.2138,2.2242,100,100,46.9
2026-03-09 13:49:22.676Z,2.2125,2.2221,100,100,43.3
2026-03-09 13:49:23.879Z,2.2115,2.2221,100,100,47.8
2026-03-09 13:49:24.346Z,2.2095,2.2207,100,100,50.6
2026-03-09 13:49:25.208Z,2.2090,2.2186,100,100,43.4
2026-03-09 13:49:26.698Z,2.2092,2.2176,100,100,38.0
2026-03-09 13:49:27.567Z,2.2052,2.2170,100,100,53.4
2026-03-09 13:49:28.042Z,2.2049,2.2155,100,100,48.0
2026-03-09 13:49:29.550Z,2.2027,2.2153,100,100,57.0
2026-03-09 13:49:30.146Z,2.2032,2.2118,100,100,39.0
2026-03-09 13:49:31.646Z,2.2010,2.2104,100,100,42.6
2026-03-09 13:49:32.782Z,2.1983,2.2103,100,100,54.4
2026-03-09 13:49:33.636Z,2.1973,2.2093,100,100,54.5
2026-03-09 13:49:34.286Z,2.1961,2.2077,100,100,52.7
2026-03-09 13:49:35.784Z,2.1962,2.2064,100,100,46.3
2026-03-09 13:49:36.246Z,2.1951,2.2053,100,100,46.4
2026-03-09 13:49:37.684Z,2.1957,2.2045,100,100,40.0
2026-03-09 13:49:38.426Z,2.1952,2.2058,100,100,48.2
2026-03-09 13:49:39.235Z,2.1952,2.2054,100,100,46.4
2026-03-09 13:49:40.665Z,2.1950,2.2066,100,100,52.7
2026-03-09 13:49:41.424Z,2.1954,2.2068,100,100,51.8
2026-03-09 13:49:42.236Z,2.1957,2.2079,100,100,55.4
2026-03-09 13:49:43.421Z,2.1972,2.2064,100,100,41.8
2026-03-09 13:49:44.456Z,2.1969,2.2069,100,100,45.4
2026-03-09 13:49:45.654Z,2.1976,2.2084,100,100,49.0
2026-03-09 13:49:46.302Z,2.1978,2.2072,100,100,42.7
2026-03-09 13:49:47.379Z,2.1970,2.2092,100,100,55.4
2026-03-09 13:49:48.862Z,2.1972,2.2082,100,100,49.9
2026-03-09 13:49:49.475Z,2.1959,2.2081,100,100,55.4
2026-03-09 13:49:50.860Z,2.1964,2.2082,100,100,53.6
2026-03-09 13:49:51.220Z,2.1968,2.2066,100,100,44.5
2026-03-09 13:49:52.818Z,2.1971,2.2061,100,100,40.9
2026-03-09 13:49:53.861Z,2.1968,2.2064,100,100,43.6
2026-03-09 13:49:54.434Z,2.1966,2.2062,100,100,43.6
2026-03-09 13:49:55.725Z,2.1943,2.2061,100,100,53.6
2026-03-09 13:49:56.721Z,2.1948,2.2050,100,100,46.4
2026-03-09 13:49:57.403Z,2.1939,2.2055,100,100,52.7
2026-03-09 13:49:58.049Z,2.1949,2.2047,100,100,44.5
2026-03-09 13:49:59.651Z,2.1955,2.2045,100,100,40.9
2026-03-09 13:50:00.506Z,2.1958,2.2042,100,100,38.2
2026-03-09 13:50:01.100Z,2.1953,2.2047,100,100,42.7
2026-03-09 13:50:02.386Z,2.1941,2.2057,100,100,52.7
2026-03-09 13:50:03.768Z,2.1961,2.2041,100,100,36.4
2026-03-09 13:50:04.580Z,2.1953,2.2053,100,100,45.4
2026-03-09 13:50:05.620Z,2.1947,2.2053,100,100,48.2
2026-03-09 13:50:06.203Z,2.1961,2.2041,100,100,36.4
2026-03-09 13:50:07.846Z,2.1958,2.2044,100,100,39.1
2026-03-09 13:50:08.310Z,2.1947,2.2053,100,100,48.2
2026-03-09 13:50:09.326Z,2.1950,2.2056,100,100,48.2
2026-03-09 13:50:10.635Z,2.1956,2.2054,100,100,44.5
2026-03-09 13:50:11.058Z,2.1949,2.2053,100,100,47.3
2026-03-09 13:50:12.455Z,2.1940,2.2056,100,100,52.7
2026-03-09 13:50:13.382Z,2.1950,2.2048,100,100,44.5
2026-03-09 13:50:14.633Z,2.1953,2.2037,100,100,38.2
2026-03-09 13:50:15.014Z,2.1946,2.2050,100,100,47.3
2026-03-09 13:50:16.077Z,2.1952,2.2048,100,100,43.6
2026-03-09 13:50:17.736Z,2.1964,2.2046,100,100,37.3
2026-03-09 13:50:18.332Z,2.1948,2.2042,100,100,42.7
2026-03-09 13:50:19.438Z,2.1947,2.2053,100,100,48.2
2026-03-09 13:50:20.818Z,2.1954,2.2038,100,100,38.2
2026-03-09 13:50:21.598Z,2.1958,2.2040,100,100,37.3
2026-03-09 13:50:22.460Z,2.1959,2.2047,100,100,40.0
2026-03-09 13:50:23.100Z,2.1934,2.2056,100,100,55.5
2026-03-09 13:50:24.378Z,2.1948,2.2058,100,100,50.0
2026-03-09 13:50:25.424Z,2.1945,2.2061,100,100,52.7
2026-03-09 13:50:26.386Z,2.1936,2.2056,100,100,54.6
2026-03-09 13:50:27.027Z,2.1948,2.2048,100,100,45.5
2026-03-09 13:50:28.723Z,2.1958,2.2044,100,100,39.1
2026-03-09 13:50:29.199Z,2.1946,2.2056,100,100,50.0
2026-03-09 13:50:30.506Z,2.1944,2.2050,100,100,48.2
2026-03-09 13:50:31.246Z,2.1947,2.2049,100,100,46.4
2026-03-09 13:50:32.688Z,2.1944,2.2058,100,100,51.8
2026-03-09 13:50:33.558Z,2.1939,2.2051,100,100,50.9
2026-03-09 13:50:34.581Z,2.1943,2.2059,100,100,52.7
2026-03-09 13:50:35.271Z,2.1952,2.2052,100,100,45.5
2026-03-09 13:50:36.639Z,2.1961,2.2045,100,100,38.2
2026-03-09 13:50:37.734Z,2.1942,2.2058,100,100,52.7
2026-03-09 13:50:38.431Z,2.1950,2.2054,100,100,47.3
2026-03-09 13:50:39.004Z,2.1946,2.2052,100,100,48.2
2026-03-09 13:50:40.433Z,2.1940,2.2054,100,100,51.8
2026-03-09 13:50:41.665Z,2.1938,2.2060,100,100,55.5
2026-03-09 13:50:42.705Z,2.1956,2.2038,100,100,37.3
2026-03-09 13:50:43.623Z,2.1955,2.2041,100,100,39.1
2026-03-09 13:50:44.665Z,2.1958,2.2042,100,100,38.2
2026-03-09 13:50:45.079Z,2.1950,2.2040,100,100,40.9
2026-03-09 13:50:46.611Z,2.1944,2.2046,100,100,46.4
2026-03-09 13:50:47.792Z,2.1939,2.2059,100,100,54.5
2026-03-09 13:50:48.734Z,2.1950,2.2054,100,100,47.3
2026-03-09 13:50:49.396Z,2.1945,2.2063,100,100,53.6
2026-03-09 13:50:50.799Z,2.1943,2.2061,100,100,53.6
2026-03-09 13:50:51.356Z,2.1939,2.2059,100,100,54.5
2026-03-09 13:50:52.468Z,2.1946,2.2048,100,100,46.4
2026-03-09 13:50:53.204Z,2.1942,2.2062,100,100,54.5
2026-03-09 13:50:54.656Z,2.1952,2.2048,100,100,43.6
2026-03-09 13:50:55.165Z,2.1946,2.2054,100,100,49.1
2026-03-09 13:50:56.161Z,2.1942,2.2064,100,100,55.4
2026-03-09 13:50:57.704Z,2.1938,2.2058,100,100,54.6
2026-03-09 13:50:58.832Z,2.1958,2.2050,100,100,41.8
2026-03-09 13:50:59.278Z,2.1945,2.2055,100,100,50.0
2026-03-09 13:51:00.696Z,2.1840,2.1960,100,100,54.8
2026-03-09 13:51:01.706Z,2.1857,2.1953,100,100,43.8
2026-03-09 13:51:02.448Z,2.1845,2.1961,100,100,53.0
2026-03-09 13:51:03.420Z,2.1853,2.1947,100,100,42.9
2026-03-09 13:51:04.219Z,2.1858,2.1952,100,100,42.9
2026-03-09 13:51:05.235Z,2.1845,2.1955,100,100,50.2
2026-03-09 13:51:06.121Z,2.1847,2.1955,100,100,49.3
2026-03-09 13:51:07.841Z,2.1844,2.1950,100,100,48.4
2026-03-09 13:51:08.600Z,2.1848,2.1956,100,100,49.3
2026-03-09 13:51:09.124Z,2.1857,2.1953,100,100,43.8
2026-03-09 13:51:10.205Z,2.1863,2.1945,100,100,37.4
2026-03-09 13:51:11.421Z,2.1836,2.1956,100,100,54.8
2026-03-09 13:51:12.108Z,2.1859,2.1945,100,100,39.3
2026-03-09 13:51:13.742Z,2.1853,2.1947,100,100,42.9
2026-03-09 13:51:14.782Z,2.1849,2.1953,100,100,47.5
2026-03-09 13:51:15.531Z,2.1857,2.1951,100,100,42.9
2026-03-09 13:51:16.808Z,2.1848,2.1948,100,100,45.7
2026-03-09 13:51:17.106Z,2.1860,2.1944,100,100,38.4
2026-03-09 13:51:18.057Z,2.1842,2.1954,100,100,51.1
2026-03-09 13:51:19.532Z,2.1854,2.1942,100,100,40.2
2026-03-09 13:51:20.750Z,2.1850,2.1956,100,100,48.4
2026-03-09 13:51:21.564Z,2.1855,2.1945,100,100,41.1
2026-03-09 13:51:22.119Z,2.1856,2.1948,100,100,42.0
2026-03-09 13:51:23.637Z,2.1843,2.1957,100,100,52.1
2026-03-09 13:51:24.705Z,2.1852,2.1946,100,100,42.9
2026-03-09 13:51:25.095Z,2.1848,2.1962,100,100,52.0
2026-03-09 13:51:26.345Z,2.1847,2.1953,100,100,48.4
2026-03-09 13:51:27.302Z,2.1845,2.1959,100,100,52.1
2026-03-09 13:51:28.794Z,2.1849,2.1951,100,100,46.6
2026-03-09 13:51:29.686Z,2.1836,2.1958,100,100,55.7
2026-03-09 13:51:30.685Z,2.1847,2.1955,100,100,49.3
2026-03-09 13:51:31.447Z,2.1842,2.1960,100,100,53.9
2026-03-09 13:51:32.773Z,2.1836,2.1956,100,100,54.8
2026-03-09 13:51:33.491Z,2.1859,2.1947,100,100,40.2
2026-03-09 13:51:34.815Z,2.1840,2.1960,100,100,54.8
2026-03-09 13:51:35.253Z,2.1850,2.1960,100,100,50.2
2026-03-09 13:51:36.110Z,2.1848,2.1946,100,100,44.8
2026-03-09 13:51:37.650Z,2.1849,2.1941,100,100,42.0
2026-03-09 13:51:38.334Z,2.1841,2.1965,100,100,56.6
2026-03-09 13:51:39.852Z,2.1843,2.1957,100,100,52.1
2026-03-09 13:51:40.572Z,2.1859,2.1951,100,100,42.0
2026-03-09 13:51:41.730Z,2.1856,2.1944,100,100,40.2
2026-03-09 13:51:42.722Z,2.1860,2.1942,100,100,37.4
2026-03-09 13:51:43.450Z,2.1857,2.1953,100,100,43.8
2026-03-09 13:51:44.255Z,2.1851,2.1947,100,100,43.8
2026-03-09 13:51:45.836Z,2.1846,2.1962,100,100,53.0
2026-03-09 13:51:46.431Z,2.1841,2.1953,100,100,51.1
2026-03-09 13:51:47.771Z,2.1840,2.1952,100,100,51.2
2026-03-09 13:51:48.505Z,2.1857,2.1947,100,100,41.1
2026-03-09 13:51:49.277Z,2.1859,2.1949,100,100,41.1
2026-03-09 13:51:50.528Z,2.1848,2.1946,100,100,44.8
2026-03-09 13:51:51.291Z,2.1853,2.1951,100,100,44.7
2026-03-09 13:51:52.880Z,2.1834,2.1956,100,100,55.7
2026-03-09 13:51:53.092Z,2.1842,2.1952,100,100,50.2
2026-03-09 13:51:54.646Z,2.1858,2.1944,100,100,39.3
2026-03-09 13:51:55.087Z,2.1850,2.1960,100,100,50.2
2026-03-09 13:51:56.646Z,2.1842,2.1952,100,100,50.2
2026-03-09 13:51:57.079Z,2.1849,2.1947,100,100,44.8
2026-03-09 13:51:58.417Z,2.1837,2.1955,100,100,53.9
2026-03-09 13:51:59.549Z,2.1858,2.1942,100,100,38.4
2026-03-09 13:52:00.413Z,2.1857,2.1943,100,100,39.3
2026-03-09 13:52:01.241Z,2.1852,2.1956,100,100,47.5
2026-03-09 13:52:02.273Z,2.1836,2.1956,100,100,54.8
2026-03-09 13:52:03.492Z,2.1858,2.1942,100,100,38.4
2026-03-09 13:52:04.165Z,2.1860,2.1942,100,100,37.4
2026-03-09 13:52:05.721Z,2.1848,2.1954,100,100,48.4
2026-03-09 13:52:06.567Z,2.1843,2.1953,100,100,50.2
2026-03-09 13:52:07.002Z,2.1847,2.1959,100,100,51.1
2026-03-09 13:52:08.357Z,2.1841,2.1961,100,100,54.8
2026-03-09 13:52:09.114Z,2.1857,2.1941,100,100,38.4
2026-03-09 13:52:10.310Z,2.1848,2.1950,100,100,46.6
2026-03-09 13:52:11.398Z,2.1856,2.1944,100,100,40.2
2026-03-09 13:52:12.552Z,2.1849,2.1961,100,100,51.1
2026-03-09 13:52:13.553Z,2.1840,2.1956,100,100,53.0
2026-03-09 13:52:14.727Z,2.1840,2.1958,100,100,53.9
2026-03-09 13:52:15.195Z,2.1845,2.1945,100,100,45.7
2026-03-09 13:52:16.647Z,2.1848,2.1950,100,100,46.6
2026-03-09 13:52:17.074Z,2.1839,2.1957,100,100,53.9
2026-03-09 13:52:18.713Z,2.1852,2.1952,100,100,45.7
2026-03-09 13:52:19.588Z,2.1851,2.1951,100,100,45.7
2026-03-09 13:52:20.298Z,2.1856,2.1952,100,100,43.8
2026-03-09 13:52:21.369Z,2.1847,2.1961,100,100,52.0
2026-03-09 13:52:22.876Z,2.1848,2.1948,100,100,45.7
2026-03-09 13:52:23.119Z,2.1854,2.1952,100,100,44.7
2026-03-09 13:52:24.629Z,2.1843,2.1947,100,100,47.5
2026-03-09 13:52:25.326Z,2.1847,2.1961,100,100,52.0
2026-03-09 13:52:26.652Z,2.1844,2.1956,100,100,51.1
2026-03-09 13:52:27.300Z,2.1850,2.1944,100,100,42.9
2026-03-09 13:52:28.210Z,2.1848,2.1942,100,100,42.9
2026-03-09 13:52:29.311Z,2.1854,2.1938,100,100,38.4
2026-03-09 13:52:30.244Z,2.1851,2.1949,100,100,44.7
2026-03-09 13:52:31.770Z,2.1840,2.1954,100,100,52.1
2026-03-09 13:52:32.594Z,2.1853,2.1939,100,100,39.3
2026-03-09 13:52:33.187Z,2.1849,2.1949,100,100,45.7
2026-03-09 13:52:34.754Z,2.1855,2.1939,100,100,38.4
2026-03-09 13:52:35.336Z,2.1853,2.1951,100,100,44.7
2026-03-09 13:52:36.241Z,2.1853,2.1937,100,100,38.4
2026-03-09 13:52:37.271Z,2.1837,2.1955,100,100,53.9
2026-03-09 13:52:38.460Z,2.1846,2.1954,100,100,49.3
2026-03-09 13:52:39.075Z,2.1847,2.1959,100,100,51.1
2026-03-09 13:52:40.796Z,2.1845,2.1963,100,100,53.9
2026-03-09 13:52:41.163Z,2.1850,2.1942,100,100,42.0
2026-03-09 13:52:42.403Z,2.1852,2.1942,100,100,41.1
2026-03-09 13:52:43.569Z,2.1848,2.1942,100,100,42.9
2026-03-09 13:52:44.229Z,2.1840,2.1960,100,100,54.8
2026-03-09 13:52:45.186Z,2.1855,2.1945,100,100,41.1
2026-03-09 13:52:46.560Z,2.1849,2.1961,100,100,51.1
2026-03-09 13:52:47.311Z,2.1850,2.1956,100,100,48.4
2026-03-09 13:52:48.083Z,2.1846,2.1948,100,100,46.6
2026-03-09 13:52:49.252Z,2.1854,2.1936,100,100,37.5
2026-03-09 13:52:50.673Z,2.1853,2.1941,100,100,40.2
2026-03-09 13:52:51.864Z,2.1838,2.1954,100,100,53.0
2026-03-09 13:52:52.827Z,2.1846,2.1954,100,100,49.3
2026-03-09 13:52:53.639Z,2.1860,2.1950,100,100,41.1
2026-03-09 13:52:54.004Z,2.1845,2.1953,100,100,49.3
2026-03-09 13:52:55.686Z,2.1846,2.1956,100,100,50.2
2026-03-09 13:52:56.178Z,2.1848,2.1954,100,100,48.4
2026-03-09 13:52:57.418Z,2.1839,2.1957,100,100,53.9
2026-03-09 13:52:58.425Z,2.1854,2.1944,100,100,41.1
2026-03-09 13:52:59.385Z,2.1850,2.1950,100,100,45.7
2026-03-09 13:53:00.298Z,2.1847,2.1953,100,100,48.4
2026-03-09 13:53:01.296Z,2.1851,2.1941,100,100,41.1
2026-03-09 13:53:02.149Z,2.1850,2.1944,100,100,42.9
2026-03-09 13:53:03.665Z,2.1836,2.1956,100,100,54.8
2026-03-09 13:53:04.146Z,2.1841,2.1955,100,100,52.1
2026-03-09 13:53:05.306Z,2.1846,2.1952,100,100,48.4
2026-03-09 13:53:06.788Z,2.1857,2.1939,100,100,37.4
2026-03-09 13:53:07.399Z,2.1846,2.1948,100,100,46.6
2026-03-09 13:53:08.524Z,2.1845,2.1949,100,100,47.5
2026-03-09 13:53:09.740Z,2.1847,2.1947,100,100,45.7
2026-03-09 13:53:10.672Z,2.1837,2.1955,100,100,53.9
2026-03-09 13:53:11.465Z,2.1847,2.1961,100,100,52.0
2026-03-09 13:53:12.639Z,2.1858,2.1948,100,100,41.1
2026-03-09 13:53:13.123Z,2.1845,2.1951,100,100,48.4
2026-03-09 13:53:14.161Z,2.1859,2.1949,100,100,41.1
2026-03-09 13:53:15.514Z,2.1858,2.1948,100,100,41.1
2026-03-09 13:53:16.768Z,2.1845,2.1945,100,100,45.7
2026-03-09 13:53:17.850Z,2.1856,2.1946,100,100,41.1
2026-03-09 13:53:18.614Z,2.1853,2.1955,100,100,46.6
2026-03-09 13:53:19.322Z,2.1852,2.1948,100,100,43.8
2026-03-09 13:53:20.197Z,2.1847,2.1945,100,100,44.8
2026-03-09 13:53:21.507Z,2.1843,2.1955,100,100,51.1
2026-03-09 13:53:22.254Z,2.1843,2.1949,100,100,48.4
2026-03-09 13:53:23.265Z,2.1853,2.1953,100,100,45.7
2026-03-09 13:53:24.843Z,2.1848,2.1956,100,100,49.3
2026-03-09 13:53:25.601Z,2.1853,2.1937,100,100,38.4
2026-03-09 13:53:26.215Z,2.1847,2.1963,100,100,53.0
2026-03-09 13:53:27.407Z,2.1856,2.1946,100,100,41.1
2026-03-09 13:53:28.171Z,2.1848,2.1946,100,100,44.8
2026-03-09 13:53:29.078Z,2.1844,2.1964,100,100,54.8
2026-03-09 13:53:30.867Z,2.1836,2.1958,100,100,55.7
2026-03-09 13:53:31.481Z,2.1844,2.1946,100,100,46.6
2026-03-09 13:53:32.481Z,2.1846,2.1962,100,100,53.0
2026-03-09 13:53:33.463Z,2.1845,2.1945,100,100,45.7
2026-03-09 13:53:34.090Z,2.1849,2.1959,100,100,50.2
2026-03-09 13:53:35.481Z,2.1844,2.1958,100,100,52.1
2026-03-09 13:53:36.675Z,2.1864,2.1946,100,100,37.4
2026-03-09 13:53:37.282Z,2.1835,2.1957,100,100,55.7
2026-03-09 13:53:38.831Z,2.1840,2.1952,100,100,51.2
2026-03-09 13:53:39.380Z,2.1844,2.1956,100,100,51.1
2026-03-09 13:53:40.621Z,2.1843,2.1953,100,100,50.2
2026-03-09 13:53:41.318Z,2.1840,2.1960,100,100,54.8
2026-03-09 13:53:42.654Z,2.1856,2.1938,100,100,37.4
2026-03-09 13:53:43.453Z,2.1848,2.1946,100,100,44.8
2026-03-09 13:53:44.548Z,2.1849,2.1943,100,100,42.9
2026-03-09 13:53:45.262Z,2.1846,2.1944,100,100,44.8
2026-03-09 13:53:46.700Z,2.1844,2.1946,100,100,46.6
2026-03-09 13:53:47.037Z,2.1838,2.1956,100,100,53.9
2026-03-09 13:53:48.320Z,2.1846,2.1956,100,100,50.2
2026-03-09 13:53:49.794Z,2.1854,2.1950,100,100,43.8
2026-03-09 13:53:50.880Z,2.1849,2.1957,100,100,49.3
2026-03-09 13:53:51.320Z,2.1848,2.1958,100,100,50.2
2026-03-09 13:53:52.829Z,2.1843,2.1953,100,100,50.2
2026-03-09 13:53:53.144Z,2.1853,2.1949,100,100,43.8
2026-03-09 13:53:54.529Z,2.1839,2.1951,100,100,51.2
2026-03-09 13:53:55.811Z,2.1842,2.1956,100,100,52.1
2026-03-09 13:53:56.813Z,2.1844,2.1946,100,100,46.6
2026-03-09 13:53:57.091Z,2.1848,2.1952,100,100,47.5
2026-03-09 13:53:58.260Z,2.1840,2.1958,100,100,53.9
2026-03-09 13:53:59.603Z,2.1845,2.1955,100,100,50.2
2026-03-09 13:54:00.422Z,2.1759,2.1841,100,100,37.6
2026-03-09 13:54:01.189Z,2.1762,2.1844,100,100,37.6
2026-03-09 13:54:02.512Z,2.1738,2.1858,100,100,55.1
2026-03-09 13:54:03.783Z,2.1745,2.1851,100,100,48.6
2026-03-09 13:54:04.465Z,2.1742,2.1862,100,100,55.0
2026-03-09 13:54:05.433Z,2.1760,2.1850,100,100,41.3
2026-03-09 13:54:06.549Z,2.1748,2.1854,100,100,48.6
2026-03-09 13:54:07.592Z,2.1756,2.1852,100,100,44.0
2026-03-09 13:54:08.109Z,2.1753,2.1849,100,100,44.0
2026-03-09 13:54:09.484Z,2.1753,2.1845,100,100,42.2
2026-03-09 13:54:10.202Z,2.1758,2.1850,100,100,42.2
2026-03-09 13:54:11.462Z,2.1743,2.1849,100,100,48.6
2026-03-09 13:54:12.894Z,2.1746,2.1850,100,100,47.7
2026-03-09 13:54:13.859Z,2.1757,2.1841,100,100,38.5
2026-03-09 13:54:14.475Z,2.1753,2.1839,100,100,39.5
2026-03-09 13:54:15.126Z,2.1752,2.1850,100,100,45.0
2026-03-09 13:54:16.180Z,2.1753,2.1837,100,100,38.5
2026-03-09 13:54:17.346Z,2.1755,2.1849,100,100,43.1
2026-03-09 13:54:18.106Z,2.1743,2.1861,100,100,54.1
2026-03-09 13:54:19.497Z,2.1740,2.1852,100,100,51.4
2026-03-09 13:54:20.419Z,2.1753,2.1857,100,100,47.7
2026-03-09 13:54:21.076Z,2.1746,2.1850,100,100,47.7
2026-03-09 13:54:22.131Z,2.1751,2.1853,100,100,46.8
2026-03-09 13:54:23.854Z,2.1757,2.1847,100,100,41.3
2026-03-09 13:54:24.604Z,2.1741,2.1857,100,100,53.2
2026-03-09 13:54:25.501Z,2.1755,2.1837,100,100,37.6
2026-03-09 13:54:26.385Z,2.1750,2.1860,100,100,50.4
2026-03-09 13:54:27.625Z,2.1740,2.1854,100,100,52.3
2026-03-09 13:54:28.769Z,2.1737,2.1855,100,100,54.1
2026-03-09 13:54:29.536Z,2.1752,2.1848,100,100,44.0
2026-03-09 13:54:30.263Z,2.1747,2.1853,100,100,48.6
2026-03-09 13:54:31.541Z,2.1741,2.1855,100,100,52.3
2026-03-09 13:54:32.069Z,2.1752,2.1854,100,100,46.8
2026-03-09 13:54:33.469Z,2.1750,2.1846,100,100,44.0
2026-03-09 13:54:34.178Z,2.1752,2.1842,100,100,41.3
2026-03-09 13:54:35.641Z,2.1757,2.1851,100,100,43.1
2026-03-09 13:54:36.188Z,2.1752,2.1838,100,100,39.5
2026-03-09 13:54:37.717Z,2.1758,2.1852,100,100,43.1
2026-03-09 13:54:38.806Z,2.1742,2.1856,100,100,52.3
2026-03-09 13:54:39.322Z,2.1755,2.1847,100,100,42.2
2026-03-09 13:54:40.247Z,2.1756,2.1846,100,100,41.3
2026-03-09 13:54:41.053Z,2.1744,2.1846,100,100,46.8
2026-03-09 13:54:42.295Z,2.1757,2.1847,100,100,41.3
2026-03-09 13:54:43.004Z,2.1758,2.1850,100,100,42.2
2026-03-09 13:54:44.241Z,2.1741,2.1851,100,100,50.5
2026-03-09 13:54:45.394Z,2.1741,2.1851,100,100,50.5
2026-03-09 13:54:46.411Z,2.1743,2.1859,100,100,53.2
2026-03-09 13:54:47.868Z,2.1750,2.1856,100,100,48.6
2026-03-09 13:54:48.298Z,2.1743,2.1859,100,100,53.2
2026-03-09 13:54:49.650Z,2.1742,2.1850,100,100,49.6
2026-03-09 13:54:50.086Z,2.1742,2.1852,100,100,50.5
2026-03-09 13:54:51.580Z,2.1754,2.1838,100,100,38.5
2026-03-09 13:54:52.274Z,2.1755,2.1839,100,100,38.5
2026-03-09 13:54:53.455Z,2.1757,2.1841,100,100,38.5
2026-03-09 13:54:54.335Z,2.1748,2.1856,100,100,49.5
2026-03-09 13:54:55.353Z,2.1733,2.1857,100,100,56.9
2026-03-09 13:54:56.722Z,2.1741,2.1849,100,100,49.6
2026-03-09 13:54:57.653Z,2.1754,2.1850,100,100,44.0
2026-03-09 13:54:58.767Z,2.1752,2.1856,100,100,47.7
2026-03-09 13:54:59.201Z,2.1755,2.1845,100,100,41.3
2026-03-09 13:55:00.659Z,2.1741,2.1859,100,100,54.1
2026-03-09 13:55:01.490Z,2.1746,2.1864,100,100,54.1
2026-03-09 13:55:02.671Z,2.1754,2.1856,100,100,46.8
2026-03-09 13:55:03.741Z,2.1756,2.1842,100,100,39.5
2026-03-09 13:55:04.130Z,2.1741,2.1851,100,100,50.5
2026-03-09 13:55:05.054Z,2.1746,2.1858,100,100,51.4
2026-03-09 13:55:06.395Z,2.1750,2.1846,100,100,44.0
2026-03-09 13:55:07.512Z,2.1746,2.1848,100,100,46.8
2026-03-09 13:55:08.404Z,2.1744,2.1860,100,100,53.2
2026-03-09 13:55:09.789Z,2.1753,2.1839,100,100,39.5
2026-03-09 13:55:10.691Z,2.1753,2.1845,100,100,42.2
2026-03-09 13:55:11.004Z,2.1757,2.1849,100,100,42.2
2026-03-09 13:55:12.722Z,2.1756,2.1854,100,100,44.9
2026-03-09 13:55:13.371Z,2.1759,2.1843,100,100,38.5
2026-03-09 13:55:14.275Z,2.1746,2.1858,100,100,51.4
2026-03-09 13:55:15.304Z,2.1744,2.1852,100,100,49.5
2026-03-09 13:55:16.877Z,2.1751,2.1859,100,100,49.5
2026-03-09 13:55:17.177Z,2.1742,2.1862,100,100,55.0
2026-03-09 13:55:18.272Z,2.1747,2.1847,100,100,45.9
2026-03-09 13:55:19.013Z,2.1760,2.1844,100,100,38.5
2026-03-09 13:55:20.724Z,2.1747,2.1861,100,100,52.3
2026-03-09 13:55:21.865Z,2.1739,2.1857,100,100,54.1
2026-03-09 13:55:22.303Z,2.1753,2.1837,100,100,38.5
2026-03-09 13:55:23.187Z,2.1748,2.1858,100,100,50.5
2026-03-09 13:55:24.414Z,2.1756,2.1842,100,100,39.5
2026-03-09 13:55:25.794Z,2.1750,2.1848,100,100,45.0
2026-03-09 13:55:26.245Z,2.1735,2.1855,100,100,55.1
2026-03-09 13:55:27.142Z,2.1748,2.1846,100,100,45.0
2026-03-09 13:55:28.311Z,2.1749,2.1845,100,100,44.0
2026-03-09 13:55:29.219Z,2.1756,2.1840,100,100,38.5
2026-03-09 13:55:30.339Z,2.1753,2.1841,100,100,40.4
2026-03-09 13:55:31.644Z,2.1755,2.1843,100,100,40.4
2026-03-09 13:55:32.444Z,2.1747,2.1861,100,100,52.3
2026-03-09 13:55:33.360Z,2.1757,2.1839,100,100,37.6
2026-03-09 13:55:34.701Z,2.1743,2.1849,100,100,48.6
2026-03-09 13:55:35.043Z,2.1743,2.1857,100,100,52.3
2026-03-09 13:55:36.711Z,2.1753,2.1847,100,100,43.1
2026-03-09 13:55:37.058Z,2.1758,2.1844,100,100,39.4
2026-03-09 13:55:38.877Z,2.1745,2.1857,100,100,51.4
2026-03-09 13:55:39.492Z,2.1761,2.1843,100,100,37.6
2026-03-09 13:55:40.211Z,2.1736,2.1854,100,100,54.1
2026-03-09 13:55:41.669Z,2.1736,2.1854,100,100,54.1
2026-03-09 13:55:42.840Z,2.1740,2.1862,100,100,56.0
2026-03-09 13:55:43.110Z,2.1751,2.1855,100,100,47.7
2026-03-09 13:55:44.241Z,2.1736,2.1858,100,100,56.0
2026-03-09 13:55:45.869Z,2.1741,2.1857,100,100,53.2
2026-03-09 13:55:46.007Z,2.1748,2.1844,100,100,44.0
2026-03-09 13:55:47.858Z,2.1744,2.1850,100,100,48.6
2026-03-09 13:55:48.096Z,2.1744,2.1858,100,100,52.3
2026-03-09 13:55:49.004Z,2.1750,2.1858,100,100,49.5
2026-03-09 13:55:50.890Z,2.1754,2.1850,100,100,44.0
2026-03-09 13:55:51.225Z,2.1746,2.1846,100,100,45.9
2026-03-09 13:55:52.793Z,2.1736,2.1854,100,100,54.1
2026-03-09 13:55:53.520Z,2.1758,2.1852,100,100,43.1
2026-03-09 13:55:54.426Z,2.1745,2.1857,100,100,51.4
2026-03-09 13:55:55.416Z,2.1752,2.1842,100,100,41.3
2026-03-09 13:55:56.279Z,2.1762,2.1846,100,100,38.5
2026-03-09 13:55:57.574Z,2.1746,2.1846,100,100,45.9
2026-03-09 13:55:58.467Z,2.1752,2.1838,100,100,39.5
2026-03-09 13:55:59.167Z,2.1759,2.1841,100,100,37.6
2026-03-09 13:56:00.251Z,2.1758,2.1842,100,100,38.5
2026-03-09 13:56:01.372Z,2.1745,2.1865,100,100,55.0
2026-03-09 13:56:02.722Z,2.1754,2.1842,100,100,40.4
2026-03-09 13:56:03.852Z,2.1737,2.1857,100,100,55.1
2026-03-09 13:56:04.789Z,2.1752,2.1852,100,100,45.9
2026-03-09 13:56:05.099Z,2.1755,2.1839,100,100,38.5
2026-03-09 13:56:06.624Z,2.1744,2.1864,100,100,55.0
2026-03-09 13:56:07.876Z,2.1765,2.1845,100,100,36.7
2026-03-09 13:56:08.348Z,2.1746,2.1844,100,100,45.0
2026-03-09 13:56:09.558Z,2.1750,2.1854,100,100,47.7
2026-03-09 13:56:10.140Z,2.1757,2.1843,100,100,39.4
2026-03-09 13:56:11.758Z,2.1742,2.1862,100,100,55.0
2026-03-09 13:56:12.345Z,2.1750,2.1848,100,100,45.0
2026-03-09 13:56:13.818Z,2.1757,2.1851,100,100,43.1
2026-03-09 13:56:14.850Z,2.1744,2.1856,100,100,51.4
2026-03-09 13:56:15.489Z,2.1735,2.1857,100,100,56.0
2026-03-09 13:56:16.517Z,2.1762,2.1844,100,100,37.6
2026-03-09 13:56:17.518Z,2.1754,2.1846,100,100,42.2
2026-03-09 13:56:18.896Z,2.1741,2.1853,100,100,51.4
2026-03-09 13:56:19.859Z,2.1737,2.1857,100,100,55.1
2026-03-09 13:56:20.308Z,2.1745,2.1853,100,100,49.5
2026-03-09 13:56:21.351Z,2.1759,2.1845,100,100,39.4
2026-03-09 13:56:22.776Z,2.1746,2.1868,100,100,55.9
2026-03-09 13:56:23.342Z,2.1766,2.1864,100,100,44.9
2026-03-09 13:56:24.565Z,2.1763,2.1871,100,100,49.5
2026-03-09 13:56:25.153Z,2.1783,2.1871,100,100,40.3
2026-03-09 13:56:26.504Z,2.1784,2.1898,100,100,52.2
2026-03-09 13:56:27.833Z,2.1801,2.1885,100,100,38.5
2026-03-09 13:56:28.401Z,2.1802,2.1896,100,100,43.0
2026-03-09 13:56:29.021Z,2.1812,2.1900,100,100,40.3
2026-03-09 13:56:30.519Z,2.1812,2.1910,100,100,44.8
2026-03-09 13:56:31.614Z,2.1817,2.1921,100,100,47.6
2026-03-09 13:56:32.261Z,2.1835,2.1923,100,100,40.2
2026-03-09 13:56:33.166Z,2.1838,2.1918,100,100,36.6
2026-03-09 13:56:34.267Z,2.1824,2.1942,100,100,53.9
2026-03-09 13:56:35.322Z,2.1838,2.1948,100,100,50.2
2026-03-09 13:56:36.053Z,2.1848,2.1942,100,100,42.9
2026-03-09 13:56:37.159Z,2.1837,2.1951,100,100,52.1
2026-03-09 13:56:38.381Z,2.1843,2.1967,100,100,56.6
2026-03-09 13:56:39.313Z,2.1844,2.1948,100,100,47.5
2026-03-09 13:56:40.019Z,2.1853,2.1941,100,100,40.2
2026-03-09 13:56:41.627Z,2.1845,2.1947,100,100,46.6
2026-03-09 13:56:42.069Z,2.1853,2.1945,100,100,42.0
2026-03-09 13:56:43.853Z,2.1850,2.1944,100,100,42.9
2026-03-09 13:56:44.314Z,2.1840,2.1946,100,100,48.4
2026-03-09 13:56:45.313Z,2.1845,2.1929,100,100,38.4
2026-03-09 13:56:46.782Z,2.1845,2.1945,100,100,45.7
2026-03-09 13:56:47.788Z,2.1852,2.1938,100,100,39.3
2026-03-09 13:56:48.569Z,2.1850,2.1936,100,100,39.3
2026-03-09 13:56:49.129Z,2.1853,2.1939,100,100,39.3
2026-03-09 13:56:50.039Z,2.1827,2.1949,100,100,55.7
2026-03-09 13:56:51.398Z,2.1840,2.1958,100,100,53.9
2026-03-09 13:56:52.588Z,2.1840,2.1948,100,100,49.3
2026-03-09 13:56:53.609Z,2.1842,2.1954,100,100,51.1
2026-03-09 13:56:54.698Z,2.1834,2.1954,100,100,54.8
2026-03-09 13:56:55.176Z,2.1847,2.1959,100,100,51.1
2026-03-09 13:56:56.186Z,2.1862,2.1942,100,100,36.5
2026-03-09 13:56:57.833Z,2.1833,2.1955,100,100,55.7
2026-03-09 13:56:58.074Z,2.1837,2.1957,100,100,54.8
2026-03-09 13:56:59.887Z,2.1847,2.1953,100,100,48.4
2026-03-09 13:57:00.792Z,2.1843,2.1957,100,100,52.1
2026-03-09 13:57:01.281Z,2.1848,2.1948,100,100,45.7
2026-03-09 13:57:02.879Z,2.1847,2.1949,100,100,46.6
2026-03-09 13:57:03.044Z,2.1836,2.1956,100,100,54.8
2026-03-09 13:57:04.582Z,2.1856,2.1954,100,100,44.7
2026-03-09 13:57:05.229Z,2.1844,2.1950,100,100,48.4
2026-03-09 13:57:06.725Z,2.1846,2.1946,100,100,45.7
2026-03-09 13:57:07.478Z,2.1851,2.1953,100,100,46.6
2026-03-09 13:57:08.773Z,2.1854,2.1952,100,100,44.7
2026-03-09 13:57:09.087Z,2.1840,2.1952,100,100,51.2
2026-03-09 13:57:10.333Z,2.1852,2.1954,100,100,46.6
2026-03-09 13:57:11.468Z,2.1856,2.1952,100,100,43.8
2026-03-09 13:57:12.700Z,2.1844,2.1948,100,100,47.5
2026-03-09 13:57:13.430Z,2.1846,2.1958,100,100,51.1
2026-03-09 13:57:14.521Z,2.1845,2.1965,100,100,54.8
2026-03-09 13:57:15.169Z,2.1850,2.1948,100,100,44.8
2026-03-09 13:57:16.509Z,2.1844,2.1948,100,100,47.5
2026-03-09 13:57:17.321Z,2.1842,2.1948,100,100,48.4
2026-03-09 13:57:18.150Z,2.1846,2.1960,100,100,52.0
2026-03-09 13:57:19.311Z,2.1846,2.1960,100,100,52.0
2026-03-09 13:57:20.326Z,2.1847,2.1955,100,100,49.3
2026-03-09 13:57:21.361Z,2.1848,2.1952,100,100,47.5
2026-03-09 13:57:22.119Z,2.1849,2.1957,100,100,49.3
2026-03-09 13:57:23.208Z,2.1845,2.1961,100,100,53.0
2026-03-09 13:57:24.768Z,2.1857,2.1947,100,100,41.1
2026-03-09 13:57:25.747Z,2.1851,2.1957,100,100,48.4
2026-03-09 13:57:26.324Z,2.1842,2.1958,100,100,53.0
2026-03-09 13:57:27.796Z,2.1852,2.1948,100,100,43.8
2026-03-09 13:57:28.708Z,2.1853,2.1949,100,100,43.8
2026-03-09 13:57:29.456Z,2.1861,2.1941,100,100,36.5
2026-03-09 13:57:30.406Z,2.1855,2.1955,100,100,45.7
2026-03-09 13:57:31.095Z,2.1850,2.1950,100,100,45.7
2026-03-09 13:57:32.719Z,2.1856,2.1950,100,100,42.9
2026-03-09 13:57:33.254Z,2.1850,2.1958,100,100,49.3
2026-03-09 13:57:34.754Z,2.1858,2.1950,100,100,42.0
2026-03-09 13:57:35.403Z,2.1844,2.1954,100,100,50.2
2026-03-09 13:57:36.739Z,2.1857,2.1949,100,100,42.0
2026-03-09 13:57:37.819Z,2.1851,2.1951,100,100,45.7
2026-03-09 13:57:38.402Z,2.1852,2.1958,100,100,48.4
2026-03-09 13:57:39.409Z,2.1853,2.1951,100,100,44.7
2026-03-09 13:57:40.735Z,2.1859,2.1947,100,100,40.2
2026-03-09 13:57:41.132Z,2.1846,2.1952,100,100,48.4
2026-03-09 13:57:42.399Z,2.1842,2.1960,100,100,53.9
2026-03-09 13:57:43.505Z,2.1844,2.1966,100,100,55.7
2026-03-09 13:57:44.725Z,2.1839,2.1953,100,100,52.1
2026-03-09 13:57:45.200Z,2.1846,2.1952,100,100,48.4
2026-03-09 13:57:46.035Z,2.1836,2.1954,100,100,53.9
2026-03-09 13:57:47.581Z,2.1844,2.1948,100,100,47.5
2026-03-09 13:57:48.266Z,2.1847,2.1943,100,100,43.8
2026-03-09 13:57:49.461Z,2.1838,2.1954,100,100,53.0
2026-03-09 13:57:50.427Z,2.1854,2.1956,100,100,46.6
2026-03-09 13:57:51.061Z,2.1861,2.1943,100,100,37.4
2026-03-09 13:57:52.492Z,2.1846,2.1946,100,100,45.7
2026-03-09 13:57:53.518Z,2.1850,2.1954,100,100,47.5
2026-03-09 13:57:54.871Z,2.1850,2.1956,100,100,48.4
2026-03-09 13:57:55.365Z,2.1842,2.1960,100,100,53.9
2026-03-09 13:57:56.299Z,2.1857,2.1943,100,100,39.3
2026-03-09 13:57:57.553Z,2.1855,2.1945,100,100,41.1
2026-03-09 13:57:58.557Z,2.1849,2.1949,100,100,45.7
2026-03-09 13:57:59.766Z,2.1849,2.1951,100,100,46.6
2026-03-09 13:59:00.679Z,2.1850,2.1950,100,100,45.7
2026-03-09 13:59:01.771Z,2.1850,2.1944,100,100,42.9
2026-03-09 13:59:02.019Z,2.1840,2.1960,100,100,54.8
2026-03-09 13:59:03.093Z,2.1844,2.1964,100,100,54.8
2026-03-09 13:59:04.478Z,2.1851,2.1939,100,100,40.2
2026-03-09 13:59:05.473Z,2.1857,2.1953,100,100,43.8
2026-03-09 13:59:06.346Z,2.1855,2.1953,100,100,44.7
2026-03-09 13:59:07.767Z,2.1858,2.1950,100,100,42.0
2026-03-09 13:59:08.639Z,2.1851,2.1941,100,100,41.1
2026-03-09 13:59:09.275Z,2.1850,2.1956,100,100,48.4
2026-03-09 13:59:10.070Z,2.1848,2.1948,100,100,45.7
2026-03-09 13:59:11.604Z,2.1847,2.1957,100,100,50.2
2026-03-09 13:59:12.528Z,2.1856,2.1950,100,100,42.9
2026-03-09 13:59:13.512Z,2.1857,2.1941,100,100,38.4
2026-03-09 13:59:14.716Z,2.1861,2.1947,100,100,39.3
2026-03-09 13:59:15.347Z,2.1849,2.1943,100,100,42.9
2026-03-09 13:59:16.857Z,2.1860,2.1944,100,100,38.4
2026-03-09 13:59:17.853Z,2.1836,2.1956,100,100,54.8
2026-03-09 13:59:18.146Z,2.1852,2.1944,100,100,42.0
2026-03-09 13:59:19.327Z,2.1839,2.1959,100,100,54.8
2026-03-09 13:59:20.244Z,2.1862,2.1948,100,100,39.3
2026-03-09 13:59:21.861Z,2.1858,2.1946,100,100,40.2
2026-03-09 13:59:22.352Z,2.1858,2.1948,100,100,41.1
2026-03-09 13:59:23.479Z,2.1857,2.1943,100,100,39.3
2026-03-09 13:59:24.577Z,2.1858,2.1950,100,100,42.0
2026-03-09 13:59:25.476Z,2.1860,2.1948,100,100,40.2
2026-03-09 13:59:26.363Z,2.1855,2.1951,100,100,43.8
2026-03-09 13:59:27.790Z,2.1849,2.1953,100,100,47.5
2026-03-09 13:59:28.701Z,2.1847,2.1961,100,100,52.0
2026-03-09 13:59:29.819Z,2.1847,2.1957,100,100,50.2
2026-03-09 13:59:30.212Z,2.1834,2.1956,100,100,55.7
2026-03-09 13:59:31.018Z,2.1845,2.1959,100,100,52.1
2026-03-09 13:59:32.660Z,2.1848,2.1960,100,100,51.1
2026-03-09 13:59:33.022Z,2.1846,2.1946,100,100,45.7
2026-03-09 13:59:34.846Z,2.1854,2.1938,100,100,38.4
2026-03-09 13:59:35.751Z,2.1855,2.1943,100,100,40.2
2026-03-09 13:59:36.746Z,2.1835,2.1957,100,100,55.7
2026-03-09 13:59:37.397Z,2.1849,2.1943,100,100,42.9
2026-03-09 13:59:38.120Z,2.1845,2.1955,100,100,50.2
2026-03-09 13:59:39.891Z,2.1856,2.1940,100,100,38.4
2026-03-09 13:59:40.445Z,2.1838,2.1956,100,100,53.9
2026-03-09 13:59:41.134Z,2.1845,2.1965,100,100,54.8
2026-03-09 13:59:42.785Z,2.1845,2.1957,100,100,51.1
2026-03-09 13:59:43.675Z,2.1859,2.1949,100,100,41.1
2026-03-09 13:59:44.612Z,2.1848,2.1946,100,100,44.8
2026-03-09 13:59:45.229Z,2.1840,2.1952,100,100,51.2
2026-03-09 13:59:46.679Z,2.1847,2.1957,100,100,50.2
2026-03-09 13:59:47.782Z,2.1851,2.1949,100,100,44.7
2026-03-09 13:59:48.507Z,2.1861,2.1949,100,100,40.2
2026-03-09 13:59:49.328Z,2.1847,2.1951,100,100,47.5
2026-03-09 13:59:50.683Z,2.1854,2.1946,100,100,42.0
2026-03-09 13:59:51.102Z,2.1853,2.1937,100,100,38.4
2026-03-09 13:59:52.314Z,2.1861,2.1945,100,100,38.4
2026-03-09 13:59:53.192Z,2.1846,2.1956,100,100,50.2
2026-03-09 13:59:54.296Z,2.1850,2.1944,100,100,42.9
2026-03-09 13:59:55.459Z,2.1855,2.1941,100,100,39.3
2026-03-09 13:59:56.650Z,2.1844,2.1954,100,100,50.2
2026-03-09 13:59:57.430Z,2.1835,2.1955,100,100,54.8
2026-03-09 13:59:58.743Z,2.1851,2.1959,100,100,49.3
2026-03-09 13:59:59.471Z,2.1848,2.1952,100,100,47.5
2026-03-09 14:00:00.276Z,2.1746,2.1854,100,100,49.5
2026-03-09 14:00:01.552Z,2.1752,2.1846,100,100,43.1
2026-03-09 14:00:02.311Z,2.1739,2.1855,100,100,53.2
2026-03-09 14:00:03.348Z,2.1740,2.1858,100,100,54.1
2026-03-09 14:00:04.655Z,2.1754,2.1854,100,100,45.9
2026-03-09 14:00:05.586Z,2.1756,2.1846,100,100,41.3
2026-03-09 14:00:06.042Z,2.1758,2.1844,100,100,39.4
2026-03-09 14:00:07.844Z,2.1751,2.1851,100,100,45.9
2026-03-09 14:00:08.044Z,2.1749,2.1861,100,100,51.4
2026-03-09 14:00:09.179Z,2.1757,2.1849,100,100,42.2
2026-03-09 14:00:10.823Z,2.1753,2.1841,100,100,40.4
2026-03-09 14:00:11.760Z,2.1756,2.1852,100,100,44.0
2026-03-09 14:00:12.374Z,2.1760,2.1842,100,100,37.6
2026-03-09 14:00:13.184Z,2.1759,2.1843,100,100,38.5
2026-03-09 14:00:14.796Z,2.1742,2.1860,100,100,54.1
2026-03-09 14:00:15.892Z,2.1758,2.1846,100,100,40.4
2026-03-09 14:00:16.322Z,2.1748,2.1852,100,100,47.7
2026-03-09 14:00:17.805Z,2.1749,2.1861,100,100,51.4
2026-03-09 14:00:18.541Z,2.1736,2.1858,100,100,56.0
2026-03-09 14:00:19.031Z,2.1746,2.1858,100,100,51.4
2026-03-09 14:00:20.076Z,2.1743,2.1853,100,100,50.5
2026-03-09 14:00:21.847Z,2.1755,2.1841,100,100,39.5
2026-03-09 14:00:22.573Z,2.1750,2.1842,100,100,42.2
2026-03-09 14:00:23.735Z,2.1744,2.1862,100,100,54.1
2026-03-09 14:00:24.446Z,2.1746,2.1864,100,100,54.1
2026-03-09 14:00:25.863Z,2.1740,2.1856,100,100,53.2
2026-03-09 14:00:26.212Z,2.1747,2.1859,100,100,51.4
2026-03-09 14:00:27.607Z,2.1746,2.1862,100,100,53.2
2026-03-09 14:00:28.670Z,2.1745,2.1865,100,100,55.0
2026-03-09 14:00:29.270Z,2.1741,2.1861,100,100,55.0
2026-03-09 14:00:30.158Z,2.1741,2.1849,100,100,49.6
2026-03-09 14:00:31.128Z,2.1741,2.1865,100,100,56.9
2026-03-09 14:00:32.121Z,2.1741,2.1849,100,100,49.6
2026-03-09 14:00:33.833Z,2.1753,2.1845,100,100,42.2
2026-03-09 14:00:34.839Z,2.1744,2.1866,100,100,56.0
2026-03-09 14:00:35.453Z,2.1749,2.1841,100,100,42.2
2026-03-09 14:00:36.008Z,2.1757,2.1849,100,100,42.2
2026-03-09 14:00:37.543Z,2.1759,2.1847,100,100,40.4
2026-03-09 14:00:38.621Z,2.1755,2.1847,100,100,42.2
2026-03-09 14:00:39.125Z,2.1757,2.1839,100,100,37.6
2026-03-09 14:00:40.062Z,2.1758,2.1842,100,100,38.5
2026-03-09 14:00:41.193Z,2.1741,2.1855,100,100,52.3
2026-03-09 14:00:42.847Z,2.1746,2.1864,100,100,54.1
2026-03-09 14:00:43.830Z,2.1737,2.1853,100,100,53.2
2026-03-09 14:00:44.631Z,2.1745,2.1853,100,100,49.5
2026-03-09 14:00:45.567Z,2.1760,2.1840,100,100,36.7
2026-03-09 14:00:46.424Z,2.1745,2.1857,100,100,51.4
2026-03-09 14:00:47.819Z,2.1761,2.1845,100,100,38.5
2026-03-09 14:00:48.686Z,2.1746,2.1864,100,100,54.1
2026-03-09 14:00:49.739Z,2.1749,2.1859,100,100,50.4
2026-03-09 14:00:50.347Z,2.1739,2.1851,100,100,51.4
2026-03-09 14:00:51.369Z,2.1750,2.1846,100,100,44.0
2026-03-09 14:00:52.180Z,2.1744,2.1858,100,100,52.3
2026-03-09 14:00:53.156Z,2.1759,2.1851,100,100,42.2
2026-03-09 14:00:54.762Z,2.1743,2.1847,100,100,47.7
2026-03-09 14:00:55.692Z,2.1741,2.1859,100,100,54.1
2026-03-09 14:00:56.808Z,2.1756,2.1838,100,100,37.6
2026-03-09 14:00:57.704Z,2.1745,2.1855,100,100,50.5
2026-03-09 14:00:58.473Z,2.1752,2.1848,100,100,44.0
2026-03-09 14:00:59.852Z,2.1757,2.1843,100,100,39.4
2026-03-09 14:05:00.346Z,2.1748,2.1852,100,100,47.7
2026-03-09 14:05:01.708Z,2.1744,2.1858,100,100,52.3
2026-03-09 14:05:02.263Z,2.1746,2.1862,100,100,53.2
2026-03-09 14:05:03.543Z,2.1753,2.1855,100,100,46.8
2026-03-09 14:05:04.680Z,2.1762,2.1844,100,100,37.6
2026-03-09 14:05:05.265Z,2.1756,2.1842,100,100,39.5
2026-03-09 14:05:06.171Z,2.1740,2.1856,100,100,53.2
2026-03-09 14:05:07.235Z,2.1742,2.1862,100,100,55.0
2026-03-09 14:05:08.136Z,2.1752,2.1850,100,100,45.0
2026-03-09 14:05:09.084Z,2.1739,2.1857,100,100,54.1
2026-03-09 14:05:10.883Z,2.1756,2.1838,100,100,37.6
2026-03-09 14:05:11.326Z,2.1755,2.1847,100,100,42.2
2026-03-09 14:05:12.632Z,2.1753,2.1851,100,100,45.0
2026-03-09 14:05:13.379Z,2.1736,2.1858,100,100,56.0
2026-03-09 14:05:14.590Z,2.1743,2.1867,100,100,56.9
2026-03-09 14:05:15.275Z,2.1752,2.1838,100,100,39.5
2026-03-09 14:05:16.369Z,2.1755,2.1855,100,100,45.9
2026-03-09 14:05:17.139Z,2.1740,2.1854,100,100,52.3
2026-03-09 14:05:18.023Z,2.1757,2.1843,100,100,39.4
2026-03-09 14:05:19.659Z,2.1752,2.1850,100,100,45.0
2026-03-09 14:05:20.127Z,2.1746,2.1852,100,100,48.6
2026-03-09 14:05:21.896Z,2.1746,2.1854,100,100,49.5
2026-03-09 14:05:22.265Z,2.1752,2.1840,100,100,40.4
2026-03-09 14:05:23.301Z,2.1751,2.1847,100,100,44.0
2026-03-09 14:05:24.629Z,2.1757,2.1841,100,100,38.5
2026-03-09 14:05:25.505Z,2.1746,2.1846,100,100,45.9
2026-03-09 14:05:26.792Z,2.1737,2.1855,100,100,54.1
2026-03-09 14:05:27.726Z,2.1741,2.1865,100,100,56.9
2026-03-09 14:05:28.423Z,2.1743,2.1859,100,100,53.2
2026-03-09 14:05:29.760Z,2.1749,2.1845,100,100,44.0
2026-03-09 14:05:30.353Z,2.1756,2.1842,100,100,39.5
2026-03-09 14:05:31.025Z,2.1750,2.1852,100,100,46.8
2026-03-09 14:05:32.496Z,2.1734,2.1856,100,100,56.0
2026-03-09 14:05:33.321Z,2.1759,2.1851,100,100,42.2
2026-03-09 14:05:34.325Z,2.1738,2.1852,100,100,52.3
2026-03-09 14:05:35.753Z,2.1739,2.1855,100,100,53.2
2026-03-09 14:05:36.203Z,2.1753,2.1855,100,100,46.8
2026-03-09 14:05:37.691Z,2.1753,2.1843,100,100,41.3
2026-03-09 14:05:38.270Z,2.1754,2.1836,100,100,37.6
2026-03-09 14:05:39.449Z,2.1741,2.1855,100,100,52.3
2026-03-09 14:05:40.592Z,2.1746,2.1850,100,100,47.7
2026-03-09 14:05:41.631Z,2.1758,2.1844,100,100,39.4
2026-03-09 14:05:42.137Z,2.1749,2.1861,100,100,51.4
2026-03-09 14:05:43.073Z,2.1741,2.1853,100,100,51.4
2026-03-09 14:05:44.134Z,2.1753,2.1841,100,100,40.4
2026-03-09 14:05:45.304Z,2.1746,2.1852,100,100,48.6
2026-03-09 14:05:46.036Z,2.1746,2.1846,100,100,45.9
2026-03-09 14:05:47.547Z,2.1743,2.1853,100,100,50.5
2026-03-09 14:05:48.583Z,2.1754,2.1856,100,100,46.8
2026-03-09 14:05:49.512Z,2.1735,2.1857,100,100,56.0
2026-03-09 14:05:50.740Z,2.1752,2.1850,100,100,45.0
2026-03-09 14:05:51.423Z,2.1747,2.1851,100,100,47.7
2026-03-09 14:05:52.083Z,2.1747,2.1851,100,100,47.7
2026-03-09 14:05:53.599Z,2.1758,2.1852,100,100,43.1
2026-03-09 14:05:54.314Z,2.1752,2.1850,100,100,45.0
2026-03-09 14:05:55.634Z,2.1748,2.1852,100,100,47.7
2026-03-09 14:05:56.370Z,2.1757,2.1841,100,100,38.5
2026-03-09 14:05:57.607Z,2.1748,2.1852,100,100,47.7
2026-03-09 14:05:58.025Z,2.1740,2.1858,100,100,54.1
2026-03-09 14:05:59.024Z,2.1744,2.1856,100,100,51.4
2026-03-09 14:06:00.766Z,2.1658,2.1742,100,100,38.7
2026-03-09 14:06:01.646Z,2.1646,2.1762,100,100,53.4
2026-03-09 14:06:02.014Z,2.1640,2.1758,100,100,54.4
2026-03-09 14:06:03.586Z,2.1650,2.1748,100,100,45.2
2026-03-09 14:06:04.295Z,2.1661,2.1745,100,100,38.7
2026-03-09 14:06:05.441Z,2.1647,2.1743,100,100,44.2
2026-03-09 14:06:06.247Z,2.1643,2.1759,100,100,53.5
2026-03-09 14:06:07.802Z,2.1647,2.1751,100,100,47.9
2026-03-09 14:06:08.238Z,2.1654,2.1754,100,100,46.1
2026-03-09 14:06:09.751Z,2.1652,2.1752,100,100,46.1
2026-03-09 14:06:10.584Z,2.1640,2.1750,100,100,50.7
2026-03-09 14:06:11.727Z,2.1652,2.1744,100,100,42.4
2026-03-09 14:06:12.355Z,2.1654,2.1736,100,100,37.8
2026-03-09 14:06:13.165Z,2.1654,2.1736,100,100,37.8
2026-03-09 14:06:14.090Z,2.1640,2.1750,100,100,50.7
2026-03-09 14:06:15.813Z,2.1657,2.1741,100,100,38.7
2026-03-09 14:06:16.035Z,2.1650,2.1740,100,100,41.5
2026-03-09 14:06:17.541Z,2.1648,2.1758,100,100,50.7
2026-03-09 14:06:18.563Z,2.1644,2.1748,100,100,47.9
2026-03-09 14:06:19.222Z,2.1653,2.1759,100,100,48.8
2026-03-09 14:06:20.685Z,2.1663,2.1753,100,100,41.5
2026-03-09 14:06:21.831Z,2.1663,2.1747,100,100,38.7
2026-03-09 14:06:22.682Z,2.1672,2.1760,100,100,40.5
2026-03-09 14:06:23.179Z,2.1658,2.1774,100,100,53.4
2026-03-09 14:06:24.502Z,2.1666,2.1788,100,100,56.2
2026-03-09 14:06:25.544Z,2.1674,2.1778,100,100,47.9
2026-03-09 14:06:26.327Z,2.1686,2.1780,100,100,43.3
2026-03-09 14:06:27.748Z,2.1698,2.1788,100,100,41.4
2026-03-09 14:06:28.491Z,2.1692,2.1818,100,100,57.9
2026-03-09 14:06:29.478Z,2.1709,2.1801,100,100,42.3
2026-03-09 14:06:30.327Z,2.1713,2.1809,100,100,44.1
2026-03-09 14:06:31.764Z,2.1713,2.1825,100,100,51.4
2026-03-09 14:06:32.294Z,2.1721,2.1829,100,100,49.6
2026-03-09 14:06:33.430Z,2.1736,2.1840,100,100,47.7
2026-03-09 14:06:34.067Z,2.1742,2.1840,100,100,45.0
2026-03-09 14:06:35.520Z,2.1739,2.1851,100,100,51.4
2026-03-09 14:06:36.286Z,2.1740,2.1860,100,100,55.0
2026-03-09 14:06:37.050Z,2.1746,2.1858,100,100,51.4
2026-03-09 14:06:38.137Z,2.1751,2.1857,100,100,48.6
2026-03-09 14:06:39.850Z,2.1756,2.1844,100,100,40.4
2026-03-09 14:06:40.091Z,2.1755,2.1849,100,100,43.1
2026-03-09 14:06:41.855Z,2.1734,2.1852,100,100,54.1
2026-03-09 14:06:42.086Z,2.1731,2.1849,100,100,54.2
2026-03-09 14:06:43.379Z,2.1744,2.1838,100,100,43.1
2026-03-09 14:06:44.650Z,2.1740,2.1850,100,100,50.5
2026-03-09 14:06:45.414Z,2.1738,2.1832,100,100,43.1
2026-03-09 14:06:46.380Z,2.1743,2.1831,100,100,40.4
2026-03-09 14:06:47.881Z,2.1744,2.1836,100,100,42.2
2026-03-09 14:06:48.220Z,2.1734,2.1834,100,100,45.9
2026-03-09 14:06:49.241Z,2.1729,2.1849,100,100,55.1
2026-03-09 14:06:50.565Z,2.1737,2.1841,100,100,47.7
2026-03-09 14:06:51.349Z,2.1743,2.1851,100,100,49.5
2026-03-09 14:06:52.651Z,2.1737,2.1849,100,100,51.4
2026-03-09 14:06:53.826Z,2.1749,2.1837,100,100,40.4
2026-03-09 14:06:54.133Z,2.1755,2.1839,100,100,38.5
2026-03-09 14:06:55.269Z,2.1732,2.1852,100,100,55.1
2026-03-09 14:06:56.484Z,2.1751,2.1855,100,100,47.7
2026-03-09 14:06:57.724Z,2.1749,2.1839,100,100,41.3
2026-03-09 14:06:58.325Z,2.1755,2.1843,100,100,40.4
2026-03-09 14:06:59.462Z,2.1749,2.1851,100,100,46.8
2026-03-09 14:08:00.566Z,2.1643,2.1757,100,100,52.5
2026-03-09 14:08:01.783Z,2.1649,2.1749,100,100,46.1
2026-03-09 14:08:02.056Z,2.1655,2.1737,100,100,37.8
2026-03-09 14:08:03.811Z,2.1647,2.1755,100,100,49.8
2026-03-09 14:08:04.449Z,2.1657,2.1751,100,100,43.3
2026-03-09 14:08:05.640Z,2.1650,2.1752,100,100,47.0
2026-03-09 14:08:06.273Z,2.1642,2.1752,100,100,50.7
2026-03-09 14:08:07.530Z,2.1657,2.1737,100,100,36.9
2026-03-09 14:08:08.403Z,2.1644,2.1756,100,100,51.6
2026-03-09 14:08:09.242Z,2.1661,2.1743,100,100,37.8
2026-03-09 14:08:10.003Z,2.1646,2.1744,100,100,45.2
2026-03-09 14:08:11.265Z,2.1641,2.1753,100,100,51.6
2026-03-09 14:08:12.328Z,2.1649,2.1751,100,100,47.0
2026-03-09 14:08:13.344Z,2.1645,2.1749,100,100,47.9
2026-03-09 14:08:14.791Z,2.1646,2.1744,100,100,45.2
2026-03-09 14:08:15.650Z,2.1659,2.1745,100,100,39.6
2026-03-09 14:08:16.593Z,2.1651,2.1747,100,100,44.2
2026-03-09 14:08:17.861Z,2.1640,2.1754,100,100,52.5
2026-03-09 14:08:18.725Z,2.1658,2.1748,100,100,41.5
2026-03-09 14:08:19.842Z,2.1640,2.1756,100,100,53.5
2026-03-09 14:08:20.631Z,2.1646,2.1760,100,100,52.5
2026-03-09 14:08:21.534Z,2.1652,2.1772,100,100,55.3
2026-03-09 14:08:22.179Z,2.1670,2.1778,100,100,49.7
2026-03-09 14:08:23.018Z,2.1690,2.1786,100,100,44.2
2026-03-09 14:08:24.503Z,2.1693,2.1801,100,100,49.7
2026-03-09 14:08:25.638Z,2.1700,2.1824,100,100,57.0
2026-03-09 14:08:26.822Z,2.1710,2.1822,100,100,51.5
2026-03-09 14:08:27.793Z,2.1737,2.1839,100,100,46.8
2026-03-09 14:08:28.061Z,2.1750,2.1854,100,100,47.7
2026-03-09 14:08:29.224Z,2.1758,2.1882,100,100,56.8
2026-03-09 14:08:30.643Z,2.1769,2.1881,100,100,51.3
2026-03-09 14:08:31.099Z,2.1784,2.1902,100,100,54.0
2026-03-09 14:08:32.632Z,2.1812,2.1902,100,100,41.2
2026-03-09 14:08:33.416Z,2.1814,2.1924,100,100,50.3
2026-03-09 14:08:34.654Z,2.1816,2.1936,100,100,54.9
2026-03-09 14:08:35.107Z,2.1841,2.1925,100,100,38.4
2026-03-09 14:08:36.791Z,2.1828,2.1946,100,100,53.9
2026-03-09 14:08:37.164Z,2.1839,2.1963,100,100,56.6
2026-03-09 14:08:38.171Z,2.1851,2.1957,100,100,48.4
2026-03-09 14:08:39.867Z,2.1847,2.1953,100,100,48.4
2026-03-09 14:08:40.587Z,2.1858,2.1944,100,100,39.3
2026-03-09 14:08:41.744Z,2.1837,2.1955,100,100,53.9
2026-03-09 14:08:42.091Z,2.1846,2.1938,100,100,42.0
2026-03-09 14:08:43.721Z,2.1843,2.1927,100,100,38.4
2026-03-09 14:08:44.518Z,2.1825,2.1923,100,100,44.8
2026-03-09 14:08:45.118Z,2.1816,2.1922,100,100,48.5
2026-03-09 14:08:46.454Z,2.1818,2.1926,100,100,49.4
2026-03-09 14:08:47.677Z,2.1810,2.1930,100,100,54.9
2026-03-09 14:08:48.278Z,2.1817,2.1931,100,100,52.1
2026-03-09 14:08:49.850Z,2.1825,2.1937,100,100,51.2
2026-03-09 14:08:50.832Z,2.1829,2.1929,100,100,45.7
2026-03-09 14:08:51.309Z,2.1826,2.1938,100,100,51.2
2026-03-09 14:08:52.228Z,2.1841,2.1935,100,100,42.9
2026-03-09 14:08:53.378Z,2.1835,2.1951,100,100,53.0
2026-03-09 14:08:54.736Z,2.1841,2.1945,100,100,47.5
2026-03-09 14:08:55.722Z,2.1852,2.1940,100,100,40.2
2026-03-09 14:08:56.395Z,2.1847,2.1951,100,100,47.5
2026-03-09 14:08:57.039Z,2.1850,2.1940,100,100,41.1
2026-03-09 14:08:58.007Z,2.1845,2.1961,100,100,53.0
2026-03-09 14:08:59.040Z,2.1853,2.1947,100,100,42.9
2026-03-09 14:09:00.886Z,2.1851,2.1949,100,100,44.7
2026-03-09 14:09:01.556Z,2.1851,2.1957,100,100,48.4
2026-03-09 14:09:02.305Z,2.1854,2.1944,100,100,41.1
2026-03-09 14:09:03.035Z,2.1850,2.1946,100,100,43.8
2026-03-09 14:09:04.611Z,2.1846,2.1960,100,100,52.0
2026-03-09 14:09:05.371Z,2.1855,2.1939,100,100,38.4
2026-03-09 14:09:06.628Z,2.1854,2.1944,100,100,41.1
2026-03-09 14:09:07.324Z,2.1859,2.1945,100,100,39.3
2026-03-09 14:09:08.423Z,2.1845,2.1949,100,100,47.5
2026-03-09 14:09:09.777Z,2.1844,2.1956,100,100,51.1
2026-03-09 14:09:10.680Z,2.1850,2.1954,100,100,47.5
2026-03-09 14:09:11.199Z,2.1851,2.1957,100,100,48.4
2026-03-09 14:09:12.532Z,2.1844,2.1958,100,100,52.1
2026-03-09 14:09:13.107Z,2.1842,2.1962,100,100,54.8
2026-03-09 14:09:14.850Z,2.1853,2.1955,100,100,46.6
2026-03-09 14:09:15.134Z,2.1850,2.1940,100,100,41.1
2026-03-09 14:09:16.581Z,2.1853,2.1957,100,100,47.5
2026-03-09 14:09:17.091Z,2.1855,2.1949,100,100,42.9
2026-03-09 14:09:18.682Z,2.1845,2.1949,100,100,47.5
2026-03-09 14:09:19.612Z,2.1844,2.1966,100,100,55.7
2026-03-09 14:09:20.807Z,2.1851,2.1939,100,100,40.2
2026-03-09 14:09:21.187Z,2.1846,2.1956,100,100,50.2
2026-03-09 14:09:22.051Z,2.1853,2.1943,100,100,41.1
2026-03-09 14:09:23.122Z,2.1837,2.1953,100,100,53.0
2026-03-09 14:09:24.728Z,2.1851,2.1959,100,100,49.3
2026-03-09 14:09:25.361Z,2.1853,2.1939,100,100,39.3
2026-03-09 14:09:26.207Z,2.1846,2.1962,100,100,53.0
2026-03-09 14:09:27.504Z,2.1839,2.1953,100,100,52.1
2026-03-09 14:09:28.384Z,2.1839,2.1961,100,100,55.7
2026-03-09 14:09:29.502Z,2.1860,2.1942,100,100,37.4
2026-03-09 14:09:30.744Z,2.1859,2.1949,100,100,41.1
2026-03-09 14:09:31.289Z,2.1847,2.1957,100,100,50.2
2026-03-09 14:09:32.120Z,2.1863,2.1943,100,100,36.5
2026-03-09 14:09:33.232Z,2.1852,2.1958,100,100,48.4
2026-03-09 14:09:34.344Z,2.1848,2.1960,100,100,51.1
2026-03-09 14:09:35.740Z,2.1848,2.1954,100,100,48.4
2026-03-09 14:09:36.331Z,2.1862,2.1948,100,100,39.3
2026-03-09 14:09:37.017Z,2.1837,2.1959,100,100,55.7
2026-03-09 14:09:38.749Z,2.1855,2.1939,100,100,38.4
2026-03-09 14:09:39.380Z,2.1856,2.1954,100,100,44.7
2026-03-09 14:09:40.848Z,2.1856,2.1944,100,100,40.2
2026-03-09 14:09:41.023Z,2.1859,2.1941,100,100,37.4
2026-03-09 14:09:42.639Z,2.1842,2.1958,100,100,53.0
2026-03-09 14:09:43.025Z,2.1849,2.1951,100,100,46.6
2026-03-09 14:09:44.274Z,2.1847,2.1943,100,100,43.8
2026-03-09 14:09:45.263Z,2.1853,2.1955,100,100,46.6
2026-03-09 14:09:46.441Z,2.1857,2.1951,100,100,42.9
2026-03-09 14:09:47.215Z,2.1848,2.1956,100,100,49.3
2026-03-09 14:09:48.892Z,2.1853,2.1941,100,100,40.2
2026-03-09 14:09:49.835Z,2.1843,2.1951,100,100,49.3
2026-03-09 14:09:50.785Z,2.1849,2.1955,100,100,48.4
2026-03-09 14:09:51.543Z,2.1859,2.1947,100,100,40.2
2026-03-09 14:09:52.547Z,2.1853,2.1949,100,100,43.8
2026-03-09 14:09:53.313Z,2.1855,2.1939,100,100,38.4
2026-03-09 14:09:54.299Z,2.1842,2.1958,100,100,53.0
2026-03-09 14:09:55.161Z,2.1850,2.1942,100,100,42.0
2026-03-09 14:09:56.532Z,2.1858,2.1942,100,100,38.4
2026-03-09 14:09:57.834Z,2.1840,2.1958,100,100,53.9
2026-03-09 14:09:58.029Z,2.1853,2.1943,100,100,41.1
2026-03-09 14:09:59.534Z,2.1841,2.1959,100,100,53.9
2026-03-09 14:11:00.624Z,2.1742,2.1858,106,113,53.2
2026-03-09 14:11:01.166Z,2.1760,2.1842,153,100,37.6
2026-03-09 14:11:02.712Z,2.1751,2.1839,100,161,40.4
2026-03-09 14:11:03.157Z,2.1736,2.1854,107,100,54.1
2026-03-09 14:11:04.592Z,2.1756,2.1840,125,100,38.5
2026-03-09 14:11:05.332Z,2.1742,2.1856,111,117,52.3
2026-03-09 14:11:06.576Z,2.1760,2.1848,122,100,40.4
2026-03-09 14:11:07.686Z,2.1745,2.1845,100,156,45.9
2026-03-09 14:11:08.631Z,2.1752,2.1844,100,100,42.2
2026-03-09 14:11:09.326Z,2.1745,2.1855,141,100,50.5
2026-03-09 14:11:10.669Z,2.1757,2.1841,100,100,38.5
2026-03-09 14:11:11.564Z,2.1754,2.1844,100,100,41.3
2026-03-09 14:11:12.299Z,2.1743,2.1857,268,109,52.3
2026-03-09 14:11:13.597Z,2.1752,2.1850,403,175,45.0
2026-03-09 14:11:14.716Z,2.1753,2.1851,100,100,45.0
2026-03-09 14:11:15.337Z,2.1743,2.1865,100,100,56.0
2026-03-09 14:11:16.589Z,2.1745,2.1861,100,181,53.2
2026-03-09 14:11:17.494Z,2.1754,2.1844,100,162,41.3
2026-03-09 14:11:18.456Z,2.1740,2.1858,100,100,54.1
2026-03-09 14:11:19.777Z,2.1746,2.1858,114,100,51.4
2026-03-09 14:11:20.824Z,2.1738,2.1852,100,100,52.3
2026-03-09 14:11:21.263Z,2.1740,2.1852,100,100,51.4
2026-03-09 14:11:22.565Z,2.1738,2.1858,100,100,55.1
2026-03-09 14:11:23.402Z,2.1755,2.1837,100,100,37.6
2026-03-09 14:11:24.410Z,2.1737,2.1857,100,100,55.1
2026-03-09 14:11:25.782Z,2.1742,2.1866,100,100,56.9
2026-03-09 14:11:26.545Z,2.1761,2.1843,100,100,37.6
2026-03-09 14:11:27.810Z,2.1756,2.1854,100,100,44.9
2026-03-09 14:11:28.665Z,2.1741,2.1853,100,100,51.4
2026-03-09 14:11:29.483Z,2.1745,2.1861,100,100,53.2
2026-03-09 14:11:30.746Z,2.1763,2.1845,100,100,37.6
2026-03-09 14:11:31.850Z,2.1758,2.1842,100,100,38.5
2026-03-09 14:11:32.278Z,2.1750,2.1858,100,100,49.5
2026-03-09 14:11:33.521Z,2.1759,2.1841,100,100,37.6
2026-03-09 14:11:34.022Z,2.1764,2.1846,100,100,37.6
2026-03-09 14:11:35.691Z,2.1751,2.1841,100,100,41.3
2026-03-09 14:11:36.032Z,2.1750,2.1846,109,100,44.0
2026-03-09 14:11:37.505Z,2.1743,2.1863,100,105,55.0
2026-03-09 14:11:38.737Z,2.1762,2.1842,124,403,36.7
2026-03-09 14:11:39.073Z,2.1747,2.1853,171,283,48.6
2026-03-09 14:11:40.459Z,2.1758,2.1842,234,181,38.5
2026-03-09 14:11:41.724Z,2.1745,2.1855,100,100,50.5
2026-03-09 14:11:42.727Z,2.1751,2.1855,100,100,47.7
2026-03-09 14:11:43.825Z,2.1742,2.1860,100,100,54.1
2026-03-09 14:11:44.603Z,2.1743,2.1863,113,100,55.0
2026-03-09 14:11:45.009Z,2.1741,2.1853,100,114,51.4
2026-03-09 14:11:46.145Z,2.1758,2.1850,211,130,42.2
2026-03-09 14:11:47.862Z,2.1753,2.1851,100,107,45.0
2026-03-09 14:11:48.733Z,2.1752,2.1856,100,100,47.7
2026-03-09 14:11:49.241Z,2.1736,2.1854,100,100,54.1
2026-03-09 14:11:50.156Z,2.1752,2.1854,125,100,46.8
2026-03-09 14:11:51.491Z,2.1757,2.1843,100,109,39.4
2026-03-09 14:11:52.087Z,2.1747,2.1845,100,113,45.0
2026-03-09 14:11:53.529Z,2.1744,2.1850,100,100,48.6
2026-03-09 14:11:54.437Z,2.1740,2.1850,100,130,50.5
2026-03-09 14:11:55.093Z,2.1761,2.1847,172,100,39.4
2026-03-09 14:11:56.149Z,2.1745,2.1849,101,134,47.7
2026-03-09 14:11:57.637Z,2.1756,2.1852,103,100,44.0
2026-03-09 14:11:58.770Z,2.1747,2.1859,100,174,51.4
2026-03-09 14:11:59.385Z,2.1753,2.1847,100,100,43.1
2026-03-09 14:12:00.516Z,2.1741,2.1859,106,103,54.1
2026-03-09 14:12:01.488Z,2.1758,2.1852,458,211,43.1
2026-03-09 14:12:02.450Z,2.1748,2.1848,189,360,45.9
2026-03-09 14:12:03.253Z,2.1754,2.1844,351,282,41.3
2026-03-09 14:12:04.645Z,2.1751,2.1855,338,144,47.7
2026-03-09 14:12:05.083Z,2.1755,2.1855,393,140,45.9
2026-03-09 14:12:06.195Z,2.1759,2.1841,179,457,37.6
2026-03-09 14:12:07.080Z,2.1748,2.1852,156,185,47.7
2026-03-09 14:12:08.029Z,2.1749,2.1851,100,129,46.8
2026-03-09 14:12:09.492Z,2.1739,2.1853,127,333,52.3
2026-03-09 14:12:10.267Z,2.1754,2.1852,261,197,44.9
2026-03-09 14:12:11.017Z,2.1762,2.1846,410,153,38.5
2026-03-09 14:12:12.076Z,2.1745,2.1851,514,1016,48.6
2026-03-09 14:12:13.434Z,2.1745,2.1857,810,590,51.4
2026-03-09 14:12:14.630Z,2.1757,2.1843,100,148,39.4
2026-03-09 14:12:15.167Z,2.1756,2.1854,229,187,44.9
2026-03-09 14:12:16.248Z,2.1752,2.1838,292,443,39.5
2026-03-09 14:12:17.743Z,2.1748,2.1862,313,269,52.3
2026-03-09 14:12:18.008Z,2.1740,2.1854,278,355,52.3
2026-03-09 14:12:19.393Z,2.1744,2.1852,272,164,49.5
2026-03-09 14:12:20.709Z,2.1759,2.1847,121,100,40.4
2026-03-09 14:12:21.128Z,2.1759,2.1843,100,236,38.5
2026-03-09 14:12:22.562Z,2.1747,2.1857,149,176,50.5
2026-03-09 14:12:23.020Z,2.1750,2.1854,108,107,47.7
2026-03-09 14:12:24.681Z,2.1740,2.1852,100,158,51.4
2026-03-09 14:12:25.844Z,2.1755,2.1851,100,100,44.0
2026-03-09 14:12:26.429Z,2.1764,2.1846,204,100,37.6
2026-03-09 14:12:27.097Z,2.1750,2.1856,114,276,48.6
2026-03-09 14:12:28.658Z,2.1753,2.1853,136,100,45.9
2026-03-09 14:12:29.260Z,2.1747,2.1857,100,276,50.5
2026-03-09 14:12:30.749Z,2.1752,2.1850,100,142,45.0
2026-03-09 14:12:31.080Z,2.1745,2.1865,100,100,55.0
2026-03-09 14:12:32.733Z,2.1754,2.1838,156,172,38.5
2026-03-09 14:12:33.555Z,2.1744,2.1856,239,113,51.4
2026-03-09 14:12:34.347Z,2.1756,2.1842,100,226,39.5
2026-03-09 14:12:35.224Z,2.1757,2.1851,100,100,43.1
2026-03-09 14:12:36.185Z,2.1747,2.1843,100,163,44.0
2026-03-09 14:12:37.038Z,2.1737,2.1853,332,204,53.2
2026-03-09 14:12:38.147Z,2.1750,2.1860,252,263,50.4
2026-03-09 14:12:39.629Z,2.1745,2.1851,141,265,48.6
2026-03-09 14:12:40.470Z,2.1756,2.1852,386,240,44.0
2026-03-09 14:12:41.610Z,2.1748,2.1862,197,155,52.3
2026-03-09 14:12:42.712Z,2.1737,2.1853,100,178,53.2
2026-03-09 14:12:43.450Z,2.1751,2.1855,165,101,47.7
2026-03-09 14:12:44.658Z,2.1734,2.1856,100,237,56.0
2026-03-09 14:12:45.676Z,2.1760,2.1846,359,142,39.4
2026-03-09 14:12:46.623Z,2.1761,2.1843,105,263,37.6
2026-03-09 14:12:47.786Z,2.1749,2.1849,232,285,45.9
2026-03-09 14:12:48.196Z,2.1750,2.1860,246,115,50.4
2026-03-09 14:12:49.351Z,2.1755,2.1843,100,240,40.4
2026-03-09 14:12:50.183Z,2.1756,2.1840,204,297,38.5
2026-03-09 14:12:51.535Z,2.1756,2.1842,177,133,39.5
2026-03-09 14:12:52.546Z,2.1743,2.1861,436,227,54.1
2026-03-09 14:12:53.656Z,2.1742,2.1854,162,273,51.4
2026-03-09 14:12:54.025Z,2.1745,2.1865,311,205,55.0
2026-03-09 14:12:55.065Z,2.1746,2.1854,100,378,49.5
2026-03-09 14:12:56.560Z,2.1748,2.1848,260,335,45.9
2026-03-09 14:12:57.552Z,2.1753,2.1849,258,142,44.0
2026-03-09 14:12:58.639Z,2.1752,2.1844,110,300,42.2
2026-03-09 14:12:59.259Z,2.1744,2.1856,255,152,51.4
2026-03-09 14:13:00.306Z,2.1756,2.1844,100,100,40.4
