TimestampUtc,Price,Size,Exchange
2026-03-09 13:30:00.846Z,2.2211,49,SYNTH
2026-03-09 13:30:01.298Z,2.2180,37,SYNTH
2026-03-09 13:30:02.760Z,2.2194,59,SYNTH
2026-03-09 13:30:03.891Z,2.2201,41,SYNTH
2026-03-09 13:30:04.899Z,2.2200,62,SYNTH
2026-03-09 13:30:05.164Z,2.2204,43,SYNTH
2026-03-09 13:30:06.554Z,2.2186,39,SYNTH
2026-03-09 13:30:07.287Z,2.2218,76,SYNTH
2026-03-09 13:30:08.767Z,2.2192,40,SYNTH
2026-03-09 13:30:09.018Z,2.2181,59,SYNTH
2026-03-09 13:30:10.668Z,2.2209,63,SYNTH
2026-03-09 13:30:11.831Z,2.2189,181,SYNTH
2026-03-09 13:30:12.860Z,2.2187,89,SYNTH
2026-03-09 13:30:13.547Z,2.2214,171,SYNTH
2026-03-09 13:30:14.377Z,2.2184,61,SYNTH
2026-03-09 13:30:15.753Z,2.2201,67,SYNTH
2026-03-09 13:30:16.782Z,2.2184,92,SYNTH
2026-03-09 13:30:17.625Z,2.2217,107,SYNTH
2026-03-09 13:30:18.676Z,2.2194,68,SYNTH
2026-03-09 13:30:19.557Z,2.2219,81,SYNTH
2026-03-09 13:30:20.282Z,2.2197,41,SYNTH
2026-03-09 13:30:21.319Z,2.2188,33,SYNTH
2026-03-09 13:30:22.298Z,2.2212,56,SYNTH
2026-03-09 13:30:23.681Z,2.2220,44,SYNTH
2026-03-09 13:30:24.722Z,2.2192,54,SYNTH
2026-03-09 13:30:25.044Z,2.2216,31,SYNTH
2026-03-09 13:30:26.744Z,2.2192,33,SYNTH
2026-03-09 13:30:27.172Z,2.2177,50,SYNTH
2026-03-09 13:30:28.836Z,2.2203,25,SYNTH
2026-03-09 13:30:29.151Z,2.2200,27,SYNTH
2026-03-09 13:30:30.248Z,2.2203,26,SYNTH
2026-03-09 13:30:31.670Z,2.2195,38,SYNTH
2026-03-09 13:30:32.694Z,2.2213,28,SYNTH
2026-03-09 13:30:33.452Z,2.2205,28,SYNTH
2026-03-09 13:30:34.338Z,2.2219,29,SYNTH
2026-03-09 13:30:35.629Z,2.2214,52,SYNTH
2026-03-09 13:30:36.671Z,2.2210,29,SYNTH
2026-03-09 13:30:37.297Z,2.2195,116,SYNTH
2026-03-09 13:30:38.511Z,2.2209,88,SYNTH
2026-03-09 13:30:39.569Z,2.2193,105,SYNTH
2026-03-09 13:30:40.137Z,2.2216,133,SYNTH
2026-03-09 13:30:41.507Z,2.2189,43,SYNTH
2026-03-09 13:30:42.369Z,2.2203,64,SYNTH
2026-03-09 13:30:43.873Z,2.2211,52,SYNTH
2026-03-09 13:30:44.162Z,2.2197,30,SYNTH
2026-03-09 13:30:45.024Z,2.2207,85,SYNTH
2026-03-09 13:30:46.316Z,2.2186,55,SYNTH
2026-03-09 13:30:47.262Z,2.2192,59,SYNTH
2026-03-09 13:30:48.487Z,2.2208,68,SYNTH
2026-03-09 13:30:49.837Z,2.2209,47,SYNTH
2026-03-09 13:30:50.562Z,2.2193,32,SYNTH
2026-03-09 13:30:51.021Z,2.2190,72,SYNTH
2026-03-09 13:30:52.848Z,2.2178,34,SYNTH
2026-03-09 13:30:53.047Z,2.2217,58,SYNTH
2026-03-09 13:30:54.578Z,2.2194,46,SYNTH
2026-03-09 13:30:55.148Z,2.2218,85,SYNTH
2026-03-09 13:30:56.159Z,2.2213,43,SYNTH
2026-03-09 13:30:57.746Z,2.2185,84,SYNTH
2026-03-09 13:30:58.529Z,2.2192,53,SYNTH
2026-03-09 13:30:59.393Z,2.2210,58,SYNTH
2026-03-09 13:31:00.498Z,2.2212,220,SYNTH
2026-03-09 13:31:01.092Z,2.2189,222,SYNTH
2026-03-09 13:31:02.609Z,2.2214,220,SYNTH
2026-03-09 13:31:03.768Z,2.2179,105,SYNTH
2026-03-09 13:31:04.087Z,2.2209,114,SYNTH
2026-03-09 13:31:05.413Z,2.2184,102,SYNTH
2026-03-09 13:31:06.022Z,2.2201,135,SYNTH
2026-03-09 13:31:07.698Z,2.2217,137,SYNTH
2026-03-09 13:31:08.502Z,2.2211,133,SYNTH
2026-03-09 13:31:09.137Z,2.2192,199,SYNTH
2026-03-09 13:31:10.248Z,2.2198,179,SYNTH
2026-03-09 13:31:11.190Z,2.2201,385,SYNTH
2026-03-09 13:31:12.863Z,2.2210,300,SYNTH
2026-03-09 13:31:13.802Z,2.2215,333,SYNTH
2026-03-09 13:31:14.080Z,2.2212,86,SYNTH
2026-03-09 13:31:15.653Z,2.2204,142,SYNTH
2026-03-09 13:31:16.877Z,2.2180,272,SYNTH
2026-03-09 13:31:17.746Z,2.2216,163,SYNTH
2026-03-09 13:31:18.075Z,2.2222,240,SYNTH
2026-03-09 13:31:19.746Z,2.2187,167,SYNTH
2026-03-09 13:31:20.687Z,2.2186,133,SYNTH
2026-03-09 13:31:21.827Z,2.2175,143,SYNTH
2026-03-09 13:31:22.017Z,2.2169,100,SYNTH
2026-03-09 13:31:23.455Z,2.2178,131,SYNTH
2026-03-09 13:31:24.566Z,2.2170,129,SYNTH
2026-03-09 13:31:25.032Z,2.2192,72,SYNTH
2026-03-09 13:31:26.570Z,2.2147,115,SYNTH
2026-03-09 13:31:27.176Z,2.2141,110,SYNTH
2026-03-09 13:31:28.435Z,2.2150,97,SYNTH
2026-03-09 13:31:29.768Z,2.2135,133,SYNTH
2026-03-09 13:31:30.331Z,2.2132,96,SYNTH
2026-03-09 13:31:31.127Z,2.2115,132,SYNTH
2026-03-09 13:31:32.449Z,2.2140,132,SYNTH
2026-03-09 13:31:33.346Z,2.2111,136,SYNTH
2026-03-09 13:31:34.020Z,2.2091,109,SYNTH
2026-03-09 13:31:35.132Z,2.2124,114,SYNTH
2026-03-09 13:31:36.630Z,2.2117,159,SYNTH
2026-03-09 13:31:37.050Z,2.2084,258,SYNTH
2026-03-09 13:31:38.361Z,2.2119,360,SYNTH
2026-03-09 13:31:39.627Z,2.2089,350,SYNTH
2026-03-09 13:31:40.848Z,2.2108,334,SYNTH
2026-03-09 13:31:41.060Z,2.2120,152,SYNTH
2026-03-09 13:31:42.635Z,2.2099,74,SYNTH
2026-03-09 13:31:43.573Z,2.2122,77,SYNTH
2026-03-09 13:31:44.812Z,2.2123,74,SYNTH
2026-03-09 13:31:45.677Z,2.2094,190,SYNTH
2026-03-09 13:31:46.597Z,2.2124,279,SYNTH
2026-03-09 13:31:47.491Z,2.2115,149,SYNTH
2026-03-09 13:31:48.637Z,2.2092,115,SYNTH
2026-03-09 13:31:49.115Z,2.2114,82,SYNTH
2026-03-09 13:31:50.322Z,2.2096,145,SYNTH
2026-03-09 13:31:51.852Z,2.2118,194,SYNTH
2026-03-09 13:31:52.502Z,2.2107,159,SYNTH
2026-03-09 13:31:53.609Z,2.2087,156,SYNTH
2026-03-09 13:31:54.232Z,2.2122,146,SYNTH
2026-03-09 13:31:55.389Z,2.2088,93,SYNTH
2026-03-09 13:31:56.798Z,2.2081,162,SYNTH
2026-03-09 13:31:57.764Z,2.2117,122,SYNTH
2026-03-09 13:31:58.778Z,2.2119,158,SYNTH
2026-03-09 13:31:59.679Z,2.2096,113,SYNTH
2026-03-09 13:32:00.726Z,2.2007,27,SYNTH
2026-03-09 13:32:01.056Z,2.2013,16,SYNTH
2026-03-09 13:32:02.418Z,2.2006,21,SYNTH
2026-03-09 13:32:03.262Z,2.1997,22,SYNTH
2026-03-09 13:32:04.076Z,2.1980,23,SYNTH
2026-03-09 13:32:05.018Z,2.2010,17,SYNTH
2026-03-09 13:32:06.372Z,2.2008,13,SYNTH
2026-03-09 13:32:07.759Z,2.1984,19,SYNTH
2026-03-09 13:32:08.494Z,2.2012,23,SYNTH
2026-03-09 13:32:09.225Z,2.1979,13,SYNTH
2026-03-09 13:32:10.025Z,2.1979,9,SYNTH
2026-03-09 13:32:11.374Z,2.2003,39,SYNTH
2026-03-09 13:32:12.712Z,2.2003,34,SYNTH
2026-03-09 13:32:13.181Z,2.1983,48,SYNTH
2026-03-09 13:32:14.042Z,2.2010,10,SYNTH
2026-03-09 13:32:15.593Z,2.1979,11,SYNTH
2026-03-09 13:32:16.079Z,2.2013,21,SYNTH
2026-03-09 13:32:17.219Z,2.1977,30,SYNTH
2026-03-09 13:32:18.454Z,2.2013,30,SYNTH
2026-03-09 13:32:19.050Z,2.1982,26,SYNTH
2026-03-09 13:32:20.606Z,2.2002,9,SYNTH
2026-03-09 13:32:21.601Z,2.2011,16,SYNTH
2026-03-09 13:32:22.321Z,2.1983,7,SYNTH
2026-03-09 13:32:23.662Z,2.2015,9,SYNTH
2026-03-09 13:32:24.618Z,2.1992,10,SYNTH
2026-03-09 13:32:25.258Z,2.2006,14,SYNTH
2026-03-09 13:32:26.345Z,2.1983,14,SYNTH
2026-03-09 13:32:27.453Z,2.1997,13,SYNTH
2026-03-09 13:32:28.631Z,2.2015,8,SYNTH
2026-03-09 13:32:29.623Z,2.1992,10,SYNTH
2026-03-09 13:32:30.331Z,2.2011,16,SYNTH
2026-03-09 13:32:31.608Z,2.2017,17,SYNTH
2026-03-09 13:32:32.631Z,2.2007,16,SYNTH
2026-03-09 13:32:33.427Z,2.1991,11,SYNTH
2026-03-09 13:32:34.810Z,2.2001,18,SYNTH
2026-03-09 13:32:35.509Z,2.2000,15,SYNTH
2026-03-09 13:32:36.353Z,2.2018,16,SYNTH
2026-03-09 13:32:37.400Z,2.2017,35,SYNTH
2026-03-09 13:32:38.782Z,2.1990,42,SYNTH
2026-03-09 13:32:39.577Z,2.2008,27,SYNTH
2026-03-09 13:32:40.583Z,2.1994,34,SYNTH
2026-03-09 13:32:41.249Z,2.1999,18,SYNTH
2026-03-09 13:32:42.087Z,2.1984,14,SYNTH
2026-03-09 13:32:43.650Z,2.2014,19,SYNTH
2026-03-09 13:32:44.288Z,2.2020,14,SYNTH
2026-03-09 13:32:45.311Z,2.2011,18,SYNTH
2026-03-09 13:32:46.049Z,2.1987,22,SYNTH
2026-03-09 13:32:47.021Z,2.2013,17,SYNTH
2026-03-09 13:32:48.071Z,2.1988,12,SYNTH
2026-03-09 13:32:49.260Z,2.2011,22,SYNTH
2026-03-09 13:32:50.162Z,2.2021,22,SYNTH
2026-03-09 13:32:51.352Z,2.2016,21,SYNTH
2026-03-09 13:32:52.267Z,2.1994,20,SYNTH
2026-03-09 13:32:53.092Z,2.2006,18,SYNTH
2026-03-09 13:32:54.606Z,2.1988,16,SYNTH
2026-03-09 13:32:55.435Z,2.2009,14,SYNTH
2026-03-09 13:32:56.746Z,2.2006,15,SYNTH
2026-03-09 13:32:57.188Z,2.1999,19,SYNTH
2026-03-09 13:32:58.383Z,2.1984,19,SYNTH
2026-03-09 13:32:59.256Z,2.2009,16,SYNTH
2026-03-09 13:33:00.669Z,2.2018,202,SYNTH
2026-03-09 13:33:01.468Z,2.1977,129,SYNTH
2026-03-09 13:33:02.034Z,2.2008,172,SYNTH
2026-03-09 13:33:03.325Z,2.1974,105,SYNTH
2026-03-09 13:33:04.891Z,2.1964,130,SYNTH
2026-03-09 13:33:05.893Z,2.1959,144,SYNTH
2026-03-09 13:33:06.103Z,2.1941,89,SYNTH
2026-03-09 13:33:07.316Z,2.1915,139,SYNTH
2026-03-09 13:33:08.497Z,2.1906,117,SYNTH
2026-03-09 13:33:09.225Z,2.1915,104,SYNTH
2026-03-09 13:33:10.839Z,2.1890,112,SYNTH
2026-03-09 13:33:11.657Z,2.1901,236,SYNTH
2026-03-09 13:33:12.113Z,2.1921,401,SYNTH
2026-03-09 13:33:13.283Z,2.1914,191,SYNTH
2026-03-09 13:33:14.737Z,2.1918,127,SYNTH
2026-03-09 13:33:15.331Z,2.1935,95,SYNTH
2026-03-09 13:33:16.134Z,2.1947,145,SYNTH
2026-03-09 13:33:17.371Z,2.1958,135,SYNTH
2026-03-09 13:33:18.467Z,2.1961,201,SYNTH
2026-03-09 13:33:19.302Z,2.1919,147,SYNTH
2026-03-09 13:33:20.519Z,2.1953,126,SYNTH
2026-03-09 13:33:21.567Z,2.1939,109,SYNTH
2026-03-09 13:33:22.433Z,2.1977,151,SYNTH
2026-03-09 13:33:23.016Z,2.1972,73,SYNTH
2026-03-09 13:33:24.441Z,2.1991,134,SYNTH
2026-03-09 13:33:25.542Z,2.1998,89,SYNTH
2026-03-09 13:33:26.605Z,2.2018,127,SYNTH
2026-03-09 13:33:27.181Z,2.2012,136,SYNTH
2026-03-09 13:33:28.885Z,2.2032,133,SYNTH
2026-03-09 13:33:29.698Z,2.2053,79,SYNTH
2026-03-09 13:33:30.591Z,2.2051,91,SYNTH
2026-03-09 13:33:31.646Z,2.2063,134,SYNTH
2026-03-09 13:33:32.841Z,2.2085,122,SYNTH
2026-03-09 13:33:33.892Z,2.2082,71,SYNTH
2026-03-09 13:33:34.661Z,2.2095,76,SYNTH
2026-03-09 13:33:35.033Z,2.2109,107,SYNTH
2026-03-09 13:33:36.629Z,2.2096,81,SYNTH
2026-03-09 13:33:37.153Z,2.2076,382,SYNTH
2026-03-09 13:33:38.544Z,2.2103,311,SYNTH
2026-03-09 13:33:39.328Z,2.2111,255,SYNTH
2026-03-09 13:33:40.650Z,2.2082,321,SYNTH
2026-03-09 13:33:41.843Z,2.2086,92,SYNTH
2026-03-09 13:33:42.044Z,2.2092,82,SYNTH
2026-03-09 13:33:43.816Z,2.2085,97,SYNTH
2026-03-09 13:33:44.184Z,2.2083,130,SYNTH
2026-03-09 13:33:45.617Z,2.2063,123,SYNTH
2026-03-09 13:33:46.283Z,2.2062,159,SYNTH
2026-03-09 13:33:47.114Z,2.2058,227,SYNTH
2026-03-09 13:33:48.270Z,2.2054,120,SYNTH
2026-03-09 13:33:49.424Z,2.2061,125,SYNTH
2026-03-09 13:33:50.757Z,2.2041,136,SYNTH
2026-03-09 13:33:51.425Z,2.2036,121,SYNTH
2026-03-09 13:33:52.237Z,2.2029,130,SYNTH
2026-03-09 13:33:53.634Z,2.2033,127,SYNTH
2026-03-09 13:33:54.443Z,2.2017,136,SYNTH
2026-03-09 13:33:55.344Z,2.2007,124,SYNTH
2026-03-09 13:33:56.607Z,2.1995,140,SYNTH
2026-03-09 13:33:57.503Z,2.2002,160,SYNTH
2026-03-09 13:33:58.399Z,2.1999,151,SYNTH
2026-03-09 13:33:59.064Z,2.1988,103,SYNTH
2026-03-09 13:35:00.648Z,2.2010,83,SYNTH
2026-03-09 13:35:01.117Z,2.1988,71,SYNTH
2026-03-09 13:35:02.626Z,2.2010,114,SYNTH
2026-03-09 13:35:03.194Z,2.1990,65,SYNTH
2026-03-09 13:35:04.405Z,2.2009,99,SYNTH
2026-03-09 13:35:05.533Z,2.2021,101,SYNTH
2026-03-09 13:35:06.642Z,2.1990,68,SYNTH
2026-03-09 13:35:07.262Z,2.2013,119,SYNTH
2026-03-09 13:35:08.464Z,2.1994,63,SYNTH
2026-03-09 13:35:09.670Z,2.2009,90,SYNTH
2026-03-09 13:35:10.438Z,2.2025,109,SYNTH
2026-03-09 13:35:11.239Z,2.2001,259,SYNTH
2026-03-09 13:35:12.486Z,2.2017,201,SYNTH
2026-03-09 13:35:13.438Z,2.2001,127,SYNTH
2026-03-09 13:35:14.706Z,2.2005,58,SYNTH
2026-03-09 13:35:15.399Z,2.2018,99,SYNTH
2026-03-09 13:35:16.461Z,2.2010,90,SYNTH
2026-03-09 13:35:17.830Z,2.1984,143,SYNTH
2026-03-09 13:35:18.019Z,2.2024,82,SYNTH
2026-03-09 13:35:19.805Z,2.1978,184,SYNTH
2026-03-09 13:35:20.541Z,2.2012,86,SYNTH
2026-03-09 13:35:21.472Z,2.1987,66,SYNTH
2026-03-09 13:35:22.668Z,2.2005,44,SYNTH
2026-03-09 13:35:23.145Z,2.2019,80,SYNTH
2026-03-09 13:35:24.143Z,2.2024,51,SYNTH
2026-03-09 13:35:25.875Z,2.1981,43,SYNTH
2026-03-09 13:35:26.637Z,2.2005,89,SYNTH
2026-03-09 13:35:27.093Z,2.1994,82,SYNTH
2026-03-09 13:35:28.055Z,2.1984,82,SYNTH
2026-03-09 13:35:29.663Z,2.2017,62,SYNTH
2026-03-09 13:35:30.570Z,2.1996,43,SYNTH
2026-03-09 13:35:31.221Z,2.2009,79,SYNTH
2026-03-09 13:35:32.594Z,2.2018,82,SYNTH
2026-03-09 13:35:33.406Z,2.2009,89,SYNTH
2026-03-09 13:35:34.465Z,2.1995,73,SYNTH
2026-03-09 13:35:35.135Z,2.1980,84,SYNTH
2026-03-09 13:35:36.795Z,2.2016,48,SYNTH
2026-03-09 13:35:37.177Z,2.1993,238,SYNTH
2026-03-09 13:35:38.570Z,2.1998,128,SYNTH
2026-03-09 13:35:39.611Z,2.2023,124,SYNTH
2026-03-09 13:35:40.881Z,2.2010,214,SYNTH
2026-03-09 13:35:41.583Z,2.1999,75,SYNTH
2026-03-09 13:35:42.497Z,2.1988,49,SYNTH
2026-03-09 13:35:43.344Z,2.2015,95,SYNTH
2026-03-09 13:35:44.895Z,2.2016,85,SYNTH
2026-03-09 13:35:45.265Z,2.2006,123,SYNTH
2026-03-09 13:35:46.777Z,2.1984,132,SYNTH
2026-03-09 13:35:47.657Z,2.1997,112,SYNTH
2026-03-09 13:35:48.340Z,2.2006,90,SYNTH
2026-03-09 13:35:49.832Z,2.2015,69,SYNTH
2026-03-09 13:35:50.627Z,2.1998,117,SYNTH
2026-03-09 13:35:51.072Z,2.1996,87,SYNTH
2026-03-09 13:35:52.724Z,2.2019,61,SYNTH
2026-03-09 13:35:53.565Z,2.2022,79,SYNTH
2026-03-09 13:35:54.288Z,2.1981,96,SYNTH
2026-03-09 13:35:55.670Z,2.1989,122,SYNTH
2026-03-09 13:35:56.548Z,2.2002,61,SYNTH
2026-03-09 13:35:57.451Z,2.2000,140,SYNTH
2026-03-09 13:35:58.596Z,2.2001,139,SYNTH
2026-03-09 13:35:59.238Z,2.2014,102,SYNTH
2026-03-09 13:36:00.303Z,2.2018,87,SYNTH
2026-03-09 13:36:01.521Z,2.1984,57,SYNTH
2026-03-09 13:36:02.270Z,2.2009,37,SYNTH
2026-03-09 13:36:03.385Z,2.1986,42,SYNTH
2026-03-09 13:36:04.346Z,2.2014,39,SYNTH
2026-03-09 13:36:05.324Z,2.1990,42,SYNTH
2026-03-09 13:36:06.018Z,2.2002,51,SYNTH
2026-03-09 13:36:07.064Z,2.1987,69,SYNTH
2026-03-09 13:36:08.248Z,2.1978,36,SYNTH
2026-03-09 13:36:09.892Z,2.1993,62,SYNTH
2026-03-09 13:36:10.224Z,2.2012,52,SYNTH
2026-03-09 13:36:11.137Z,2.1991,121,SYNTH
2026-03-09 13:36:12.654Z,2.1983,159,SYNTH
2026-03-09 13:36:13.107Z,2.1986,154,SYNTH
2026-03-09 13:36:14.716Z,2.2005,34,SYNTH
2026-03-09 13:36:15.862Z,2.2014,64,SYNTH
2026-03-09 13:36:16.006Z,2.1989,78,SYNTH
2026-03-09 13:36:17.717Z,2.1979,89,SYNTH
2026-03-09 13:36:18.554Z,2.1993,65,SYNTH
2026-03-09 13:36:19.856Z,2.2023,46,SYNTH
2026-03-09 13:36:20.490Z,2.2011,51,SYNTH
2026-03-09 13:36:21.467Z,2.2026,33,SYNTH
2026-03-09 13:36:22.172Z,2.2031,41,SYNTH
2026-03-09 13:36:23.163Z,2.2035,43,SYNTH
2026-03-09 13:36:24.877Z,2.2066,38,SYNTH
2026-03-09 13:36:25.094Z,2.2065,30,SYNTH
2026-03-09 13:36:26.693Z,2.2086,53,SYNTH
2026-03-09 13:36:27.193Z,2.2099,55,SYNTH
2026-03-09 13:36:28.355Z,2.2112,28,SYNTH
2026-03-09 13:36:29.429Z,2.2131,23,SYNTH
2026-03-09 13:36:30.245Z,2.2133,52,SYNTH
2026-03-09 13:36:31.785Z,2.2161,56,SYNTH
2026-03-09 13:36:32.738Z,2.2166,48,SYNTH
2026-03-09 13:36:33.637Z,2.2173,40,SYNTH
2026-03-09 13:36:34.267Z,2.2173,37,SYNTH
2026-03-09 13:36:35.841Z,2.2198,56,SYNTH
2026-03-09 13:36:36.657Z,2.2209,47,SYNTH
2026-03-09 13:36:37.509Z,2.2194,137,SYNTH
2026-03-09 13:36:38.847Z,2.2203,104,SYNTH
2026-03-09 13:36:39.427Z,2.2180,105,SYNTH
2026-03-09 13:36:40.163Z,2.2182,110,SYNTH
2026-03-09 13:36:41.790Z,2.2200,36,SYNTH
2026-03-09 13:36:42.660Z,2.2173,56,SYNTH
2026-03-09 13:36:43.839Z,2.2196,55,SYNTH
2026-03-09 13:36:44.379Z,2.2177,30,SYNTH
2026-03-09 13:36:45.389Z,2.2201,42,SYNTH
2026-03-09 13:36:46.777Z,2.2163,90,SYNTH
2026-03-09 13:36:47.044Z,2.2189,84,SYNTH
2026-03-09 13:36:48.174Z,2.2171,67,SYNTH
2026-03-09 13:36:49.652Z,2.2192,47,SYNTH
2026-03-09 13:36:50.208Z,2.2202,55,SYNTH
2026-03-09 13:36:51.615Z,2.2209,52,SYNTH
2026-03-09 13:36:52.199Z,2.2196,36,SYNTH
2026-03-09 13:36:53.039Z,2.2173,45,SYNTH
2026-03-09 13:36:54.492Z,2.2194,48,SYNTH
2026-03-09 13:36:55.896Z,2.2184,66,SYNTH
2026-03-09 13:36:56.681Z,2.2200,80,SYNTH
2026-03-09 13:36:57.209Z,2.2207,60,SYNTH
2026-03-09 13:36:58.411Z,2.2214,75,SYNTH
2026-03-09 13:36:59.448Z,2.2205,87,SYNTH
2026-03-09 13:37:00.416Z,2.2311,98,SYNTH
2026-03-09 13:37:01.135Z,2.2308,106,SYNTH
2026-03-09 13:37:02.160Z,2.2284,78,SYNTH
2026-03-09 13:37:03.051Z,2.2261,83,SYNTH
2026-03-09 13:37:04.756Z,2.2272,93,SYNTH
2026-03-09 13:37:05.567Z,2.2251,78,SYNTH
2026-03-09 13:37:06.861Z,2.2245,88,SYNTH
2026-03-09 13:37:07.737Z,2.2232,77,SYNTH
2026-03-09 13:37:08.129Z,2.2221,66,SYNTH
2026-03-09 13:37:09.594Z,2.2204,85,SYNTH
2026-03-09 13:37:10.489Z,2.2202,54,SYNTH
2026-03-09 13:37:11.704Z,2.2200,234,SYNTH
2026-03-09 13:37:12.735Z,2.2184,114,SYNTH
2026-03-09 13:37:13.592Z,2.2213,125,SYNTH
2026-03-09 13:37:14.210Z,2.2234,46,SYNTH
2026-03-09 13:37:15.481Z,2.2229,39,SYNTH
2026-03-09 13:37:16.596Z,2.2230,69,SYNTH
2026-03-09 13:37:17.219Z,2.2245,90,SYNTH
2026-03-09 13:37:18.456Z,2.2238,103,SYNTH
2026-03-09 13:37:19.227Z,2.2261,92,SYNTH
2026-03-09 13:37:20.126Z,2.2230,66,SYNTH
2026-03-09 13:37:21.640Z,2.2251,66,SYNTH
2026-03-09 13:37:22.828Z,2.2253,77,SYNTH
2026-03-09 13:37:23.145Z,2.2231,36,SYNTH
2026-03-09 13:37:24.264Z,2.2260,42,SYNTH
2026-03-09 13:37:25.148Z,2.2273,76,SYNTH
2026-03-09 13:37:26.497Z,2.2243,34,SYNTH
2026-03-09 13:37:27.325Z,2.2274,61,SYNTH
2026-03-09 13:37:28.386Z,2.2270,66,SYNTH
2026-03-09 13:37:29.391Z,2.2287,66,SYNTH
2026-03-09 13:37:30.159Z,2.2287,40,SYNTH
2026-03-09 13:37:31.869Z,2.2292,36,SYNTH
2026-03-09 13:37:32.726Z,2.2306,75,SYNTH
2026-03-09 13:37:33.899Z,2.2308,46,SYNTH
2026-03-09 13:37:34.891Z,2.2310,62,SYNTH
2026-03-09 13:37:35.528Z,2.2285,69,SYNTH
2026-03-09 13:37:36.299Z,2.2306,73,SYNTH
2026-03-09 13:37:37.126Z,2.2279,191,SYNTH
2026-03-09 13:37:38.620Z,2.2317,164,SYNTH
2026-03-09 13:37:39.186Z,2.2282,126,SYNTH
2026-03-09 13:37:40.460Z,2.2316,191,SYNTH
2026-03-09 13:37:41.229Z,2.2298,65,SYNTH
2026-03-09 13:37:42.698Z,2.2301,47,SYNTH
2026-03-09 13:37:43.422Z,2.2293,76,SYNTH
2026-03-09 13:37:44.267Z,2.2309,81,SYNTH
2026-03-09 13:37:45.215Z,2.2292,68,SYNTH
2026-03-09 13:37:46.854Z,2.2281,66,SYNTH
2026-03-09 13:37:47.082Z,2.2307,88,SYNTH
2026-03-09 13:37:48.061Z,2.2290,88,SYNTH
2026-03-09 13:37:49.884Z,2.2279,80,SYNTH
2026-03-09 13:37:50.486Z,2.2314,86,SYNTH
2026-03-09 13:37:51.738Z,2.2308,75,SYNTH
2026-03-09 13:37:52.882Z,2.2303,89,SYNTH
2026-03-09 13:37:53.781Z,2.2294,93,SYNTH
2026-03-09 13:37:54.459Z,2.2315,96,SYNTH
2026-03-09 13:37:55.482Z,2.2309,109,SYNTH
2026-03-09 13:37:56.044Z,2.2305,103,SYNTH
2026-03-09 13:37:57.475Z,2.2285,72,SYNTH
2026-03-09 13:37:58.340Z,2.2302,71,SYNTH
2026-03-09 13:37:59.418Z,2.2311,104,SYNTH
2026-03-09 13:38:00.421Z,2.2218,46,SYNTH
2026-03-09 13:38:01.781Z,2.2207,49,SYNTH
2026-03-09 13:38:02.671Z,2.2198,44,SYNTH
2026-03-09 13:38:03.876Z,2.2187,30,SYNTH
2026-03-09 13:38:04.642Z,2.2214,64,SYNTH
2026-03-09 13:38:05.378Z,2.2180,65,SYNTH
2026-03-09 13:38:06.311Z,2.2206,61,SYNTH
2026-03-09 13:38:07.200Z,2.2195,54,SYNTH
2026-03-09 13:38:08.053Z,2.2188,45,SYNTH
2026-03-09 13:38:09.312Z,2.2205,36,SYNTH
2026-03-09 13:38:10.308Z,2.2207,62,SYNTH
2026-03-09 13:38:11.317Z,2.2192,146,SYNTH
2026-03-09 13:38:12.142Z,2.2195,86,SYNTH
2026-03-09 13:38:13.504Z,2.2212,79,SYNTH
2026-03-09 13:38:14.501Z,2.2213,28,SYNTH
2026-03-09 13:38:15.298Z,2.2194,50,SYNTH
2026-03-09 13:38:16.548Z,2.2199,99,SYNTH
2026-03-09 13:38:17.080Z,2.2199,65,SYNTH
2026-03-09 13:38:18.676Z,2.2187,55,SYNTH
2026-03-09 13:38:19.484Z,2.2222,86,SYNTH
2026-03-09 13:38:20.055Z,2.2197,34,SYNTH
2026-03-09 13:38:21.129Z,2.2220,23,SYNTH
2026-03-09 13:38:22.702Z,2.2230,41,SYNTH
2026-03-09 13:38:23.340Z,2.2235,33,SYNTH
2026-03-09 13:38:24.429Z,2.2240,31,SYNTH
2026-03-09 13:38:25.705Z,2.2246,48,SYNTH
2026-03-09 13:38:26.619Z,2.2246,33,SYNTH
2026-03-09 13:38:27.444Z,2.2254,20,SYNTH
2026-03-09 13:38:28.006Z,2.2249,40,SYNTH
2026-03-09 13:38:29.039Z,2.2258,49,SYNTH
2026-03-09 13:38:30.314Z,2.2273,30,SYNTH
2026-03-09 13:38:31.085Z,2.2277,24,SYNTH
2026-03-09 13:38:32.856Z,2.2284,22,SYNTH
2026-03-09 13:38:33.205Z,2.2294,34,SYNTH
2026-03-09 13:38:34.321Z,2.2277,34,SYNTH
2026-03-09 13:38:35.452Z,2.2310,22,SYNTH
2026-03-09 13:38:36.744Z,2.2310,22,SYNTH
2026-03-09 13:38:37.066Z,2.2307,65,SYNTH
2026-03-09 13:38:38.739Z,2.2293,76,SYNTH
2026-03-09 13:38:39.288Z,2.2322,114,SYNTH
2026-03-09 13:38:40.228Z,2.2295,56,SYNTH
2026-03-09 13:38:41.071Z,2.2273,36,SYNTH
2026-03-09 13:38:42.587Z,2.2272,28,SYNTH
2026-03-09 13:38:43.503Z,2.2265,29,SYNTH
2026-03-09 13:38:44.058Z,2.2298,45,SYNTH
2026-03-09 13:38:45.806Z,2.2292,81,SYNTH
2026-03-09 13:38:46.239Z,2.2267,47,SYNTH
2026-03-09 13:38:47.763Z,2.2290,53,SYNTH
2026-03-09 13:38:48.550Z,2.2269,49,SYNTH
2026-03-09 13:38:49.162Z,2.2257,36,SYNTH
2026-03-09 13:38:50.130Z,2.2264,31,SYNTH
2026-03-09 13:38:51.168Z,2.2254,62,SYNTH
2026-03-09 13:38:52.120Z,2.2241,43,SYNTH
2026-03-09 13:38:53.720Z,2.2226,59,SYNTH
2026-03-09 13:38:54.156Z,2.2211,43,SYNTH
2026-03-09 13:38:55.373Z,2.2202,39,SYNTH
2026-03-09 13:38:56.878Z,2.2193,61,SYNTH
2026-03-09 13:38:57.578Z,2.2194,70,SYNTH
2026-03-09 13:38:58.468Z,2.2189,61,SYNTH
2026-03-09 13:38:59.419Z,2.2197,74,SYNTH
2026-03-09 13:39:00.526Z,2.2218,1131,SYNTH
2026-03-09 13:39:01.732Z,2.2184,1287,SYNTH
2026-03-09 13:39:02.203Z,2.2208,861,SYNTH
2026-03-09 13:39:03.132Z,2.2223,894,SYNTH
2026-03-09 13:39:04.447Z,2.2238,790,SYNTH
2026-03-09 13:39:05.892Z,2.2245,1227,SYNTH
2026-03-09 13:39:06.384Z,2.2269,899,SYNTH
2026-03-09 13:39:07.735Z,2.2283,920,SYNTH
2026-03-09 13:39:08.337Z,2.2278,876,SYNTH
2026-03-09 13:39:09.065Z,2.2292,1273,SYNTH
2026-03-09 13:39:10.497Z,2.2306,1132,SYNTH
2026-03-09 13:39:11.435Z,2.2318,2836,SYNTH
2026-03-09 13:39:12.310Z,2.2290,2479,SYNTH
2026-03-09 13:39:13.462Z,2.2307,2324,SYNTH
2026-03-09 13:39:14.393Z,2.2284,744,SYNTH
2026-03-09 13:39:15.124Z,2.2279,890,SYNTH
2026-03-09 13:39:16.874Z,2.2273,1933,SYNTH
2026-03-09 13:39:17.564Z,2.2255,1184,SYNTH
2026-03-09 13:39:18.778Z,2.2261,1013,SYNTH
2026-03-09 13:39:19.365Z,2.2263,1261,SYNTH
2026-03-09 13:39:20.235Z,2.2254,998,SYNTH
2026-03-09 13:39:21.353Z,2.2247,460,SYNTH
2026-03-09 13:39:22.728Z,2.2246,1021,SYNTH
2026-03-09 13:39:23.516Z,2.2211,770,SYNTH
2026-03-09 13:39:24.624Z,2.2199,444,SYNTH
2026-03-09 13:39:25.742Z,2.2176,570,SYNTH
2026-03-09 13:39:26.111Z,2.2167,523,SYNTH
2026-03-09 13:39:27.625Z,2.2143,432,SYNTH
2026-03-09 13:39:28.579Z,2.2123,656,SYNTH
2026-03-09 13:39:29.839Z,2.2104,407,SYNTH
2026-03-09 13:39:30.727Z,2.2082,436,SYNTH
2026-03-09 13:39:31.561Z,2.2080,411,SYNTH
2026-03-09 13:39:32.224Z,2.2041,533,SYNTH
2026-03-09 13:39:33.362Z,2.2031,573,SYNTH
2026-03-09 13:39:34.363Z,2.2019,991,SYNTH
2026-03-09 13:39:35.839Z,2.2011,507,SYNTH
2026-03-09 13:39:36.556Z,2.2002,661,SYNTH
2026-03-09 13:39:37.396Z,2.1995,2121,SYNTH
2026-03-09 13:39:38.298Z,2.1985,1482,SYNTH
2026-03-09 13:39:39.261Z,2.2001,1601,SYNTH
2026-03-09 13:39:40.385Z,2.2021,1374,SYNTH
2026-03-09 13:39:41.622Z,2.2013,928,SYNTH
2026-03-09 13:39:42.519Z,2.1994,553,SYNTH
2026-03-09 13:39:43.034Z,2.2036,476,SYNTH
2026-03-09 13:39:44.067Z,2.2042,992,SYNTH
2026-03-09 13:39:45.008Z,2.2037,722,SYNTH
2026-03-09 13:39:46.017Z,2.2013,1538,SYNTH
2026-03-09 13:39:47.779Z,2.2050,833,SYNTH
2026-03-09 13:39:48.630Z,2.2014,962,SYNTH
2026-03-09 13:39:49.349Z,2.2049,866,SYNTH
2026-03-09 13:39:50.302Z,2.2072,748,SYNTH
2026-03-09 13:39:51.848Z,2.2067,581,SYNTH
2026-03-09 13:39:52.643Z,2.2067,983,SYNTH
2026-03-09 13:39:53.714Z,2.2071,998,SYNTH
2026-03-09 13:39:54.046Z,2.2074,741,SYNTH
2026-03-09 13:39:55.184Z,2.2093,967,SYNTH
2026-03-09 13:39:56.027Z,2.2108,1246,SYNTH
2026-03-09 13:39:57.712Z,2.2103,1239,SYNTH
2026-03-09 13:39:58.599Z,2.2105,884,SYNTH
2026-03-09 13:39:59.284Z,2.2088,1568,SYNTH
2026-03-09 13:40:00.610Z,2.2203,41,SYNTH
2026-03-09 13:40:01.445Z,2.2184,65,SYNTH
2026-03-09 13:40:02.016Z,2.2214,45,SYNTH
2026-03-09 13:40:03.169Z,2.2220,66,SYNTH
2026-03-09 13:40:04.769Z,2.2176,46,SYNTH
2026-03-09 13:40:05.360Z,2.2197,33,SYNTH
2026-03-09 13:40:06.642Z,2.2208,51,SYNTH
2026-03-09 13:40:07.340Z,2.2217,46,SYNTH
2026-03-09 13:40:08.864Z,2.2197,47,SYNTH
2026-03-09 13:40:09.191Z,2.2190,49,SYNTH
2026-03-09 13:40:10.116Z,2.2217,41,SYNTH
2026-03-09 13:40:11.008Z,2.2215,123,SYNTH
2026-03-09 13:40:12.363Z,2.2216,115,SYNTH
2026-03-09 13:40:13.098Z,2.2185,84,SYNTH
2026-03-09 13:40:14.622Z,2.2217,59,SYNTH
2026-03-09 13:40:15.566Z,2.2193,33,SYNTH
2026-03-09 13:40:16.850Z,2.2220,81,SYNTH
2026-03-09 13:40:17.425Z,2.2187,67,SYNTH
2026-03-09 13:40:18.421Z,2.2205,47,SYNTH
2026-03-09 13:40:19.597Z,2.2190,53,SYNTH
2026-03-09 13:40:20.502Z,2.2224,23,SYNTH
2026-03-09 13:40:21.207Z,2.2188,28,SYNTH
2026-03-09 13:40:22.736Z,2.2229,49,SYNTH
2026-03-09 13:40:23.116Z,2.2220,51,SYNTH
2026-03-09 13:40:24.701Z,2.2238,22,SYNTH
2026-03-09 13:40:25.199Z,2.2230,42,SYNTH
2026-03-09 13:40:26.695Z,2.2237,34,SYNTH
2026-03-09 13:40:27.798Z,2.2258,37,SYNTH
2026-03-09 13:40:28.578Z,2.2263,24,SYNTH
2026-03-09 13:40:29.579Z,2.2264,22,SYNTH
2026-03-09 13:40:30.583Z,2.2257,34,SYNTH
2026-03-09 13:40:31.092Z,2.2283,48,SYNTH
2026-03-09 13:40:32.797Z,2.2292,33,SYNTH
2026-03-09 13:40:33.773Z,2.2278,51,SYNTH
2026-03-09 13:40:34.144Z,2.2302,51,SYNTH
2026-03-09 13:40:35.854Z,2.2304,37,SYNTH
2026-03-09 13:40:36.221Z,2.2311,29,SYNTH
2026-03-09 13:40:37.550Z,2.2278,123,SYNTH
2026-03-09 13:40:38.813Z,2.2318,123,SYNTH
2026-03-09 13:40:39.737Z,2.2291,66,SYNTH
2026-03-09 13:40:40.573Z,2.2295,86,SYNTH
2026-03-09 13:40:41.656Z,2.2316,50,SYNTH
2026-03-09 13:40:42.735Z,2.2283,36,SYNTH
2026-03-09 13:40:43.518Z,2.2285,34,SYNTH
2026-03-09 13:40:44.701Z,2.2265,30,SYNTH
2026-03-09 13:40:45.387Z,2.2307,46,SYNTH
2026-03-09 13:40:46.741Z,2.2277,82,SYNTH
2026-03-09 13:40:47.809Z,2.2307,79,SYNTH
2026-03-09 13:40:48.298Z,2.2299,43,SYNTH
2026-03-09 13:40:49.789Z,2.2273,57,SYNTH
2026-03-09 13:40:50.370Z,2.2313,65,SYNTH
2026-03-09 13:40:51.399Z,2.2280,28,SYNTH
2026-03-09 13:40:52.639Z,2.2300,61,SYNTH
2026-03-09 13:40:53.799Z,2.2283,49,SYNTH
2026-03-09 13:40:54.074Z,2.2280,61,SYNTH
2026-03-09 13:40:55.796Z,2.2301,73,SYNTH
2026-03-09 13:40:56.459Z,2.2285,67,SYNTH
2026-03-09 13:40:57.685Z,2.2309,47,SYNTH
2026-03-09 13:40:58.180Z,2.2285,68,SYNTH
2026-03-09 13:40:59.686Z,2.2290,67,SYNTH
2026-03-09 13:41:00.239Z,2.2407,29,SYNTH
2026-03-09 13:41:01.058Z,2.2394,33,SYNTH
2026-03-09 13:41:02.179Z,2.2395,37,SYNTH
2026-03-09 13:41:03.493Z,2.2407,34,SYNTH
2026-03-09 13:41:04.698Z,2.2387,25,SYNTH
2026-03-09 13:41:05.762Z,2.2404,15,SYNTH
2026-03-09 13:41:06.369Z,2.2383,26,SYNTH
2026-03-09 13:41:07.669Z,2.2378,21,SYNTH
2026-03-09 13:41:08.015Z,2.2406,29,SYNTH
2026-03-09 13:41:09.266Z,2.2385,34,SYNTH
2026-03-09 13:41:10.344Z,2.2407,33,SYNTH
2026-03-09 13:41:11.859Z,2.2410,61,SYNTH
2026-03-09 13:41:12.068Z,2.2383,44,SYNTH
2026-03-09 13:41:13.143Z,2.2407,79,SYNTH
2026-03-09 13:41:14.617Z,2.2386,17,SYNTH
2026-03-09 13:41:15.822Z,2.2400,29,SYNTH
2026-03-09 13:41:16.467Z,2.2391,31,SYNTH
2026-03-09 13:41:17.769Z,2.2404,27,SYNTH
2026-03-09 13:41:18.072Z,2.2375,48,SYNTH
2026-03-09 13:41:19.263Z,2.2398,21,SYNTH
2026-03-09 13:41:20.182Z,2.2416,16,SYNTH
2026-03-09 13:41:21.202Z,2.2416,26,SYNTH
2026-03-09 13:41:22.653Z,2.2397,21,SYNTH
2026-03-09 13:41:23.606Z,2.2410,14,SYNTH
2026-03-09 13:41:24.684Z,2.2404,16,SYNTH
2026-03-09 13:41:25.563Z,2.2396,13,SYNTH
2026-03-09 13:41:26.720Z,2.2392,23,SYNTH
2026-03-09 13:41:27.243Z,2.2412,14,SYNTH
2026-03-09 13:41:28.872Z,2.2389,18,SYNTH
2026-03-09 13:41:29.301Z,2.2412,11,SYNTH
2026-03-09 13:41:30.666Z,2.2387,21,SYNTH
2026-03-09 13:41:31.173Z,2.2380,25,SYNTH
2026-03-09 13:41:32.618Z,2.2390,19,SYNTH
2026-03-09 13:41:33.280Z,2.2417,23,SYNTH
2026-03-09 13:41:34.749Z,2.2387,21,SYNTH
2026-03-09 13:41:35.042Z,2.2418,18,SYNTH
2026-03-09 13:41:36.433Z,2.2384,23,SYNTH
2026-03-09 13:41:37.201Z,2.2413,63,SYNTH
2026-03-09 13:41:38.200Z,2.2392,58,SYNTH
2026-03-09 13:41:39.396Z,2.2381,52,SYNTH
2026-03-09 13:41:40.166Z,2.2405,31,SYNTH
2026-03-09 13:41:41.370Z,2.2405,25,SYNTH
2026-03-09 13:41:42.147Z,2.2415,24,SYNTH
2026-03-09 13:41:43.304Z,2.2388,15,SYNTH
2026-03-09 13:41:44.120Z,2.2409,15,SYNTH
2026-03-09 13:41:45.759Z,2.2404,21,SYNTH
2026-03-09 13:41:46.057Z,2.2387,29,SYNTH
2026-03-09 13:41:47.349Z,2.2414,32,SYNTH
2026-03-09 13:41:48.711Z,2.2384,24,SYNTH
2026-03-09 13:41:49.102Z,2.2384,21,SYNTH
2026-03-09 13:41:50.830Z,2.2405,29,SYNTH
2026-03-09 13:41:51.780Z,2.2394,31,SYNTH
2026-03-09 13:41:52.446Z,2.2382,34,SYNTH
2026-03-09 13:41:53.810Z,2.2409,18,SYNTH
2026-03-09 13:41:54.458Z,2.2394,16,SYNTH
2026-03-09 13:41:55.076Z,2.2382,29,SYNTH
2026-03-09 13:41:56.537Z,2.2409,17,SYNTH
2026-03-09 13:41:57.164Z,2.2398,33,SYNTH
2026-03-09 13:41:58.666Z,2.2381,29,SYNTH
2026-03-09 13:41:59.271Z,2.2410,25,SYNTH
2026-03-09 13:44:00.532Z,2.2300,79,SYNTH
2026-03-09 13:44:01.744Z,2.2286,105,SYNTH
2026-03-09 13:44:02.193Z,2.2308,74,SYNTH
2026-03-09 13:44:03.369Z,2.2298,67,SYNTH
2026-03-09 13:44:04.848Z,2.2319,115,SYNTH
2026-03-09 13:44:05.519Z,2.2290,96,SYNTH
2026-03-09 13:44:06.569Z,2.2285,121,SYNTH
2026-03-09 13:44:07.789Z,2.2306,107,SYNTH
2026-03-09 13:44:08.686Z,2.2303,85,SYNTH
2026-03-09 13:44:09.575Z,2.2320,98,SYNTH
2026-03-09 13:44:10.208Z,2.2309,112,SYNTH
2026-03-09 13:44:11.609Z,2.2313,171,SYNTH
2026-03-09 13:44:12.049Z,2.2292,224,SYNTH
2026-03-09 13:44:13.494Z,2.2312,125,SYNTH
2026-03-09 13:44:14.368Z,2.2295,71,SYNTH
2026-03-09 13:44:15.193Z,2.2307,79,SYNTH
2026-03-09 13:44:16.474Z,2.2290,82,SYNTH
2026-03-09 13:44:17.879Z,2.2321,120,SYNTH
2026-03-09 13:44:18.610Z,2.2288,120,SYNTH
2026-03-09 13:44:19.442Z,2.2291,132,SYNTH
2026-03-09 13:44:20.336Z,2.2311,41,SYNTH
2026-03-09 13:44:21.299Z,2.2310,87,SYNTH
2026-03-09 13:44:22.635Z,2.2330,50,SYNTH
2026-03-09 13:44:23.225Z,2.2329,65,SYNTH
2026-03-09 13:44:24.439Z,2.2339,49,SYNTH
2026-03-09 13:44:25.354Z,2.2338,66,SYNTH
2026-03-09 13:44:26.798Z,2.2345,91,SYNTH
2026-03-09 13:44:27.430Z,2.2344,58,SYNTH
2026-03-09 13:44:28.445Z,2.2356,45,SYNTH
2026-03-09 13:44:29.254Z,2.2337,39,SYNTH
2026-03-09 13:44:30.529Z,2.2373,75,SYNTH
2026-03-09 13:44:31.304Z,2.2350,44,SYNTH
2026-03-09 13:44:32.848Z,2.2386,72,SYNTH
2026-03-09 13:44:33.124Z,2.2370,83,SYNTH
2026-03-09 13:44:34.453Z,2.2395,91,SYNTH
2026-03-09 13:44:35.410Z,2.2397,91,SYNTH
2026-03-09 13:44:36.896Z,2.2420,59,SYNTH
2026-03-09 13:44:37.424Z,2.2385,148,SYNTH
2026-03-09 13:44:38.598Z,2.2379,145,SYNTH
2026-03-09 13:44:39.102Z,2.2416,106,SYNTH
2026-03-09 13:44:40.879Z,2.2414,161,SYNTH
2026-03-09 13:44:41.242Z,2.2415,78,SYNTH
2026-03-09 13:44:42.290Z,2.2379,83,SYNTH
2026-03-09 13:44:43.363Z,2.2384,74,SYNTH
2026-03-09 13:44:44.720Z,2.2408,65,SYNTH
2026-03-09 13:44:45.632Z,2.2374,108,SYNTH
2026-03-09 13:44:46.337Z,2.2396,121,SYNTH
2026-03-09 13:44:47.526Z,2.2380,73,SYNTH
2026-03-09 13:44:48.035Z,2.2389,47,SYNTH
2026-03-09 13:44:49.386Z,2.2403,80,SYNTH
2026-03-09 13:44:50.608Z,2.2399,70,SYNTH
2026-03-09 13:44:51.823Z,2.2372,58,SYNTH
2026-03-09 13:44:52.309Z,2.2399,75,SYNTH
2026-03-09 13:44:53.553Z,2.2407,66,SYNTH
2026-03-09 13:44:54.694Z,2.2386,80,SYNTH
2026-03-09 13:44:55.495Z,2.2404,82,SYNTH
2026-03-09 13:44:56.748Z,2.2412,82,SYNTH
2026-03-09 13:44:57.369Z,2.2411,115,SYNTH
2026-03-09 13:44:58.697Z,2.2409,137,SYNTH
2026-03-09 13:44:59.749Z,2.2389,81,SYNTH
2026-03-09 13:45:00.584Z,2.2310,204,SYNTH
2026-03-09 13:45:01.163Z,2.2291,136,SYNTH
2026-03-09 13:45:02.587Z,2.2309,160,SYNTH
2026-03-09 13:45:03.576Z,2.2290,255,SYNTH
2026-03-09 13:45:04.023Z,2.2324,266,SYNTH
2026-03-09 13:45:05.080Z,2.2287,219,SYNTH
2026-03-09 13:45:06.758Z,2.2307,194,SYNTH
2026-03-09 13:45:07.747Z,2.2285,157,SYNTH
2026-03-09 13:45:08.401Z,2.2315,175,SYNTH
2026-03-09 13:45:09.184Z,2.2307,231,SYNTH
2026-03-09 13:45:10.256Z,2.2309,123,SYNTH
2026-03-09 13:45:11.050Z,2.2289,412,SYNTH
2026-03-09 13:45:12.555Z,2.2277,408,SYNTH
2026-03-09 13:45:13.119Z,2.2312,404,SYNTH
2026-03-09 13:45:14.662Z,2.2282,113,SYNTH
2026-03-09 13:45:15.393Z,2.2317,172,SYNTH
2026-03-09 13:45:16.517Z,2.2305,220,SYNTH
2026-03-09 13:45:17.564Z,2.2275,336,SYNTH
2026-03-09 13:45:18.412Z,2.2310,363,SYNTH
2026-03-09 13:45:19.773Z,2.2314,203,SYNTH
2026-03-09 13:45:20.689Z,2.2319,93,SYNTH
2026-03-09 13:45:21.416Z,2.2299,138,SYNTH
2026-03-09 13:45:22.701Z,2.2332,149,SYNTH
2026-03-09 13:45:23.269Z,2.2324,166,SYNTH
2026-03-09 13:45:24.629Z,2.2345,174,SYNTH
2026-03-09 13:45:25.858Z,2.2337,151,SYNTH
2026-03-09 13:45:26.238Z,2.2340,83,SYNTH
2026-03-09 13:45:27.187Z,2.2361,114,SYNTH
2026-03-09 13:45:28.779Z,2.2354,165,SYNTH
2026-03-09 13:45:29.318Z,2.2365,135,SYNTH
2026-03-09 13:45:30.500Z,2.2385,124,SYNTH
2026-03-09 13:45:31.645Z,2.2357,77,SYNTH
2026-03-09 13:45:32.439Z,2.2384,142,SYNTH
2026-03-09 13:45:33.083Z,2.2399,131,SYNTH
2026-03-09 13:45:34.126Z,2.2398,120,SYNTH
2026-03-09 13:45:35.101Z,2.2405,115,SYNTH
2026-03-09 13:45:36.487Z,2.2408,79,SYNTH
2026-03-09 13:45:37.090Z,2.2380,467,SYNTH
2026-03-09 13:45:38.527Z,2.2404,196,SYNTH
2026-03-09 13:45:39.119Z,2.2408,428,SYNTH
2026-03-09 13:45:40.833Z,2.2380,225,SYNTH
2026-03-09 13:45:41.749Z,2.2389,139,SYNTH
2026-03-09 13:45:42.496Z,2.2416,186,SYNTH
2026-03-09 13:45:43.110Z,2.2385,125,SYNTH
2026-03-09 13:45:44.368Z,2.2368,131,SYNTH
2026-03-09 13:45:45.108Z,2.2396,204,SYNTH
2026-03-09 13:45:46.623Z,2.2401,259,SYNTH
2026-03-09 13:45:47.288Z,2.2380,232,SYNTH
2026-03-09 13:45:48.017Z,2.2378,157,SYNTH
2026-03-09 13:45:49.135Z,2.2389,144,SYNTH
2026-03-09 13:45:50.745Z,2.2409,179,SYNTH
2026-03-09 13:45:51.875Z,2.2386,150,SYNTH
2026-03-09 13:45:52.798Z,2.2387,170,SYNTH
2026-03-09 13:45:53.842Z,2.2408,142,SYNTH
2026-03-09 13:45:54.112Z,2.2379,242,SYNTH
2026-03-09 13:45:55.747Z,2.2419,264,SYNTH
2026-03-09 13:45:56.456Z,2.2386,194,SYNTH
2026-03-09 13:45:57.014Z,2.2411,199,SYNTH
2026-03-09 13:45:58.875Z,2.2418,119,SYNTH
2026-03-09 13:45:59.569Z,2.2416,175,SYNTH
2026-03-09 13:47:00.889Z,2.2300,2,SYNTH
2026-03-09 13:47:01.692Z,2.2309,1,SYNTH
2026-03-09 13:47:02.751Z,2.2316,1,SYNTH
2026-03-09 13:47:03.196Z,2.2310,1,SYNTH
2026-03-09 13:47:04.154Z,2.2295,1,SYNTH
2026-03-09 13:47:05.223Z,2.2320,2,SYNTH
2026-03-09 13:47:06.537Z,2.2288,1,SYNTH
2026-03-09 13:47:07.694Z,2.2317,2,SYNTH
2026-03-09 13:47:08.387Z,2.2293,2,SYNTH
2026-03-09 13:47:09.234Z,2.2287,2,SYNTH
2026-03-09 13:47:10.123Z,2.2311,1,SYNTH
2026-03-09 13:47:11.536Z,2.2290,3,SYNTH
2026-03-09 13:47:12.661Z,2.2314,3,SYNTH
2026-03-09 13:47:13.407Z,2.2315,3,SYNTH
2026-03-09 13:47:14.648Z,2.2291,2,SYNTH
2026-03-09 13:47:15.524Z,2.2316,1,SYNTH
2026-03-09 13:47:16.009Z,2.2316,2,SYNTH
2026-03-09 13:47:17.883Z,2.2276,3,SYNTH
2026-03-09 13:47:18.073Z,2.2313,2,SYNTH
2026-03-09 13:47:19.362Z,2.2300,3,SYNTH
2026-03-09 13:47:20.141Z,2.2293,1,SYNTH
2026-03-09 13:47:21.215Z,2.2307,1,SYNTH
2026-03-09 13:47:22.334Z,2.2297,1,SYNTH
2026-03-09 13:47:23.386Z,2.2294,1,SYNTH
2026-03-09 13:47:24.305Z,2.2291,2,SYNTH
2026-03-09 13:47:25.891Z,2.2284,1,SYNTH
2026-03-09 13:47:26.649Z,2.2284,1,SYNTH
2026-03-09 13:47:27.860Z,2.2312,1,SYNTH
2026-03-09 13:47:28.594Z,2.2295,1,SYNTH
2026-03-09 13:47:29.852Z,2.2311,1,SYNTH
2026-03-09 13:47:30.285Z,2.2318,1,SYNTH
2026-03-09 13:47:31.343Z,2.2296,1,SYNTH
2026-03-09 13:47:32.131Z,2.2313,2,SYNTH
2026-03-09 13:47:33.799Z,2.2299,1,SYNTH
2026-03-09 13:47:34.870Z,2.2281,1,SYNTH
2026-03-09 13:47:35.238Z,2.2316,1,SYNTH
2026-03-09 13:47:36.608Z,2.2304,1,SYNTH
2026-03-09 13:47:37.271Z,2.2283,3,SYNTH
2026-03-09 13:47:38.821Z,2.2308,4,SYNTH
2026-03-09 13:47:39.363Z,2.2320,3,SYNTH
2026-03-09 13:47:40.663Z,2.2291,3,SYNTH
2026-03-09 13:47:41.624Z,2.2311,1,SYNTH
2026-03-09 13:47:42.619Z,2.2308,1,SYNTH
2026-03-09 13:47:43.071Z,2.2307,1,SYNTH
2026-03-09 13:47:44.341Z,2.2297,1,SYNTH
2026-03-09 13:47:45.448Z,2.2313,2,SYNTH
2026-03-09 13:47:46.782Z,2.2324,2,SYNTH
2026-03-09 13:47:47.401Z,2.2287,2,SYNTH
2026-03-09 13:47:48.804Z,2.2308,2,SYNTH
2026-03-09 13:47:49.736Z,2.2283,1,SYNTH
2026-03-09 13:47:50.655Z,2.2311,2,SYNTH
2026-03-09 13:47:51.485Z,2.2298,1,SYNTH
2026-03-09 13:47:52.654Z,2.2313,1,SYNTH
2026-03-09 13:47:53.212Z,2.2294,2,SYNTH
2026-03-09 13:47:54.664Z,2.2305,2,SYNTH
2026-03-09 13:47:55.444Z,2.2305,1,SYNTH
2026-03-09 13:47:56.760Z,2.2294,2,SYNTH
2026-03-09 13:47:57.209Z,2.2308,1,SYNTH
2026-03-09 13:47:58.581Z,2.2315,1,SYNTH
2026-03-09 13:47:59.846Z,2.2283,2,SYNTH
2026-03-09 13:48:00.269Z,2.2309,9,SYNTH
2026-03-09 13:48:01.312Z,2.2317,7,SYNTH
2026-03-09 13:48:02.888Z,2.2292,12,SYNTH
2026-03-09 13:48:03.609Z,2.2324,9,SYNTH
2026-03-09 13:48:04.133Z,2.2296,6,SYNTH
2026-03-09 13:48:05.455Z,2.2283,5,SYNTH
2026-03-09 13:48:06.098Z,2.2315,10,SYNTH
2026-03-09 13:48:07.223Z,2.2307,9,SYNTH
2026-03-09 13:48:08.742Z,2.2290,8,SYNTH
2026-03-09 13:48:09.893Z,2.2307,7,SYNTH
2026-03-09 13:48:10.527Z,2.2319,6,SYNTH
2026-03-09 13:48:11.013Z,2.2322,16,SYNTH
2026-03-09 13:48:12.216Z,2.2290,17,SYNTH
2026-03-09 13:48:13.826Z,2.2306,17,SYNTH
2026-03-09 13:48:14.528Z,2.2307,10,SYNTH
2026-03-09 13:48:15.133Z,2.2300,6,SYNTH
2026-03-09 13:48:16.162Z,2.2292,15,SYNTH
2026-03-09 13:48:17.545Z,2.2313,8,SYNTH
2026-03-09 13:48:18.084Z,2.2294,15,SYNTH
2026-03-09 13:48:19.022Z,2.2288,10,SYNTH
2026-03-09 13:48:20.263Z,2.2313,7,SYNTH
2026-03-09 13:48:21.546Z,2.2316,6,SYNTH
2026-03-09 13:48:22.160Z,2.2291,5,SYNTH
2026-03-09 13:48:23.199Z,2.2307,6,SYNTH
2026-03-09 13:48:24.081Z,2.2288,6,SYNTH
2026-03-09 13:48:25.837Z,2.2306,4,SYNTH
2026-03-09 13:48:26.612Z,2.2294,8,SYNTH
2026-03-09 13:48:27.021Z,2.2280,5,SYNTH
2026-03-09 13:48:28.303Z,2.2288,8,SYNTH
2026-03-09 13:48:29.058Z,2.2288,4,SYNTH
2026-03-09 13:48:30.644Z,2.2310,9,SYNTH
2026-03-09 13:48:31.886Z,2.2318,8,SYNTH
2026-03-09 13:48:32.562Z,2.2275,7,SYNTH
2026-03-09 13:48:33.105Z,2.2315,6,SYNTH
2026-03-09 13:48:34.348Z,2.2319,6,SYNTH
2026-03-09 13:48:35.513Z,2.2285,4,SYNTH
2026-03-09 13:48:36.821Z,2.2287,6,SYNTH
2026-03-09 13:48:37.546Z,2.2317,16,SYNTH
2026-03-09 13:48:38.821Z,2.2316,22,SYNTH
2026-03-09 13:48:39.882Z,2.2293,11,SYNTH
2026-03-09 13:48:40.615Z,2.2282,19,SYNTH
2026-03-09 13:48:41.006Z,2.2293,9,SYNTH
2026-03-09 13:48:42.125Z,2.2323,9,SYNTH
2026-03-09 13:48:43.026Z,2.2283,8,SYNTH
2026-03-09 13:48:44.828Z,2.2312,7,SYNTH
2026-03-09 13:48:45.541Z,2.2313,10,SYNTH
2026-03-09 13:48:46.260Z,2.2309,16,SYNTH
2026-03-09 13:48:47.293Z,2.2306,11,SYNTH
2026-03-09 13:48:48.459Z,2.2285,11,SYNTH
2026-03-09 13:48:49.364Z,2.2312,8,SYNTH
2026-03-09 13:48:50.860Z,2.2313,6,SYNTH
2026-03-09 13:48:51.497Z,2.2292,8,SYNTH
2026-03-09 13:48:52.279Z,2.2317,10,SYNTH
2026-03-09 13:48:53.853Z,2.2315,12,SYNTH
2026-03-09 13:48:54.735Z,2.2322,12,SYNTH
2026-03-09 13:48:55.744Z,2.2312,6,SYNTH
2026-03-09 13:48:56.286Z,2.2296,13,SYNTH
2026-03-09 13:48:57.731Z,2.2301,8,SYNTH
2026-03-09 13:48:58.411Z,2.2279,6,SYNTH
2026-03-09 13:48:59.685Z,2.2311,14,SYNTH
2026-03-09 13:49:00.759Z,2.2210,14,SYNTH
2026-03-09 13:49:01.101Z,2.2184,10,SYNTH
2026-03-09 13:49:02.393Z,2.2218,10,SYNTH
2026-03-09 13:49:03.492Z,2.2187,11,SYNTH
2026-03-09 13:49:04.886Z,2.2221,10,SYNTH
2026-03-09 13:49:05.664Z,2.2179,17,SYNTH
2026-03-09 13:49:06.365Z,2.2188,12,SYNTH
2026-03-09 13:49:07.631Z,2.2221,18,SYNTH
2026-03-09 13:49:08.230Z,2.2183,9,SYNTH
2026-03-09 13:49:09.268Z,2.2212,16,SYNTH
2026-03-09 13:49:10.741Z,2.2189,8,SYNTH
2026-03-09 13:49:11.163Z,2.2217,37,SYNTH
2026-03-09 13:49:12.681Z,2.2197,40,SYNTH
2026-03-09 13:49:13.329Z,2.2200,25,SYNTH
2026-03-09 13:49:14.503Z,2.2179,9,SYNTH
2026-03-09 13:49:15.175Z,2.2207,8,SYNTH
2026-03-09 13:49:16.367Z,2.2202,26,SYNTH
2026-03-09 13:49:17.506Z,2.2212,21,SYNTH
2026-03-09 13:49:18.741Z,2.2177,19,SYNTH
2026-03-09 13:49:19.666Z,2.2196,17,SYNTH
2026-03-09 13:49:20.250Z,2.2214,14,SYNTH
2026-03-09 13:49:21.091Z,2.2181,7,SYNTH
2026-03-09 13:49:22.676Z,2.2160,11,SYNTH
2026-03-09 13:49:23.879Z,2.2155,11,SYNTH
2026-03-09 13:49:24.346Z,2.2137,8,SYNTH
2026-03-09 13:49:25.208Z,2.2126,10,SYNTH
2026-03-09 13:49:26.698Z,2.2119,13,SYNTH
2026-03-09 13:49:27.567Z,2.2095,10,SYNTH
2026-03-09 13:49:28.042Z,2.2095,10,SYNTH
2026-03-09 13:49:29.550Z,2.2073,7,SYNTH
2026-03-09 13:49:30.146Z,2.2068,8,SYNTH
2026-03-09 13:49:31.646Z,2.2048,14,SYNTH
2026-03-09 13:49:32.782Z,2.2038,7,SYNTH
2026-03-09 13:49:33.636Z,2.2027,7,SYNTH
2026-03-09 13:49:34.286Z,2.2005,9,SYNTH
2026-03-09 13:49:35.784Z,2.2007,14,SYNTH
2026-03-09 13:49:36.246Z,2.1987,12,SYNTH
2026-03-09 13:49:37.684Z,2.1992,34,SYNTH
2026-03-09 13:49:38.426Z,2.2012,23,SYNTH
2026-03-09 13:49:39.235Z,2.2002,25,SYNTH
2026-03-09 13:49:40.665Z,2.2025,27,SYNTH
2026-03-09 13:49:41.424Z,2.2026,9,SYNTH
2026-03-09 13:49:42.236Z,2.2023,13,SYNTH
2026-03-09 13:49:43.421Z,2.2038,15,SYNTH
2026-03-09 13:49:44.456Z,2.2024,7,SYNTH
2026-03-09 13:49:45.654Z,2.2031,23,SYNTH
2026-03-09 13:49:46.302Z,2.2024,17,SYNTH
2026-03-09 13:49:47.379Z,2.2046,14,SYNTH
2026-03-09 13:49:48.862Z,2.2012,13,SYNTH
2026-03-09 13:49:49.475Z,2.2017,16,SYNTH
2026-03-09 13:49:50.860Z,2.2032,10,SYNTH
2026-03-09 13:49:51.220Z,2.1999,14,SYNTH
2026-03-09 13:49:52.818Z,2.2005,15,SYNTH
2026-03-09 13:49:53.861Z,2.2033,20,SYNTH
2026-03-09 13:49:54.434Z,2.1995,19,SYNTH
2026-03-09 13:49:55.725Z,2.1996,11,SYNTH
2026-03-09 13:49:56.721Z,2.1981,15,SYNTH
2026-03-09 13:49:57.403Z,2.1991,17,SYNTH
2026-03-09 13:49:58.049Z,2.2015,21,SYNTH
2026-03-09 13:49:59.651Z,2.2006,19,SYNTH
2026-03-09 13:50:00.506Z,2.2008,20,SYNTH
2026-03-09 13:50:01.100Z,2.2006,19,SYNTH
2026-03-09 13:50:02.386Z,2.1992,13,SYNTH
2026-03-09 13:50:03.768Z,2.2007,28,SYNTH
2026-03-09 13:50:04.580Z,2.2020,21,SYNTH
2026-03-09 13:50:05.620Z,2.1987,22,SYNTH
2026-03-09 13:50:06.203Z,2.2008,11,SYNTH
2026-03-09 13:50:07.846Z,2.2006,15,SYNTH
2026-03-09 13:50:08.310Z,2.1987,23,SYNTH
2026-03-09 13:50:09.326Z,2.2011,16,SYNTH
2026-03-09 13:50:10.635Z,2.2006,19,SYNTH
2026-03-09 13:50:11.058Z,2.1996,61,SYNTH
2026-03-09 13:50:12.455Z,2.1980,34,SYNTH
2026-03-09 13:50:13.382Z,2.2013,48,SYNTH
2026-03-09 13:50:14.633Z,2.1994,13,SYNTH
2026-03-09 13:50:15.014Z,2.2008,20,SYNTH
2026-03-09 13:50:16.077Z,2.2013,22,SYNTH
2026-03-09 13:50:17.736Z,2.2010,27,SYNTH
2026-03-09 13:50:18.332Z,2.1990,28,SYNTH
2026-03-09 13:50:19.438Z,2.2018,31,SYNTH
2026-03-09 13:50:20.818Z,2.1990,18,SYNTH
2026-03-09 13:50:21.598Z,2.2000,17,SYNTH
2026-03-09 13:50:22.460Z,2.2016,16,SYNTH
2026-03-09 13:50:23.100Z,2.1980,17,SYNTH
2026-03-09 13:50:24.378Z,2.2010,20,SYNTH
2026-03-09 13:50:25.424Z,2.2012,18,SYNTH
2026-03-09 13:50:26.386Z,2.1988,9,SYNTH
2026-03-09 13:50:27.027Z,2.2017,19,SYNTH
2026-03-09 13:50:28.723Z,2.2016,15,SYNTH
2026-03-09 13:50:29.199Z,2.2013,9,SYNTH
2026-03-09 13:50:30.506Z,2.1987,19,SYNTH
2026-03-09 13:50:31.246Z,2.2003,13,SYNTH
2026-03-09 13:50:32.688Z,2.2013,16,SYNTH
2026-03-09 13:50:33.558Z,2.1987,17,SYNTH
2026-03-09 13:50:34.581Z,2.2010,9,SYNTH
2026-03-09 13:50:35.271Z,2.2004,20,SYNTH
2026-03-09 13:50:36.639Z,2.2021,13,SYNTH
2026-03-09 13:50:37.734Z,2.1986,32,SYNTH
2026-03-09 13:50:38.431Z,2.2006,47,SYNTH
2026-03-09 13:50:39.004Z,2.1982,50,SYNTH
2026-03-09 13:50:40.433Z,2.1996,23,SYNTH
2026-03-09 13:50:41.665Z,2.2003,20,SYNTH
2026-03-09 13:50:42.705Z,2.1988,18,SYNTH
2026-03-09 13:50:43.623Z,2.2014,13,SYNTH
2026-03-09 13:50:44.665Z,2.2003,14,SYNTH
2026-03-09 13:50:45.079Z,2.1984,28,SYNTH
2026-03-09 13:50:46.611Z,2.2008,18,SYNTH
2026-03-09 13:50:47.792Z,2.2002,27,SYNTH
2026-03-09 13:50:48.734Z,2.2013,16,SYNTH
2026-03-09 13:50:49.396Z,2.2014,22,SYNTH
2026-03-09 13:50:50.799Z,2.1990,14,SYNTH
2026-03-09 13:50:51.356Z,2.1997,15,SYNTH
2026-03-09 13:50:52.468Z,2.1987,24,SYNTH
2026-03-09 13:50:53.204Z,2.2015,14,SYNTH
2026-03-09 13:50:54.656Z,2.2000,16,SYNTH
2026-03-09 13:50:55.165Z,2.2014,24,SYNTH
2026-03-09 13:50:56.161Z,2.2014,25,SYNTH
2026-03-09 13:50:57.704Z,2.1983,19,SYNTH
2026-03-09 13:50:58.832Z,2.2017,30,SYNTH
2026-03-09 13:50:59.278Z,2.1986,27,SYNTH
2026-03-09 13:51:00.696Z,2.1918,3,SYNTH
2026-03-09 13:51:01.706Z,2.1911,3,SYNTH
2026-03-09 13:51:02.448Z,2.1895,3,SYNTH
2026-03-09 13:51:03.420Z,2.1899,2,SYNTH
2026-03-09 13:51:04.219Z,2.1916,2,SYNTH
2026-03-09 13:51:05.235Z,2.1881,2,SYNTH
2026-03-09 13:51:06.121Z,2.1908,3,SYNTH
2026-03-09 13:51:07.841Z,2.1885,3,SYNTH
2026-03-09 13:51:08.600Z,2.1918,3,SYNTH
2026-03-09 13:51:09.124Z,2.1920,2,SYNTH
2026-03-09 13:51:10.205Z,2.1886,2,SYNTH
2026-03-09 13:51:11.421Z,2.1889,4,SYNTH
2026-03-09 13:51:12.108Z,2.1905,6,SYNTH
2026-03-09 13:51:13.742Z,2.1893,6,SYNTH
2026-03-09 13:51:14.782Z,2.1906,2,SYNTH
2026-03-09 13:51:15.531Z,2.1913,1,SYNTH
2026-03-09 13:51:16.808Z,2.1894,4,SYNTH
2026-03-09 13:51:17.106Z,2.1919,4,SYNTH
2026-03-09 13:51:18.057Z,2.1883,2,SYNTH
2026-03-09 13:51:19.532Z,2.1918,3,SYNTH
2026-03-09 13:51:20.750Z,2.1920,2,SYNTH
2026-03-09 13:51:21.564Z,2.1890,1,SYNTH
2026-03-09 13:51:22.119Z,2.1917,2,SYNTH
2026-03-09 13:51:23.637Z,2.1881,2,SYNTH
2026-03-09 13:51:24.705Z,2.1891,2,SYNTH
2026-03-09 13:51:25.095Z,2.1919,2,SYNTH
2026-03-09 13:51:26.345Z,2.1892,2,SYNTH
2026-03-09 13:51:27.302Z,2.1905,2,SYNTH
2026-03-09 13:51:28.794Z,2.1895,1,SYNTH
2026-03-09 13:51:29.686Z,2.1888,2,SYNTH
2026-03-09 13:51:30.685Z,2.1905,2,SYNTH
2026-03-09 13:51:31.447Z,2.1916,2,SYNTH
2026-03-09 13:51:32.773Z,2.1878,2,SYNTH
2026-03-09 13:51:33.491Z,2.1911,2,SYNTH
2026-03-09 13:51:34.815Z,2.1883,2,SYNTH
2026-03-09 13:51:35.253Z,2.1922,1,SYNTH
2026-03-09 13:51:36.110Z,2.1895,2,SYNTH
2026-03-09 13:51:37.650Z,2.1877,3,SYNTH
2026-03-09 13:51:38.334Z,2.1909,4,SYNTH
2026-03-09 13:51:39.852Z,2.1884,3,SYNTH
2026-03-09 13:51:40.572Z,2.1918,6,SYNTH
2026-03-09 13:51:41.730Z,2.1899,1,SYNTH
2026-03-09 13:51:42.722Z,2.1914,1,SYNTH
2026-03-09 13:51:43.450Z,2.1913,1,SYNTH
2026-03-09 13:51:44.255Z,2.1880,1,SYNTH
2026-03-09 13:51:45.836Z,2.1908,2,SYNTH
2026-03-09 13:51:46.431Z,2.1881,3,SYNTH
2026-03-09 13:51:47.771Z,2.1878,2,SYNTH
2026-03-09 13:51:48.505Z,2.1908,2,SYNTH
2026-03-09 13:51:49.277Z,2.1920,2,SYNTH
2026-03-09 13:51:50.528Z,2.1895,1,SYNTH
2026-03-09 13:51:51.291Z,2.1916,2,SYNTH
2026-03-09 13:51:52.880Z,2.1884,2,SYNTH
2026-03-09 13:51:53.092Z,2.1912,2,SYNTH
2026-03-09 13:51:54.646Z,2.1918,2,SYNTH
2026-03-09 13:51:55.087Z,2.1920,2,SYNTH
2026-03-09 13:51:56.646Z,2.1889,3,SYNTH
2026-03-09 13:51:57.079Z,2.1916,2,SYNTH
2026-03-09 13:51:58.417Z,2.1878,2,SYNTH
2026-03-09 13:51:59.549Z,2.1904,2,SYNTH
2026-03-09 13:52:00.413Z,2.1913,12,SYNTH
2026-03-09 13:52:01.241Z,2.1905,12,SYNTH
2026-03-09 13:52:02.273Z,2.1884,21,SYNTH
2026-03-09 13:52:03.492Z,2.1918,17,SYNTH
2026-03-09 13:52:04.165Z,2.1913,23,SYNTH
2026-03-09 13:52:05.721Z,2.1907,11,SYNTH
2026-03-09 13:52:06.567Z,2.1896,14,SYNTH
2026-03-09 13:52:07.002Z,2.1919,17,SYNTH
2026-03-09 13:52:08.357Z,2.1888,10,SYNTH
2026-03-09 13:52:09.114Z,2.1886,18,SYNTH
2026-03-09 13:52:10.310Z,2.1907,20,SYNTH
2026-03-09 13:52:11.398Z,2.1917,28,SYNTH
2026-03-09 13:52:12.552Z,2.1913,46,SYNTH
2026-03-09 13:52:13.553Z,2.1886,44,SYNTH
2026-03-09 13:52:14.727Z,2.1909,16,SYNTH
2026-03-09 13:52:15.195Z,2.1884,16,SYNTH
2026-03-09 13:52:16.647Z,2.1918,25,SYNTH
2026-03-09 13:52:17.074Z,2.1887,18,SYNTH
2026-03-09 13:52:18.713Z,2.1905,18,SYNTH
2026-03-09 13:52:19.588Z,2.1896,23,SYNTH
2026-03-09 13:52:20.298Z,2.1915,16,SYNTH
2026-03-09 13:52:21.369Z,2.1907,14,SYNTH
2026-03-09 13:52:22.876Z,2.1880,7,SYNTH
2026-03-09 13:52:23.119Z,2.1910,7,SYNTH
2026-03-09 13:52:24.629Z,2.1887,15,SYNTH
2026-03-09 13:52:25.326Z,2.1921,10,SYNTH
2026-03-09 13:52:26.652Z,2.1883,13,SYNTH
2026-03-09 13:52:27.300Z,2.1888,8,SYNTH
2026-03-09 13:52:28.210Z,2.1885,16,SYNTH
2026-03-09 13:52:29.311Z,2.1897,12,SYNTH
2026-03-09 13:52:30.244Z,2.1901,7,SYNTH
2026-03-09 13:52:31.770Z,2.1881,13,SYNTH
2026-03-09 13:52:32.594Z,2.1885,13,SYNTH
2026-03-09 13:52:33.187Z,2.1915,13,SYNTH
2026-03-09 13:52:34.754Z,2.1879,13,SYNTH
2026-03-09 13:52:35.336Z,2.1907,14,SYNTH
2026-03-09 13:52:36.241Z,2.1887,11,SYNTH
2026-03-09 13:52:37.271Z,2.1902,35,SYNTH
2026-03-09 13:52:38.460Z,2.1918,19,SYNTH
2026-03-09 13:52:39.075Z,2.1909,27,SYNTH
2026-03-09 13:52:40.796Z,2.1908,22,SYNTH
2026-03-09 13:52:41.163Z,2.1890,11,SYNTH
2026-03-09 13:52:42.403Z,2.1915,14,SYNTH
2026-03-09 13:52:43.569Z,2.1878,13,SYNTH
2026-03-09 13:52:44.229Z,2.1905,8,SYNTH
2026-03-09 13:52:45.186Z,2.1900,28,SYNTH
2026-03-09 13:52:46.560Z,2.1912,15,SYNTH
2026-03-09 13:52:47.311Z,2.1891,24,SYNTH
2026-03-09 13:52:48.083Z,2.1894,11,SYNTH
2026-03-09 13:52:49.252Z,2.1880,16,SYNTH
2026-03-09 13:52:50.673Z,2.1897,21,SYNTH
2026-03-09 13:52:51.864Z,2.1896,12,SYNTH
2026-03-09 13:52:52.827Z,2.1901,10,SYNTH
2026-03-09 13:52:53.639Z,2.1916,21,SYNTH
2026-03-09 13:52:54.004Z,2.1880,22,SYNTH
2026-03-09 13:52:55.686Z,2.1921,15,SYNTH
2026-03-09 13:52:56.178Z,2.1906,11,SYNTH
2026-03-09 13:52:57.418Z,2.1886,21,SYNTH
2026-03-09 13:52:58.425Z,2.1909,20,SYNTH
2026-03-09 13:52:59.385Z,2.1903,19,SYNTH
2026-03-09 13:53:00.298Z,2.1914,2,SYNTH
2026-03-09 13:53:01.296Z,2.1889,3,SYNTH
2026-03-09 13:53:02.149Z,2.1908,3,SYNTH
2026-03-09 13:53:03.665Z,2.1883,2,SYNTH
2026-03-09 13:53:04.146Z,2.1904,1,SYNTH
2026-03-09 13:53:05.306Z,2.1904,1,SYNTH
2026-03-09 13:53:06.788Z,2.1891,3,SYNTH
2026-03-09 13:53:07.399Z,2.1889,2,SYNTH
2026-03-09 13:53:08.524Z,2.1901,2,SYNTH
2026-03-09 13:53:09.740Z,2.1909,1,SYNTH
2026-03-09 13:53:10.672Z,2.1884,2,SYNTH
2026-03-09 13:53:11.465Z,2.1912,6,SYNTH
2026-03-09 13:53:12.639Z,2.1898,4,SYNTH
2026-03-09 13:53:13.123Z,2.1880,4,SYNTH
2026-03-09 13:53:14.161Z,2.1919,1,SYNTH
2026-03-09 13:53:15.514Z,2.1893,2,SYNTH
2026-03-09 13:53:16.768Z,2.1885,2,SYNTH
2026-03-09 13:53:17.850Z,2.1904,4,SYNTH
2026-03-09 13:53:18.614Z,2.1922,3,SYNTH
2026-03-09 13:53:19.322Z,2.1881,3,SYNTH
2026-03-09 13:53:20.197Z,2.1884,1,SYNTH
2026-03-09 13:53:21.507Z,2.1916,2,SYNTH
2026-03-09 13:53:22.254Z,2.1887,1,SYNTH
2026-03-09 13:53:23.265Z,2.1920,2,SYNTH
2026-03-09 13:53:24.843Z,2.1891,1,SYNTH
2026-03-09 13:53:25.601Z,2.1883,1,SYNTH
2026-03-09 13:53:26.215Z,2.1910,2,SYNTH
2026-03-09 13:53:27.407Z,2.1900,1,SYNTH
2026-03-09 13:53:28.171Z,2.1894,1,SYNTH
2026-03-09 13:53:29.078Z,2.1916,1,SYNTH
2026-03-09 13:53:30.867Z,2.1880,1,SYNTH
2026-03-09 13:53:31.481Z,2.1890,1,SYNTH
2026-03-09 13:53:32.481Z,2.1916,2,SYNTH
2026-03-09 13:53:33.463Z,2.1877,2,SYNTH
2026-03-09 13:53:34.090Z,2.1917,2,SYNTH
2026-03-09 13:53:35.481Z,2.1888,2,SYNTH
2026-03-09 13:53:36.675Z,2.1914,1,SYNTH
2026-03-09 13:53:37.282Z,2.1891,5,SYNTH
2026-03-09 13:53:38.831Z,2.1904,3,SYNTH
2026-03-09 13:53:39.380Z,2.1907,5,SYNTH
2026-03-09 13:53:40.621Z,2.1888,3,SYNTH
2026-03-09 13:53:41.318Z,2.1912,1,SYNTH
2026-03-09 13:53:42.654Z,2.1897,2,SYNTH
2026-03-09 13:53:43.453Z,2.1903,1,SYNTH
2026-03-09 13:53:44.548Z,2.1879,2,SYNTH
2026-03-09 13:53:45.262Z,2.1879,3,SYNTH
2026-03-09 13:53:46.700Z,2.1908,2,SYNTH
2026-03-09 13:53:47.037Z,2.1899,4,SYNTH
2026-03-09 13:53:48.320Z,2.1901,2,SYNTH
2026-03-09 13:53:49.794Z,2.1920,2,SYNTH
2026-03-09 13:53:50.880Z,2.1918,1,SYNTH
2026-03-09 13:53:51.320Z,2.1907,1,SYNTH
2026-03-09 13:53:52.829Z,2.1894,3,SYNTH
2026-03-09 13:53:53.144Z,2.1920,2,SYNTH
2026-03-09 13:53:54.529Z,2.1893,2,SYNTH
2026-03-09 13:53:55.811Z,2.1904,3,SYNTH
2026-03-09 13:53:56.813Z,2.1880,2,SYNTH
2026-03-09 13:53:57.091Z,2.1906,2,SYNTH
2026-03-09 13:53:58.260Z,2.1882,2,SYNTH
2026-03-09 13:53:59.603Z,2.1917,2,SYNTH
2026-03-09 13:54:00.422Z,2.1811,13,SYNTH
2026-03-09 13:54:01.189Z,2.1809,19,SYNTH
2026-03-09 13:54:02.512Z,2.1788,25,SYNTH
2026-03-09 13:54:03.783Z,2.1801,14,SYNTH
2026-03-09 13:54:04.465Z,2.1816,29,SYNTH
2026-03-09 13:54:05.433Z,2.1819,21,SYNTH
2026-03-09 13:54:06.549Z,2.1783,18,SYNTH
2026-03-09 13:54:07.592Z,2.1812,27,SYNTH
2026-03-09 13:54:08.109Z,2.1785,14,SYNTH
2026-03-09 13:54:09.484Z,2.1783,15,SYNTH
2026-03-09 13:54:10.202Z,2.1807,19,SYNTH
2026-03-09 13:54:11.462Z,2.1777,29,SYNTH
2026-03-09 13:54:12.894Z,2.1812,36,SYNTH
2026-03-09 13:54:13.859Z,2.1816,27,SYNTH
2026-03-09 13:54:14.475Z,2.1777,18,SYNTH
2026-03-09 13:54:15.126Z,2.1804,22,SYNTH
2026-03-09 13:54:16.180Z,2.1784,31,SYNTH
2026-03-09 13:54:17.346Z,2.1814,36,SYNTH
2026-03-09 13:54:18.106Z,2.1810,29,SYNTH
2026-03-09 13:54:19.497Z,2.1780,21,SYNTH
2026-03-09 13:54:20.419Z,2.1818,15,SYNTH
2026-03-09 13:54:21.076Z,2.1798,11,SYNTH
2026-03-09 13:54:22.131Z,2.1819,17,SYNTH
2026-03-09 13:54:23.854Z,2.1808,21,SYNTH
2026-03-09 13:54:24.604Z,2.1794,12,SYNTH
2026-03-09 13:54:25.501Z,2.1786,13,SYNTH
2026-03-09 13:54:26.385Z,2.1819,9,SYNTH
2026-03-09 13:54:27.625Z,2.1785,13,SYNTH
2026-03-09 13:54:28.769Z,2.1785,16,SYNTH
2026-03-09 13:54:29.536Z,2.1809,10,SYNTH
2026-03-09 13:54:30.263Z,2.1811,17,SYNTH
2026-03-09 13:54:31.541Z,2.1780,13,SYNTH
2026-03-09 13:54:32.069Z,2.1814,9,SYNTH
2026-03-09 13:54:33.469Z,2.1781,19,SYNTH
2026-03-09 13:54:34.178Z,2.1786,15,SYNTH
2026-03-09 13:54:35.641Z,2.1807,12,SYNTH
2026-03-09 13:54:36.188Z,2.1779,13,SYNTH
2026-03-09 13:54:37.717Z,2.1807,42,SYNTH
2026-03-09 13:54:38.806Z,2.1785,49,SYNTH
2026-03-09 13:54:39.322Z,2.1819,40,SYNTH
2026-03-09 13:54:40.247Z,2.1806,46,SYNTH
2026-03-09 13:54:41.053Z,2.1792,17,SYNTH
2026-03-09 13:54:42.295Z,2.1820,16,SYNTH
2026-03-09 13:54:43.004Z,2.1819,13,SYNTH
2026-03-09 13:54:44.241Z,2.1781,18,SYNTH
2026-03-09 13:54:45.394Z,2.1798,17,SYNTH
2026-03-09 13:54:46.411Z,2.1818,33,SYNTH
2026-03-09 13:54:47.868Z,2.1805,18,SYNTH
2026-03-09 13:54:48.298Z,2.1796,22,SYNTH
2026-03-09 13:54:49.650Z,2.1782,22,SYNTH
2026-03-09 13:54:50.086Z,2.1810,18,SYNTH
2026-03-09 13:54:51.580Z,2.1792,15,SYNTH
2026-03-09 13:54:52.274Z,2.1805,13,SYNTH
2026-03-09 13:54:53.455Z,2.1818,22,SYNTH
2026-03-09 13:54:54.335Z,2.1811,13,SYNTH
2026-03-09 13:54:55.353Z,2.1786,27,SYNTH
2026-03-09 13:54:56.722Z,2.1795,24,SYNTH
2026-03-09 13:54:57.653Z,2.1806,26,SYNTH
2026-03-09 13:54:58.767Z,2.1820,28,SYNTH
2026-03-09 13:54:59.201Z,2.1785,26,SYNTH
2026-03-09 13:55:00.659Z,2.1811,3,SYNTH
2026-03-09 13:55:01.490Z,2.1820,2,SYNTH
2026-03-09 13:55:02.671Z,2.1814,1,SYNTH
2026-03-09 13:55:03.741Z,2.1784,2,SYNTH
2026-03-09 13:55:04.130Z,2.1787,3,SYNTH
2026-03-09 13:55:05.054Z,2.1805,1,SYNTH
2026-03-09 13:55:06.395Z,2.1787,3,SYNTH
2026-03-09 13:55:07.512Z,2.1787,2,SYNTH
2026-03-09 13:55:08.404Z,2.1804,2,SYNTH
2026-03-09 13:55:09.789Z,2.1788,1,SYNTH
2026-03-09 13:55:10.691Z,2.1810,2,SYNTH
2026-03-09 13:55:11.004Z,2.1813,4,SYNTH
2026-03-09 13:55:12.722Z,2.1812,3,SYNTH
2026-03-09 13:55:13.371Z,2.1798,5,SYNTH
2026-03-09 13:55:14.275Z,2.1818,2,SYNTH
2026-03-09 13:55:15.304Z,2.1792,2,SYNTH
2026-03-09 13:55:16.877Z,2.1813,4,SYNTH
2026-03-09 13:55:17.177Z,2.1791,3,SYNTH
2026-03-09 13:55:18.272Z,2.1790,3,SYNTH
2026-03-09 13:55:19.013Z,2.1816,4,SYNTH
2026-03-09 13:55:20.724Z,2.1810,1,SYNTH
2026-03-09 13:55:21.865Z,2.1782,2,SYNTH
2026-03-09 13:55:22.303Z,2.1786,2,SYNTH
2026-03-09 13:55:23.187Z,2.1806,1,SYNTH
2026-03-09 13:55:24.414Z,2.1790,2,SYNTH
2026-03-09 13:55:25.794Z,2.1815,1,SYNTH
2026-03-09 13:55:26.245Z,2.1792,1,SYNTH
2026-03-09 13:55:27.142Z,2.1806,2,SYNTH
2026-03-09 13:55:28.311Z,2.1799,2,SYNTH
2026-03-09 13:55:29.219Z,2.1807,2,SYNTH
2026-03-09 13:55:30.339Z,2.1782,2,SYNTH
2026-03-09 13:55:31.644Z,2.1807,1,SYNTH
2026-03-09 13:55:32.444Z,2.1823,2,SYNTH
2026-03-09 13:55:33.360Z,2.1785,2,SYNTH
2026-03-09 13:55:34.701Z,2.1792,1,SYNTH
2026-03-09 13:55:35.043Z,2.1806,2,SYNTH
2026-03-09 13:55:36.711Z,2.1808,1,SYNTH
2026-03-09 13:55:37.058Z,2.1804,3,SYNTH
2026-03-09 13:55:38.877Z,2.1820,5,SYNTH
2026-03-09 13:55:39.492Z,2.1816,3,SYNTH
2026-03-09 13:55:40.211Z,2.1789,4,SYNTH
2026-03-09 13:55:41.669Z,2.1799,2,SYNTH
2026-03-09 13:55:42.840Z,2.1813,2,SYNTH
2026-03-09 13:55:43.110Z,2.1821,2,SYNTH
2026-03-09 13:55:44.241Z,2.1785,1,SYNTH
2026-03-09 13:55:45.869Z,2.1804,2,SYNTH
2026-03-09 13:55:46.007Z,2.1778,2,SYNTH
2026-03-09 13:55:47.858Z,2.1811,3,SYNTH
2026-03-09 13:55:48.096Z,2.1805,1,SYNTH
2026-03-09 13:55:49.004Z,2.1821,2,SYNTH
2026-03-09 13:55:50.890Z,2.1790,2,SYNTH
2026-03-09 13:55:51.225Z,2.1790,2,SYNTH
2026-03-09 13:55:52.793Z,2.1778,2,SYNTH
2026-03-09 13:55:53.520Z,2.1818,1,SYNTH
2026-03-09 13:55:54.426Z,2.1796,2,SYNTH
2026-03-09 13:55:55.416Z,2.1785,3,SYNTH
2026-03-09 13:55:56.279Z,2.1809,2,SYNTH
2026-03-09 13:55:57.574Z,2.1793,3,SYNTH
2026-03-09 13:55:58.467Z,2.1791,3,SYNTH
2026-03-09 13:55:59.167Z,2.1813,3,SYNTH
2026-03-09 13:56:00.251Z,2.1808,19,SYNTH
2026-03-09 13:56:01.372Z,2.1820,19,SYNTH
2026-03-09 13:56:02.722Z,2.1795,24,SYNTH
2026-03-09 13:56:03.852Z,2.1778,26,SYNTH
2026-03-09 13:56:04.789Z,2.1808,22,SYNTH
2026-03-09 13:56:05.099Z,2.1794,16,SYNTH
2026-03-09 13:56:06.624Z,2.1807,13,SYNTH
2026-03-09 13:56:07.876Z,2.1820,19,SYNTH
2026-03-09 13:56:08.348Z,2.1790,27,SYNTH
2026-03-09 13:56:09.558Z,2.1821,12,SYNTH
2026-03-09 13:56:10.140Z,2.1787,24,SYNTH
2026-03-09 13:56:11.758Z,2.1808,58,SYNTH
2026-03-09 13:56:12.345Z,2.1780,52,SYNTH
2026-03-09 13:56:13.818Z,2.1822,66,SYNTH
2026-03-09 13:56:14.850Z,2.1793,23,SYNTH
2026-03-09 13:56:15.489Z,2.1789,21,SYNTH
2026-03-09 13:56:16.517Z,2.1817,25,SYNTH
2026-03-09 13:56:17.518Z,2.1786,26,SYNTH
2026-03-09 13:56:18.896Z,2.1784,36,SYNTH
2026-03-09 13:56:19.859Z,2.1814,41,SYNTH
2026-03-09 13:56:20.308Z,2.1819,16,SYNTH
2026-03-09 13:56:21.351Z,2.1818,10,SYNTH
2026-03-09 13:56:22.776Z,2.1821,22,SYNTH
2026-03-09 13:56:23.342Z,2.1825,17,SYNTH
2026-03-09 13:56:24.565Z,2.1835,14,SYNTH
2026-03-09 13:56:25.153Z,2.1841,12,SYNTH
2026-03-09 13:56:26.504Z,2.1847,21,SYNTH
2026-03-09 13:56:27.833Z,2.1849,22,SYNTH
2026-03-09 13:56:28.401Z,2.1858,20,SYNTH
2026-03-09 13:56:29.021Z,2.1876,9,SYNTH
2026-03-09 13:56:30.519Z,2.1865,17,SYNTH
2026-03-09 13:56:31.614Z,2.1885,13,SYNTH
2026-03-09 13:56:32.261Z,2.1884,20,SYNTH
2026-03-09 13:56:33.166Z,2.1874,17,SYNTH
2026-03-09 13:56:34.267Z,2.1884,23,SYNTH
2026-03-09 13:56:35.322Z,2.1910,10,SYNTH
2026-03-09 13:56:36.053Z,2.1898,21,SYNTH
2026-03-09 13:56:37.159Z,2.1887,28,SYNTH
2026-03-09 13:56:38.381Z,2.1905,35,SYNTH
2026-03-09 13:56:39.313Z,2.1881,40,SYNTH
2026-03-09 13:56:40.019Z,2.1911,26,SYNTH
2026-03-09 13:56:41.627Z,2.1893,17,SYNTH
2026-03-09 13:56:42.069Z,2.1914,11,SYNTH
2026-03-09 13:56:43.853Z,2.1879,20,SYNTH
2026-03-09 13:56:44.314Z,2.1880,13,SYNTH
2026-03-09 13:56:45.313Z,2.1881,23,SYNTH
2026-03-09 13:56:46.782Z,2.1912,25,SYNTH
2026-03-09 13:56:47.788Z,2.1904,27,SYNTH
2026-03-09 13:56:48.569Z,2.1884,25,SYNTH
2026-03-09 13:56:49.129Z,2.1897,20,SYNTH
2026-03-09 13:56:50.039Z,2.1886,24,SYNTH
2026-03-09 13:56:51.398Z,2.1906,21,SYNTH
2026-03-09 13:56:52.588Z,2.1893,17,SYNTH
2026-03-09 13:56:53.609Z,2.1916,18,SYNTH
2026-03-09 13:56:54.698Z,2.1883,29,SYNTH
2026-03-09 13:56:55.176Z,2.1908,16,SYNTH
2026-03-09 13:56:56.186Z,2.1895,20,SYNTH
2026-03-09 13:56:57.833Z,2.1882,33,SYNTH
2026-03-09 13:56:58.074Z,2.1913,20,SYNTH
2026-03-09 13:56:59.887Z,2.1918,19,SYNTH
2026-03-09 13:57:00.792Z,2.1912,13,SYNTH
2026-03-09 13:57:01.281Z,2.1895,13,SYNTH
2026-03-09 13:57:02.879Z,2.1915,7,SYNTH
2026-03-09 13:57:03.044Z,2.1882,8,SYNTH
2026-03-09 13:57:04.582Z,2.1920,7,SYNTH
2026-03-09 13:57:05.229Z,2.1890,8,SYNTH
2026-03-09 13:57:06.725Z,2.1896,6,SYNTH
2026-03-09 13:57:07.478Z,2.1906,8,SYNTH
2026-03-09 13:57:08.773Z,2.1914,11,SYNTH
2026-03-09 13:57:09.087Z,2.1882,9,SYNTH
2026-03-09 13:57:10.333Z,2.1907,10,SYNTH
2026-03-09 13:57:11.468Z,2.1911,24,SYNTH
2026-03-09 13:57:12.700Z,2.1877,13,SYNTH
2026-03-09 13:57:13.430Z,2.1908,13,SYNTH
2026-03-09 13:57:14.521Z,2.1914,11,SYNTH
2026-03-09 13:57:15.169Z,2.1892,6,SYNTH
2026-03-09 13:57:16.509Z,2.1881,19,SYNTH
2026-03-09 13:57:17.321Z,2.1884,18,SYNTH
2026-03-09 13:57:18.150Z,2.1912,16,SYNTH
2026-03-09 13:57:19.311Z,2.1905,11,SYNTH
2026-03-09 13:57:20.326Z,2.1895,9,SYNTH
2026-03-09 13:57:21.361Z,2.1881,7,SYNTH
2026-03-09 13:57:22.119Z,2.1918,7,SYNTH
2026-03-09 13:57:23.208Z,2.1917,7,SYNTH
2026-03-09 13:57:24.768Z,2.1885,8,SYNTH
2026-03-09 13:57:25.747Z,2.1906,6,SYNTH
2026-03-09 13:57:26.324Z,2.1886,7,SYNTH
2026-03-09 13:57:27.796Z,2.1917,5,SYNTH
2026-03-09 13:57:28.708Z,2.1907,4,SYNTH
2026-03-09 13:57:29.456Z,2.1905,6,SYNTH
2026-03-09 13:57:30.406Z,2.1909,10,SYNTH
2026-03-09 13:57:31.095Z,2.1898,6,SYNTH
2026-03-09 13:57:32.719Z,2.1916,5,SYNTH
2026-03-09 13:57:33.254Z,2.1921,9,SYNTH
2026-03-09 13:57:34.754Z,2.1922,10,SYNTH
2026-03-09 13:57:35.403Z,2.1892,5,SYNTH
2026-03-09 13:57:36.739Z,2.1916,6,SYNTH
2026-03-09 13:57:37.819Z,2.1884,17,SYNTH
2026-03-09 13:57:38.402Z,2.1906,24,SYNTH
2026-03-09 13:57:39.409Z,2.1883,24,SYNTH
2026-03-09 13:57:40.735Z,2.1910,17,SYNTH
2026-03-09 13:57:41.132Z,2.1894,9,SYNTH
2026-03-09 13:57:42.399Z,2.1902,7,SYNTH
2026-03-09 13:57:43.505Z,2.1920,8,SYNTH
2026-03-09 13:57:44.725Z,2.1885,8,SYNTH
2026-03-09 13:57:45.200Z,2.1908,10,SYNTH
2026-03-09 13:57:46.035Z,2.1891,14,SYNTH
2026-03-09 13:57:47.581Z,2.1906,8,SYNTH
2026-03-09 13:57:48.266Z,2.1890,10,SYNTH
2026-03-09 13:57:49.461Z,2.1906,9,SYNTH
2026-03-09 13:57:50.427Z,2.1910,10,SYNTH
2026-03-09 13:57:51.061Z,2.1885,11,SYNTH
2026-03-09 13:57:52.492Z,2.1891,12,SYNTH
2026-03-09 13:57:53.518Z,2.1910,7,SYNTH
2026-03-09 13:57:54.871Z,2.1912,9,SYNTH
2026-03-09 13:57:55.365Z,2.1899,9,SYNTH
2026-03-09 13:57:56.299Z,2.1900,9,SYNTH
2026-03-09 13:57:57.553Z,2.1915,13,SYNTH
2026-03-09 13:57:58.557Z,2.1898,12,SYNTH
2026-03-09 13:57:59.766Z,2.1903,15,SYNTH
2026-03-09 13:59:00.679Z,2.1911,13,SYNTH
2026-03-09 13:59:01.771Z,2.1880,13,SYNTH
2026-03-09 13:59:02.019Z,2.1909,23,SYNTH
2026-03-09 13:59:03.093Z,2.1907,15,SYNTH
2026-03-09 13:59:04.478Z,2.1886,19,SYNTH
2026-03-09 13:59:05.473Z,2.1907,17,SYNTH
2026-03-09 13:59:06.346Z,2.1901,18,SYNTH
2026-03-09 13:59:07.767Z,2.1916,16,SYNTH
2026-03-09 13:59:08.639Z,2.1880,11,SYNTH
2026-03-09 13:59:09.275Z,2.1903,14,SYNTH
2026-03-09 13:59:10.070Z,2.1882,19,SYNTH
2026-03-09 13:59:11.604Z,2.1902,33,SYNTH
2026-03-09 13:59:12.528Z,2.1918,35,SYNTH
2026-03-09 13:59:13.512Z,2.1891,20,SYNTH
2026-03-09 13:59:14.716Z,2.1913,9,SYNTH
2026-03-09 13:59:15.347Z,2.1881,18,SYNTH
2026-03-09 13:59:16.857Z,2.1922,14,SYNTH
2026-03-09 13:59:17.853Z,2.1880,30,SYNTH
2026-03-09 13:59:18.146Z,2.1898,16,SYNTH
2026-03-09 13:59:19.327Z,2.1912,26,SYNTH
2026-03-09 13:59:20.244Z,2.1909,8,SYNTH
2026-03-09 13:59:21.861Z,2.1898,8,SYNTH
2026-03-09 13:59:22.352Z,2.1904,12,SYNTH
2026-03-09 13:59:23.479Z,2.1896,11,SYNTH
2026-03-09 13:59:24.577Z,2.1912,8,SYNTH
2026-03-09 13:59:25.476Z,2.1905,16,SYNTH
2026-03-09 13:59:26.363Z,2.1903,14,SYNTH
2026-03-09 13:59:27.790Z,2.1882,9,SYNTH
2026-03-09 13:59:28.701Z,2.1920,15,SYNTH
2026-03-09 13:59:29.819Z,2.1891,13,SYNTH
2026-03-09 13:59:30.212Z,2.1875,15,SYNTH
2026-03-09 13:59:31.018Z,2.1916,7,SYNTH
2026-03-09 13:59:32.660Z,2.1912,8,SYNTH
2026-03-09 13:59:33.022Z,2.1880,9,SYNTH
2026-03-09 13:59:34.846Z,2.1896,7,SYNTH
2026-03-09 13:59:35.751Z,2.1909,6,SYNTH
2026-03-09 13:59:36.746Z,2.1893,16,SYNTH
2026-03-09 13:59:37.397Z,2.1915,20,SYNTH
2026-03-09 13:59:38.120Z,2.1906,18,SYNTH
2026-03-09 13:59:39.891Z,2.1894,31,SYNTH
2026-03-09 13:59:40.445Z,2.1888,25,SYNTH
2026-03-09 13:59:41.134Z,2.1908,7,SYNTH
2026-03-09 13:59:42.785Z,2.1898,10,SYNTH
2026-03-09 13:59:43.675Z,2.1923,12,SYNTH
2026-03-09 13:59:44.612Z,2.1878,12,SYNTH
2026-03-09 13:59:45.229Z,2.1877,11,SYNTH
2026-03-09 13:59:46.679Z,2.1902,19,SYNTH
2026-03-09 13:59:47.782Z,2.1894,24,SYNTH
2026-03-09 13:59:48.507Z,2.1907,13,SYNTH
2026-03-09 13:59:49.328Z,2.1890,10,SYNTH
2026-03-09 13:59:50.683Z,2.1902,11,SYNTH
2026-03-09 13:59:51.102Z,2.1881,13,SYNTH
2026-03-09 13:59:52.314Z,2.1911,19,SYNTH
2026-03-09 13:59:53.192Z,2.1901,11,SYNTH
2026-03-09 13:59:54.296Z,2.1885,10,SYNTH
2026-03-09 13:59:55.459Z,2.1912,9,SYNTH
2026-03-09 13:59:56.650Z,2.1904,18,SYNTH
2026-03-09 13:59:57.430Z,2.1893,17,SYNTH
2026-03-09 13:59:58.743Z,2.1912,13,SYNTH
2026-03-09 13:59:59.471Z,2.1897,21,SYNTH
2026-03-09 14:00:00.276Z,2.1816,29,SYNTH
2026-03-09 14:00:01.552Z,2.1787,25,SYNTH
2026-03-09 14:00:02.311Z,2.1794,23,SYNTH
2026-03-09 14:00:03.348Z,2.1803,18,SYNTH
2026-03-09 14:00:04.655Z,2.1812,25,SYNTH
2026-03-09 14:00:05.586Z,2.1794,19,SYNTH
2026-03-09 14:00:06.042Z,2.1813,25,SYNTH
2026-03-09 14:00:07.844Z,2.1809,14,SYNTH
2026-03-09 14:00:08.044Z,2.1819,21,SYNTH
2026-03-09 14:00:09.179Z,2.1791,19,SYNTH
2026-03-09 14:00:10.823Z,2.1783,24,SYNTH
2026-03-09 14:00:11.760Z,2.1807,49,SYNTH
2026-03-09 14:00:12.374Z,2.1788,36,SYNTH
2026-03-09 14:00:13.184Z,2.1819,56,SYNTH
2026-03-09 14:00:14.796Z,2.1804,12,SYNTH
2026-03-09 14:00:15.892Z,2.1806,9,SYNTH
2026-03-09 14:00:16.322Z,2.1795,26,SYNTH
2026-03-09 14:00:17.805Z,2.1820,19,SYNTH
2026-03-09 14:00:18.541Z,2.1796,25,SYNTH
2026-03-09 14:00:19.031Z,2.1812,27,SYNTH
2026-03-09 14:00:20.076Z,2.1789,18,SYNTH
2026-03-09 14:00:21.847Z,2.1805,9,SYNTH
2026-03-09 14:00:22.573Z,2.1791,20,SYNTH
2026-03-09 14:00:23.735Z,2.1812,9,SYNTH
2026-03-09 14:00:24.446Z,2.1811,15,SYNTH
2026-03-09 14:00:25.863Z,2.1780,17,SYNTH
2026-03-09 14:00:26.212Z,2.1805,10,SYNTH
2026-03-09 14:00:27.607Z,2.1820,9,SYNTH
2026-03-09 14:00:28.670Z,2.1807,12,SYNTH
2026-03-09 14:00:29.270Z,2.1784,14,SYNTH
2026-03-09 14:00:30.158Z,2.1795,17,SYNTH
2026-03-09 14:00:31.128Z,2.1814,11,SYNTH
2026-03-09 14:00:32.121Z,2.1777,12,SYNTH
2026-03-09 14:00:33.833Z,2.1801,9,SYNTH
2026-03-09 14:00:34.839Z,2.1820,14,SYNTH
2026-03-09 14:00:35.453Z,2.1775,18,SYNTH
2026-03-09 14:00:36.008Z,2.1822,16,SYNTH
2026-03-09 14:00:37.543Z,2.1822,37,SYNTH
2026-03-09 14:00:38.621Z,2.1795,30,SYNTH
2026-03-09 14:00:39.125Z,2.1782,50,SYNTH
2026-03-09 14:00:40.062Z,2.1804,42,SYNTH
2026-03-09 14:00:41.193Z,2.1788,13,SYNTH
2026-03-09 14:00:42.847Z,2.1816,10,SYNTH
2026-03-09 14:00:43.830Z,2.1785,14,SYNTH
2026-03-09 14:00:44.631Z,2.1807,23,SYNTH
2026-03-09 14:00:45.567Z,2.1812,22,SYNTH
2026-03-09 14:00:46.424Z,2.1820,35,SYNTH
2026-03-09 14:00:47.819Z,2.1818,29,SYNTH
2026-03-09 14:00:48.686Z,2.1806,21,SYNTH
2026-03-09 14:00:49.739Z,2.1799,11,SYNTH
2026-03-09 14:00:50.347Z,2.1785,11,SYNTH
2026-03-09 14:00:51.369Z,2.1810,13,SYNTH
2026-03-09 14:00:52.180Z,2.1801,12,SYNTH
2026-03-09 14:00:53.156Z,2.1818,11,SYNTH
2026-03-09 14:00:54.762Z,2.1790,25,SYNTH
2026-03-09 14:00:55.692Z,2.1812,26,SYNTH
2026-03-09 14:00:56.808Z,2.1781,25,SYNTH
2026-03-09 14:00:57.704Z,2.1810,22,SYNTH
2026-03-09 14:00:58.473Z,2.1811,27,SYNTH
2026-03-09 14:00:59.852Z,2.1817,14,SYNTH
2026-03-09 14:05:00.346Z,2.1819,7,SYNTH
2026-03-09 14:05:01.708Z,2.1809,8,SYNTH
2026-03-09 14:05:02.263Z,2.1807,5,SYNTH
2026-03-09 14:05:03.543Z,2.1817,7,SYNTH
2026-03-09 14:05:04.680Z,2.1794,10,SYNTH
2026-03-09 14:05:05.265Z,2.1787,8,SYNTH
2026-03-09 14:05:06.171Z,2.1783,8,SYNTH
2026-03-09 14:05:07.235Z,2.1806,9,SYNTH
2026-03-09 14:05:08.136Z,2.1791,5,SYNTH
2026-03-09 14:05:09.084Z,2.1779,8,SYNTH
2026-03-09 14:05:10.883Z,2.1780,5,SYNTH
2026-03-09 14:05:11.326Z,2.1814,19,SYNTH
2026-03-09 14:05:12.632Z,2.1806,12,SYNTH
2026-03-09 14:05:13.379Z,2.1795,12,SYNTH
2026-03-09 14:05:14.590Z,2.1815,5,SYNTH
2026-03-09 14:05:15.275Z,2.1784,8,SYNTH
2026-03-09 14:05:16.369Z,2.1814,11,SYNTH
2026-03-09 14:05:17.139Z,2.1795,14,SYNTH
2026-03-09 14:05:18.023Z,2.1810,8,SYNTH
2026-03-09 14:05:19.659Z,2.1802,15,SYNTH
2026-03-09 14:05:20.127Z,2.1787,8,SYNTH
2026-03-09 14:05:21.896Z,2.1817,7,SYNTH
2026-03-09 14:05:22.265Z,2.1780,7,SYNTH
2026-03-09 14:05:23.301Z,2.1800,5,SYNTH
2026-03-09 14:05:24.629Z,2.1816,6,SYNTH
2026-03-09 14:05:25.505Z,2.1791,8,SYNTH
2026-03-09 14:05:26.792Z,2.1803,4,SYNTH
2026-03-09 14:05:27.726Z,2.1812,3,SYNTH
2026-03-09 14:05:28.423Z,2.1793,5,SYNTH
2026-03-09 14:05:29.760Z,2.1780,6,SYNTH
2026-03-09 14:05:30.353Z,2.1806,7,SYNTH
2026-03-09 14:05:31.025Z,2.1818,5,SYNTH
2026-03-09 14:05:32.496Z,2.1795,7,SYNTH
2026-03-09 14:05:33.321Z,2.1813,5,SYNTH
2026-03-09 14:05:34.325Z,2.1787,8,SYNTH
2026-03-09 14:05:35.753Z,2.1797,7,SYNTH
2026-03-09 14:05:36.203Z,2.1811,6,SYNTH
2026-03-09 14:05:37.691Z,2.1784,16,SYNTH
2026-03-09 14:05:38.270Z,2.1793,11,SYNTH
2026-03-09 14:05:39.449Z,2.1803,16,SYNTH
2026-03-09 14:05:40.592Z,2.1814,19,SYNTH
2026-03-09 14:05:41.631Z,2.1811,5,SYNTH
2026-03-09 14:05:42.137Z,2.1817,4,SYNTH
2026-03-09 14:05:43.073Z,2.1781,4,SYNTH
2026-03-09 14:05:44.134Z,2.1799,9,SYNTH
2026-03-09 14:05:45.304Z,2.1801,13,SYNTH
2026-03-09 14:05:46.036Z,2.1783,7,SYNTH
2026-03-09 14:05:47.547Z,2.1811,7,SYNTH
2026-03-09 14:05:48.583Z,2.1808,8,SYNTH
2026-03-09 14:05:49.512Z,2.1792,8,SYNTH
2026-03-09 14:05:50.740Z,2.1803,10,SYNTH
2026-03-09 14:05:51.423Z,2.1788,7,SYNTH
2026-03-09 14:05:52.083Z,2.1809,6,SYNTH
2026-03-09 14:05:53.599Z,2.1825,7,SYNTH
2026-03-09 14:05:54.314Z,2.1792,9,SYNTH
2026-03-09 14:05:55.634Z,2.1791,8,SYNTH
2026-03-09 14:05:56.370Z,2.1785,9,SYNTH
2026-03-09 14:05:57.607Z,2.1818,9,SYNTH
2026-03-09 14:05:58.025Z,2.1790,10,SYNTH
2026-03-09 14:05:59.024Z,2.1810,12,SYNTH
2026-03-09 14:06:00.766Z,2.1710,68,SYNTH
2026-03-09 14:06:01.646Z,2.1713,30,SYNTH
2026-03-09 14:06:02.014Z,2.1697,49,SYNTH
2026-03-09 14:06:03.586Z,2.1718,54,SYNTH
2026-03-09 14:06:04.295Z,2.1723,49,SYNTH
2026-03-09 14:06:05.441Z,2.1688,57,SYNTH
2026-03-09 14:06:06.247Z,2.1707,29,SYNTH
2026-03-09 14:06:07.802Z,2.1682,30,SYNTH
2026-03-09 14:06:08.238Z,2.1719,36,SYNTH
2026-03-09 14:06:09.751Z,2.1682,36,SYNTH
2026-03-09 14:06:10.584Z,2.1693,44,SYNTH
2026-03-09 14:06:11.727Z,2.1699,76,SYNTH
2026-03-09 14:06:12.355Z,2.1678,137,SYNTH
2026-03-09 14:06:13.165Z,2.1695,105,SYNTH
2026-03-09 14:06:14.090Z,2.1708,29,SYNTH
2026-03-09 14:06:15.813Z,2.1702,47,SYNTH
2026-03-09 14:06:16.035Z,2.1695,57,SYNTH
2026-03-09 14:06:17.541Z,2.1713,75,SYNTH
2026-03-09 14:06:18.563Z,2.1691,68,SYNTH
2026-03-09 14:06:19.222Z,2.1718,87,SYNTH
2026-03-09 14:06:20.685Z,2.1726,48,SYNTH
2026-03-09 14:06:21.831Z,2.1705,42,SYNTH
2026-03-09 14:06:22.682Z,2.1736,36,SYNTH
2026-03-09 14:06:23.179Z,2.1727,36,SYNTH
2026-03-09 14:06:24.502Z,2.1735,20,SYNTH
2026-03-09 14:06:25.544Z,2.1714,28,SYNTH
2026-03-09 14:06:26.327Z,2.1741,45,SYNTH
2026-03-09 14:06:27.748Z,2.1744,47,SYNTH
2026-03-09 14:06:28.491Z,2.1770,31,SYNTH
2026-03-09 14:06:29.478Z,2.1766,40,SYNTH
2026-03-09 14:06:30.327Z,2.1762,42,SYNTH
2026-03-09 14:06:31.764Z,2.1775,43,SYNTH
2026-03-09 14:06:32.294Z,2.1787,30,SYNTH
2026-03-09 14:06:33.430Z,2.1791,29,SYNTH
2026-03-09 14:06:34.067Z,2.1791,40,SYNTH
2026-03-09 14:06:35.520Z,2.1812,42,SYNTH
2026-03-09 14:06:36.286Z,2.1801,41,SYNTH
2026-03-09 14:06:37.050Z,2.1813,80,SYNTH
2026-03-09 14:06:38.137Z,2.1819,111,SYNTH
2026-03-09 14:06:39.850Z,2.1785,63,SYNTH
2026-03-09 14:06:40.091Z,2.1811,52,SYNTH
2026-03-09 14:06:41.855Z,2.1782,28,SYNTH
2026-03-09 14:06:42.086Z,2.1790,30,SYNTH
2026-03-09 14:06:43.379Z,2.1802,45,SYNTH
2026-03-09 14:06:44.650Z,2.1795,50,SYNTH
2026-03-09 14:06:45.414Z,2.1766,38,SYNTH
2026-03-09 14:06:46.380Z,2.1802,85,SYNTH
2026-03-09 14:06:47.881Z,2.1792,79,SYNTH
2026-03-09 14:06:48.220Z,2.1773,28,SYNTH
2026-03-09 14:06:49.241Z,2.1795,53,SYNTH
2026-03-09 14:06:50.565Z,2.1800,52,SYNTH
2026-03-09 14:06:51.349Z,2.1797,36,SYNTH
2026-03-09 14:06:52.651Z,2.1774,45,SYNTH
2026-03-09 14:06:53.826Z,2.1793,49,SYNTH
2026-03-09 14:06:54.133Z,2.1803,55,SYNTH
2026-03-09 14:06:55.269Z,2.1787,31,SYNTH
2026-03-09 14:06:56.484Z,2.1812,49,SYNTH
2026-03-09 14:06:57.724Z,2.1781,69,SYNTH
2026-03-09 14:06:58.325Z,2.1807,56,SYNTH
2026-03-09 14:06:59.462Z,2.1810,40,SYNTH
2026-03-09 14:08:00.566Z,2.1707,45,SYNTH
2026-03-09 14:08:01.783Z,2.1696,41,SYNTH
2026-03-09 14:08:02.056Z,2.1683,41,SYNTH
2026-03-09 14:08:03.811Z,2.1711,39,SYNTH
2026-03-09 14:08:04.449Z,2.1713,38,SYNTH
2026-03-09 14:08:05.640Z,2.1688,37,SYNTH
2026-03-09 14:08:06.273Z,2.1678,40,SYNTH
2026-03-09 14:08:07.530Z,2.1703,43,SYNTH
2026-03-09 14:08:08.403Z,2.1705,45,SYNTH
2026-03-09 14:08:09.242Z,2.1713,45,SYNTH
2026-03-09 14:08:10.003Z,2.1680,40,SYNTH
2026-03-09 14:08:11.265Z,2.1709,88,SYNTH
2026-03-09 14:08:12.328Z,2.1711,69,SYNTH
2026-03-09 14:08:13.344Z,2.1692,63,SYNTH
2026-03-09 14:08:14.791Z,2.1676,25,SYNTH
2026-03-09 14:08:15.650Z,2.1705,27,SYNTH
2026-03-09 14:08:16.593Z,2.1686,52,SYNTH
2026-03-09 14:08:17.861Z,2.1692,75,SYNTH
2026-03-09 14:08:18.725Z,2.1721,69,SYNTH
2026-03-09 14:08:19.842Z,2.1696,64,SYNTH
2026-03-09 14:08:20.631Z,2.1717,30,SYNTH
2026-03-09 14:08:21.534Z,2.1723,39,SYNTH
2026-03-09 14:08:22.179Z,2.1743,25,SYNTH
2026-03-09 14:08:23.018Z,2.1750,37,SYNTH
2026-03-09 14:08:24.503Z,2.1766,27,SYNTH
2026-03-09 14:08:25.638Z,2.1765,32,SYNTH
2026-03-09 14:08:26.822Z,2.1775,35,SYNTH
2026-03-09 14:08:27.793Z,2.1804,33,SYNTH
2026-03-09 14:08:28.061Z,2.1813,18,SYNTH
2026-03-09 14:08:29.224Z,2.1838,32,SYNTH
2026-03-09 14:08:30.643Z,2.1831,27,SYNTH
2026-03-09 14:08:31.099Z,2.1862,35,SYNTH
2026-03-09 14:08:32.632Z,2.1870,17,SYNTH
2026-03-09 14:08:33.416Z,2.1870,37,SYNTH
2026-03-09 14:08:34.654Z,2.1887,39,SYNTH
2026-03-09 14:08:35.107Z,2.1897,25,SYNTH
2026-03-09 14:08:36.791Z,2.1895,23,SYNTH
2026-03-09 14:08:37.164Z,2.1908,66,SYNTH
2026-03-09 14:08:38.171Z,2.1905,54,SYNTH
2026-03-09 14:08:39.867Z,2.1882,83,SYNTH
2026-03-09 14:08:40.587Z,2.1904,68,SYNTH
2026-03-09 14:08:41.744Z,2.1880,33,SYNTH
2026-03-09 14:08:42.091Z,2.1874,25,SYNTH
2026-03-09 14:08:43.721Z,2.1874,33,SYNTH
2026-03-09 14:08:44.518Z,2.1872,22,SYNTH
2026-03-09 14:08:45.118Z,2.1860,66,SYNTH
2026-03-09 14:08:46.454Z,2.1873,36,SYNTH
2026-03-09 14:08:47.677Z,2.1862,49,SYNTH
2026-03-09 14:08:48.278Z,2.1879,39,SYNTH
2026-03-09 14:08:49.850Z,2.1886,29,SYNTH
2026-03-09 14:08:50.832Z,2.1869,28,SYNTH
2026-03-09 14:08:51.309Z,2.1883,44,SYNTH
2026-03-09 14:08:52.228Z,2.1902,31,SYNTH
2026-03-09 14:08:53.378Z,2.1900,23,SYNTH
2026-03-09 14:08:54.736Z,2.1896,37,SYNTH
2026-03-09 14:08:55.722Z,2.1915,43,SYNTH
2026-03-09 14:08:56.395Z,2.1912,26,SYNTH
2026-03-09 14:08:57.039Z,2.1889,45,SYNTH
2026-03-09 14:08:58.007Z,2.1910,60,SYNTH
2026-03-09 14:08:59.040Z,2.1896,53,SYNTH
2026-03-09 14:09:00.886Z,2.1902,19,SYNTH
2026-03-09 14:09:01.556Z,2.1910,18,SYNTH
2026-03-09 14:09:02.305Z,2.1886,16,SYNTH
2026-03-09 14:09:03.035Z,2.1895,22,SYNTH
2026-03-09 14:09:04.611Z,2.1917,22,SYNTH
2026-03-09 14:09:05.371Z,2.1886,12,SYNTH
2026-03-09 14:09:06.628Z,2.1900,11,SYNTH
2026-03-09 14:09:07.324Z,2.1912,20,SYNTH
2026-03-09 14:09:08.423Z,2.1888,22,SYNTH
2026-03-09 14:09:09.777Z,2.1906,13,SYNTH
2026-03-09 14:09:10.680Z,2.1921,12,SYNTH
2026-03-09 14:09:11.199Z,2.1918,45,SYNTH
2026-03-09 14:09:12.532Z,2.1893,38,SYNTH
2026-03-09 14:09:13.107Z,2.1922,33,SYNTH
2026-03-09 14:09:14.850Z,2.1912,15,SYNTH
2026-03-09 14:09:15.134Z,2.1892,16,SYNTH
2026-03-09 14:09:16.581Z,2.1919,17,SYNTH
2026-03-09 14:09:17.091Z,2.1899,34,SYNTH
2026-03-09 14:09:18.682Z,2.1895,36,SYNTH
2026-03-09 14:09:19.612Z,2.1914,18,SYNTH
2026-03-09 14:09:20.807Z,2.1883,12,SYNTH
2026-03-09 14:09:21.187Z,2.1917,11,SYNTH
2026-03-09 14:09:22.051Z,2.1879,18,SYNTH
2026-03-09 14:09:23.122Z,2.1885,11,SYNTH
2026-03-09 14:09:24.728Z,2.1909,19,SYNTH
2026-03-09 14:09:25.361Z,2.1890,8,SYNTH
2026-03-09 14:09:26.207Z,2.1923,8,SYNTH
2026-03-09 14:09:27.504Z,2.1886,14,SYNTH
2026-03-09 14:09:28.384Z,2.1915,13,SYNTH
2026-03-09 14:09:29.502Z,2.1917,16,SYNTH
2026-03-09 14:09:30.744Z,2.1917,9,SYNTH
2026-03-09 14:09:31.289Z,2.1901,14,SYNTH
2026-03-09 14:09:32.120Z,2.1914,8,SYNTH
2026-03-09 14:09:33.232Z,2.1914,14,SYNTH
2026-03-09 14:09:34.344Z,2.1886,15,SYNTH
2026-03-09 14:09:35.740Z,2.1894,10,SYNTH
2026-03-09 14:09:36.331Z,2.1923,11,SYNTH
2026-03-09 14:09:37.017Z,2.1890,47,SYNTH
2026-03-09 14:09:38.749Z,2.1884,46,SYNTH
2026-03-09 14:09:39.380Z,2.1915,21,SYNTH
2026-03-09 14:09:40.848Z,2.1888,45,SYNTH
2026-03-09 14:09:41.023Z,2.1916,11,SYNTH
2026-03-09 14:09:42.639Z,2.1912,20,SYNTH
2026-03-09 14:09:43.025Z,2.1911,9,SYNTH
2026-03-09 14:09:44.274Z,2.1888,10,SYNTH
2026-03-09 14:09:45.263Z,2.1917,15,SYNTH
2026-03-09 14:09:46.441Z,2.1918,21,SYNTH
2026-03-09 14:09:47.215Z,2.1899,20,SYNTH
2026-03-09 14:09:48.892Z,2.1895,20,SYNTH
2026-03-09 14:09:49.835Z,2.1904,23,SYNTH
2026-03-09 14:09:50.785Z,2.1906,11,SYNTH
2026-03-09 14:09:51.543Z,2.1905,21,SYNTH
2026-03-09 14:09:52.547Z,2.1887,18,SYNTH
2026-03-09 14:09:53.313Z,2.1884,14,SYNTH
2026-03-09 14:09:54.299Z,2.1911,17,SYNTH
2026-03-09 14:09:55.161Z,2.1890,13,SYNTH
2026-03-09 14:09:56.532Z,2.1916,19,SYNTH
2026-03-09 14:09:57.834Z,2.1881,12,SYNTH
2026-03-09 14:09:58.029Z,2.1883,24,SYNTH
2026-03-09 14:09:59.534Z,2.1911,23,SYNTH
2026-03-09 14:11:00.624Z,2.1815,216,SYNTH
2026-03-09 14:11:01.166Z,2.1814,244,SYNTH
2026-03-09 14:11:02.712Z,2.1782,213,SYNTH
2026-03-09 14:11:03.157Z,2.1801,174,SYNTH
2026-03-09 14:11:04.592Z,2.1809,174,SYNTH
2026-03-09 14:11:05.332Z,2.1800,226,SYNTH
2026-03-09 14:11:06.576Z,2.1806,162,SYNTH
2026-03-09 14:11:07.686Z,2.1781,216,SYNTH
2026-03-09 14:11:08.631Z,2.1812,162,SYNTH
2026-03-09 14:11:09.326Z,2.1803,158,SYNTH
2026-03-09 14:11:10.669Z,2.1789,152,SYNTH
2026-03-09 14:11:11.564Z,2.1807,199,SYNTH
2026-03-09 14:11:12.299Z,2.1800,409,SYNTH
2026-03-09 14:11:13.597Z,2.1813,454,SYNTH
2026-03-09 14:11:14.716Z,2.1814,95,SYNTH
2026-03-09 14:11:15.337Z,2.1807,132,SYNTH
2026-03-09 14:11:16.589Z,2.1789,206,SYNTH
2026-03-09 14:11:17.494Z,2.1788,274,SYNTH
2026-03-09 14:11:18.456Z,2.1818,192,SYNTH
2026-03-09 14:11:19.777Z,2.1802,130,SYNTH
2026-03-09 14:11:20.824Z,2.1782,72,SYNTH
2026-03-09 14:11:21.263Z,2.1799,71,SYNTH
2026-03-09 14:11:22.565Z,2.1813,73,SYNTH
2026-03-09 14:11:23.402Z,2.1785,83,SYNTH
2026-03-09 14:11:24.410Z,2.1799,68,SYNTH
2026-03-09 14:11:25.782Z,2.1819,104,SYNTH
2026-03-09 14:11:26.545Z,2.1787,94,SYNTH
2026-03-09 14:11:27.810Z,2.1805,127,SYNTH
2026-03-09 14:11:28.665Z,2.1793,113,SYNTH
2026-03-09 14:11:29.483Z,2.1813,69,SYNTH
2026-03-09 14:11:30.746Z,2.1815,147,SYNTH
2026-03-09 14:11:31.850Z,2.1790,103,SYNTH
2026-03-09 14:11:32.278Z,2.1815,158,SYNTH
2026-03-09 14:11:33.521Z,2.1797,92,SYNTH
2026-03-09 14:11:34.022Z,2.1819,139,SYNTH
2026-03-09 14:11:35.691Z,2.1787,118,SYNTH
2026-03-09 14:11:36.032Z,2.1816,140,SYNTH
2026-03-09 14:11:37.505Z,2.1809,225,SYNTH
2026-03-09 14:11:38.737Z,2.1796,418,SYNTH
2026-03-09 14:11:39.073Z,2.1785,367,SYNTH
2026-03-09 14:11:40.459Z,2.1810,343,SYNTH
2026-03-09 14:11:41.724Z,2.1816,161,SYNTH
2026-03-09 14:11:42.727Z,2.1812,79,SYNTH
2026-03-09 14:11:43.825Z,2.1801,101,SYNTH
2026-03-09 14:11:44.603Z,2.1803,126,SYNTH
2026-03-09 14:11:45.009Z,2.1790,237,SYNTH
2026-03-09 14:11:46.145Z,2.1805,242,SYNTH
2026-03-09 14:11:47.862Z,2.1784,158,SYNTH
2026-03-09 14:11:48.733Z,2.1814,80,SYNTH
2026-03-09 14:11:49.241Z,2.1791,138,SYNTH
2026-03-09 14:11:50.156Z,2.1814,147,SYNTH
2026-03-09 14:11:51.491Z,2.1790,146,SYNTH
2026-03-09 14:11:52.087Z,2.1789,158,SYNTH
2026-03-09 14:11:53.529Z,2.1807,190,SYNTH
2026-03-09 14:11:54.437Z,2.1778,136,SYNTH
2026-03-09 14:11:55.093Z,2.1819,191,SYNTH
2026-03-09 14:11:56.149Z,2.1786,222,SYNTH
2026-03-09 14:11:57.637Z,2.1814,188,SYNTH
2026-03-09 14:11:58.770Z,2.1803,179,SYNTH
2026-03-09 14:11:59.385Z,2.1798,130,SYNTH
2026-03-09 14:12:00.516Z,2.1802,267,SYNTH
2026-03-09 14:12:01.488Z,2.1812,518,SYNTH
2026-03-09 14:12:02.450Z,2.1783,489,SYNTH
2026-03-09 14:12:03.253Z,2.1818,533,SYNTH
2026-03-09 14:12:04.645Z,2.1823,397,SYNTH
2026-03-09 14:12:05.083Z,2.1821,517,SYNTH
2026-03-09 14:12:06.195Z,2.1791,461,SYNTH
2026-03-09 14:12:07.080Z,2.1818,479,SYNTH
2026-03-09 14:12:08.029Z,2.1813,253,SYNTH
2026-03-09 14:12:09.492Z,2.1788,397,SYNTH
2026-03-09 14:12:10.267Z,2.1814,483,SYNTH
2026-03-09 14:12:11.017Z,2.1824,503,SYNTH
2026-03-09 14:12:12.076Z,2.1780,1169,SYNTH
2026-03-09 14:12:13.434Z,2.1805,1115,SYNTH
2026-03-09 14:12:14.630Z,2.1798,315,SYNTH
2026-03-09 14:12:15.167Z,2.1814,397,SYNTH
2026-03-09 14:12:16.248Z,2.1785,599,SYNTH
2026-03-09 14:12:17.743Z,2.1816,745,SYNTH
2026-03-09 14:12:18.008Z,2.1793,632,SYNTH
2026-03-09 14:12:19.393Z,2.1801,461,SYNTH
2026-03-09 14:12:20.709Z,2.1821,198,SYNTH
2026-03-09 14:12:21.128Z,2.1788,295,SYNTH
2026-03-09 14:12:22.562Z,2.1816,368,SYNTH
2026-03-09 14:12:23.020Z,2.1808,265,SYNTH
2026-03-09 14:12:24.681Z,2.1779,236,SYNTH
2026-03-09 14:12:25.844Z,2.1813,210,SYNTH
2026-03-09 14:12:26.429Z,2.1818,231,SYNTH
2026-03-09 14:12:27.097Z,2.1790,342,SYNTH
2026-03-09 14:12:28.658Z,2.1821,296,SYNTH
2026-03-09 14:12:29.260Z,2.1798,379,SYNTH
2026-03-09 14:12:30.749Z,2.1789,289,SYNTH
2026-03-09 14:12:31.080Z,2.1824,254,SYNTH
2026-03-09 14:12:32.733Z,2.1794,329,SYNTH
2026-03-09 14:12:33.555Z,2.1812,401,SYNTH
2026-03-09 14:12:34.347Z,2.1790,241,SYNTH
2026-03-09 14:12:35.224Z,2.1822,193,SYNTH
2026-03-09 14:12:36.185Z,2.1788,234,SYNTH
2026-03-09 14:12:37.038Z,2.1806,522,SYNTH
2026-03-09 14:12:38.147Z,2.1816,583,SYNTH
2026-03-09 14:12:39.629Z,2.1784,513,SYNTH
2026-03-09 14:12:40.470Z,2.1812,467,SYNTH
2026-03-09 14:12:41.610Z,2.1808,390,SYNTH
2026-03-09 14:12:42.712Z,2.1790,253,SYNTH
2026-03-09 14:12:43.450Z,2.1820,260,SYNTH
2026-03-09 14:12:44.658Z,2.1784,303,SYNTH
2026-03-09 14:12:45.676Z,2.1820,421,SYNTH
2026-03-09 14:12:46.623Z,2.1789,490,SYNTH
2026-03-09 14:12:47.786Z,2.1799,609,SYNTH
2026-03-09 14:12:48.196Z,2.1820,454,SYNTH
2026-03-09 14:12:49.351Z,2.1780,244,SYNTH
2026-03-09 14:12:50.183Z,2.1789,496,SYNTH
2026-03-09 14:12:51.535Z,2.1812,352,SYNTH
2026-03-09 14:12:52.546Z,2.1811,516,SYNTH
2026-03-09 14:12:53.656Z,2.1795,547,SYNTH
2026-03-09 14:12:54.025Z,2.1818,518,SYNTH
2026-03-09 14:12:55.065Z,2.1781,411,SYNTH
2026-03-09 14:12:56.560Z,2.1791,559,SYNTH
2026-03-09 14:12:57.552Z,2.1816,339,SYNTH
2026-03-09 14:12:58.639Z,2.1785,449,SYNTH
2026-03-09 14:12:59.259Z,2.1801,361,SYNTH
2026-03-09 14:13:00.306Z,2.1807,3,SYNTH
2026-03-09 14:13:01.239Z,2.1781,5,SYNTH
2026-03-09 14:13:02.604Z,2.1783,4,SYNTH
2026-03-09 14:13:03.385Z,2.1809,8,SYNTH
2026-03-09 14:13:04.739Z,2.1809,6,SYNTH
2026-03-09 14:13:05.367Z,2.1778,5,SYNTH
2026-03-09 14:13:06.437Z,2.1802,3,SYNTH
2026-03-09 14:13:07.416Z,2.1793,4,SYNTH
2026-03-09 14:13:08.005Z,2.1822,3,SYNTH
2026-03-09 14:13:09.786Z,2.1788,4,SYNTH
2026-03-09 14:13:10.225Z,2.1800,4,SYNTH
2026-03-09 14:13:11.511Z,2.1818,13,SYNTH
2026-03-09 14:13:12.533Z,2.1791,15,SYNTH
2026-03-09 14:13:13.798Z,2.1815,8,SYNTH
2026-03-09 14:13:14.723Z,2.1785,6,SYNTH
2026-03-09 14:13:15.541Z,2.1810,5,SYNTH
2026-03-09 14:13:16.407Z,2.1791,8,SYNTH
2026-03-09 14:13:17.235Z,2.1813,8,SYNTH
2026-03-09 14:13:18.444Z,2.1780,10,SYNTH
2026-03-09 14:13:19.345Z,2.1795,5,SYNTH
2026-03-09 14:13:20.503Z,2.1819,4,SYNTH
2026-03-09 14:13:21.251Z,2.1788,5,SYNTH
2026-03-09 14:13:22.114Z,2.1786,2,SYNTH
2026-03-09 14:13:23.684Z,2.1813,2,SYNTH
2026-03-09 14:13:24.037Z,2.1812,4,SYNTH
2026-03-09 14:13:25.525Z,2.1808,4,SYNTH
2026-03-09 14:13:26.785Z,2.1794,3,SYNTH
2026-03-09 14:13:27.770Z,2.1809,5,SYNTH
2026-03-09 14:13:28.328Z,2.1805,4,SYNTH
2026-03-09 14:13:29.381Z,2.1781,5,SYNTH
2026-03-09 14:13:30.861Z,2.1819,5,SYNTH
2026-03-09 14:13:31.576Z,2.1810,2,SYNTH
2026-03-09 14:13:32.224Z,2.1791,5,SYNTH
2026-03-09 14:13:33.898Z,2.1816,3,SYNTH
2026-03-09 14:13:34.244Z,2.1778,3,SYNTH
2026-03-09 14:13:35.530Z,2.1804,5,SYNTH
2026-03-09 14:13:36.455Z,2.1782,5,SYNTH
2026-03-09 14:13:37.124Z,2.1803,13,SYNTH
2026-03-09 14:13:38.521Z,2.1811,6,SYNTH
2026-03-09 14:13:39.061Z,2.1783,9,SYNTH
2026-03-09 14:13:40.629Z,2.1775,11,SYNTH
2026-03-09 14:13:41.522Z,2.1803,3,SYNTH
2026-03-09 14:13:42.600Z,2.1818,3,SYNTH
2026-03-09 14:13:43.627Z,2.1792,3,SYNTH
2026-03-09 14:13:44.879Z,2.1805,6,SYNTH
2026-03-09 14:13:45.075Z,2.1784,9,SYNTH
2026-03-09 14:13:46.027Z,2.1786,9,SYNTH
2026-03-09 14:13:47.266Z,2.1789,6,SYNTH
2026-03-09 14:13:48.685Z,2.1810,5,SYNTH
2026-03-09 14:13:49.066Z,2.1789,5,SYNTH
2026-03-09 14:13:50.131Z,2.1808,5,SYNTH
2026-03-09 14:13:51.254Z,2.1822,5,SYNTH
2026-03-09 14:13:52.506Z,2.1789,4,SYNTH
2026-03-09 14:13:53.293Z,2.1790,5,SYNTH
2026-03-09 14:13:54.048Z,2.1790,3,SYNTH
2026-03-09 14:13:55.351Z,2.1816,3,SYNTH
2026-03-09 14:13:56.433Z,2.1824,4,SYNTH
2026-03-09 14:13:57.137Z,2.1778,4,SYNTH
2026-03-09 14:13:58.562Z,2.1802,6,SYNTH
2026-03-09 14:13:59.342Z,2.1785,8,SYNTH
2026-03-09 14:14:00.636Z,2.1814,3,SYNTH
2026-03-09 14:14:01.213Z,2.1785,3,SYNTH
2026-03-09 14:14:02.124Z,2.1802,2,SYNTH
2026-03-09 14:14:03.840Z,2.1792,4,SYNTH
2026-03-09 14:14:04.353Z,2.1807,2,SYNTH
2026-03-09 14:14:05.060Z,2.1818,3,SYNTH
2026-03-09 14:14:06.671Z,2.1785,4,SYNTH
2026-03-09 14:14:07.431Z,2.1807,3,SYNTH
2026-03-09 14:14:08.465Z,2.1778,2,SYNTH
2026-03-09 14:14:09.743Z,2.1793,3,SYNTH
2026-03-09 14:14:10.554Z,2.1811,4,SYNTH
2026-03-09 14:14:11.175Z,2.1792,9,SYNTH
2026-03-09 14:14:12.184Z,2.1793,6,SYNTH
2026-03-09 14:14:13.658Z,2.1790,7,SYNTH
2026-03-09 14:14:14.006Z,2.1812,3,SYNTH
2026-03-09 14:14:15.179Z,2.1789,2,SYNTH
2026-03-09 14:14:16.109Z,2.1804,4,SYNTH
2026-03-09 14:14:17.443Z,2.1794,4,SYNTH
2026-03-09 14:14:18.091Z,2.1817,5,SYNTH
2026-03-09 14:14:19.655Z,2.1783,2,SYNTH
2026-03-09 14:14:20.637Z,2.1793,2,SYNTH
2026-03-09 14:14:21.595Z,2.1801,3,SYNTH
2026-03-09 14:14:22.603Z,2.1814,3,SYNTH
2026-03-09 14:14:23.762Z,2.1779,2,SYNTH
2026-03-09 14:14:24.571Z,2.1814,2,SYNTH
2026-03-09 14:14:25.813Z,2.1789,2,SYNTH
2026-03-09 14:14:26.094Z,2.1817,3,SYNTH
2026-03-09 14:14:27.525Z,2.1785,2,SYNTH
2026-03-09 14:14:28.398Z,2.1808,3,SYNTH
2026-03-09 14:14:29.678Z,2.1779,3,SYNTH
2026-03-09 14:14:30.293Z,2.1818,1,SYNTH
2026-03-09 14:14:31.653Z,2.1799,3,SYNTH
2026-03-09 14:14:32.874Z,2.1802,2,SYNTH
2026-03-09 14:14:33.526Z,2.1793,2,SYNTH
2026-03-09 14:14:34.191Z,2.1820,2,SYNTH
2026-03-09 14:14:35.611Z,2.1794,2,SYNTH
2026-03-09 14:14:36.827Z,2.1782,3,SYNTH
2026-03-09 14:14:37.203Z,2.1807,7,SYNTH
2026-03-09 14:14:38.188Z,2.1791,5,SYNTH
2026-03-09 14:14:39.167Z,2.1817,7,SYNTH
2026-03-09 14:14:40.111Z,2.1797,8,SYNTH
2026-03-09 14:14:41.759Z,2.1794,2,SYNTH
2026-03-09 14:14:42.694Z,2.1804,2,SYNTH
2026-03-09 14:14:43.173Z,2.1796,3,SYNTH
2026-03-09 14:14:44.372Z,2.1791,2,SYNTH
2026-03-09 14:14:45.211Z,2.1814,5,SYNTH
2026-03-09 14:14:46.512Z,2.1817,2,SYNTH
2026-03-09 14:14:47.558Z,2.1792,3,SYNTH
2026-03-09 14:14:48.484Z,2.1786,3,SYNTH
2026-03-09 14:14:49.816Z,2.1782,2,SYNTH
2026-03-09 14:14:50.732Z,2.1807,3,SYNTH
2026-03-09 14:14:51.084Z,2.1792,4,SYNTH
2026-03-09 14:14:52.313Z,2.1811,3,SYNTH
2026-03-09 14:14:53.298Z,2.1784,2,SYNTH
2026-03-09 14:14:54.756Z,2.1803,4,SYNTH
2026-03-09 14:14:55.894Z,2.1791,4,SYNTH
2026-03-09 14:14:56.054Z,2.1813,3,SYNTH
2026-03-09 14:14:57.032Z,2.1811,3,SYNTH
2026-03-09 14:14:58.183Z,2.1779,3,SYNTH
2026-03-09 14:14:59.881Z,2.1801,4,SYNTH
2026-03-09 14:15:00.140Z,2.1817,6,SYNTH
2026-03-09 14:15:01.686Z,2.1811,5,SYNTH
2026-03-09 14:15:02.604Z,2.1780,5,SYNTH
2026-03-09 14:15:03.498Z,2.1800,6,SYNTH
2026-03-09 14:15:04.076Z,2.1805,6,SYNTH
2026-03-09 14:15:05.107Z,2.1812,3,SYNTH
2026-03-09 14:15:06.269Z,2.1821,4,SYNTH
2026-03-09 14:15:07.403Z,2.1778,2,SYNTH
2026-03-09 14:15:08.212Z,2.1809,3,SYNTH
2026-03-09 14:15:09.239Z,2.1814,5,SYNTH
2026-03-09 14:15:10.101Z,2.1781,3,SYNTH
2026-03-09 14:15:11.483Z,2.1814,10,SYNTH
2026-03-09 14:15:12.605Z,2.1804,11,SYNTH
2026-03-09 14:15:13.620Z,2.1815,9,SYNTH
2026-03-09 14:15:14.752Z,2.1796,4,SYNTH
2026-03-09 14:15:15.893Z,2.1800,4,SYNTH
2026-03-09 14:15:16.443Z,2.1785,7,SYNTH
2026-03-09 14:15:17.558Z,2.1803,5,SYNTH
2026-03-09 14:15:18.648Z,2.1784,6,SYNTH
2026-03-09 14:15:19.063Z,2.1817,7,SYNTH
2026-03-09 14:15:20.076Z,2.1819,4,SYNTH
2026-03-09 14:15:21.501Z,2.1810,3,SYNTH
2026-03-09 14:15:22.794Z,2.1781,4,SYNTH
2026-03-09 14:15:23.384Z,2.1812,3,SYNTH
2026-03-09 14:15:24.133Z,2.1822,4,SYNTH
2026-03-09 14:15:25.445Z,2.1793,3,SYNTH
2026-03-09 14:15:26.051Z,2.1822,2,SYNTH
2026-03-09 14:15:27.496Z,2.1797,2,SYNTH
2026-03-09 14:15:28.367Z,2.1808,3,SYNTH
2026-03-09 14:15:29.516Z,2.1797,4,SYNTH
2026-03-09 14:15:30.732Z,2.1815,2,SYNTH
2026-03-09 14:15:31.149Z,2.1813,3,SYNTH
2026-03-09 14:15:32.597Z,2.1780,2,SYNTH
2026-03-09 14:15:33.303Z,2.1813,3,SYNTH
2026-03-09 14:15:34.277Z,2.1781,4,SYNTH
2026-03-09 14:15:35.376Z,2.1807,2,SYNTH
2026-03-09 14:15:36.782Z,2.1796,2,SYNTH
2026-03-09 14:15:37.807Z,2.1815,6,SYNTH
2026-03-09 14:15:38.773Z,2.1807,5,SYNTH
2026-03-09 14:15:39.578Z,2.1802,11,SYNTH
2026-03-09 14:15:40.180Z,2.1817,10,SYNTH
2026-03-09 14:15:41.530Z,2.1789,3,SYNTH
2026-03-09 14:15:42.361Z,2.1788,2,SYNTH
2026-03-09 14:15:43.371Z,2.1810,4,SYNTH
2026-03-09 14:15:44.487Z,2.1792,4,SYNTH
2026-03-09 14:15:45.760Z,2.1785,7,SYNTH
2026-03-09 14:15:46.238Z,2.1802,5,SYNTH
2026-03-09 14:15:47.148Z,2.1807,5,SYNTH
2026-03-09 14:15:48.046Z,2.1808,4,SYNTH
2026-03-09 14:15:49.217Z,2.1792,3,SYNTH
2026-03-09 14:15:50.478Z,2.1809,4,SYNTH
2026-03-09 14:15:51.320Z,2.1792,6,SYNTH
2026-03-09 14:15:52.389Z,2.1805,4,SYNTH
2026-03-09 14:15:53.418Z,2.1784,5,SYNTH
2026-03-09 14:15:54.663Z,2.1780,4,SYNTH
2026-03-09 14:15:55.069Z,2.1810,4,SYNTH
2026-03-09 14:15:56.834Z,2.1819,6,SYNTH
2026-03-09 14:15:57.383Z,2.1819,3,SYNTH
2026-03-09 14:15:58.274Z,2.1798,3,SYNTH
2026-03-09 14:15:59.433Z,2.1818,4,SYNTH
2026-03-09 14:16:00.292Z,2.1808,102,SYNTH
2026-03-09 14:16:01.327Z,2.1791,115,SYNTH
2026-03-09 14:16:02.067Z,2.1801,108,SYNTH
2026-03-09 14:16:03.485Z,2.1818,88,SYNTH
2026-03-09 14:16:04.361Z,2.1779,91,SYNTH
2026-03-09 14:16:05.206Z,2.1816,84,SYNTH
2026-03-09 14:16:06.698Z,2.1785,120,SYNTH
2026-03-09 14:16:07.860Z,2.1804,82,SYNTH
2026-03-09 14:16:08.455Z,2.1822,119,SYNTH
2026-03-09 14:16:09.837Z,2.1796,55,SYNTH
2026-03-09 14:16:10.138Z,2.1796,100,SYNTH
2026-03-09 14:16:11.123Z,2.1807,216,SYNTH
2026-03-09 14:16:12.371Z,2.1823,166,SYNTH
2026-03-09 14:16:13.604Z,2.1788,116,SYNTH
2026-03-09 14:16:14.541Z,2.1806,49,SYNTH
2026-03-09 14:16:15.739Z,2.1808,85,SYNTH
2026-03-09 14:16:16.254Z,2.1794,175,SYNTH
2026-03-09 14:16:17.595Z,2.1804,138,SYNTH
2026-03-09 14:16:18.889Z,2.1792,111,SYNTH
2026-03-09 14:16:19.004Z,2.1802,165,SYNTH
2026-03-09 14:16:20.757Z,2.1812,41,SYNTH
2026-03-09 14:16:21.434Z,2.1816,86,SYNTH
2026-03-09 14:16:22.267Z,2.1836,43,SYNTH
2026-03-09 14:16:23.142Z,2.1837,63,SYNTH
2026-03-09 14:16:24.593Z,2.1849,55,SYNTH
2026-03-09 14:16:25.240Z,2.1864,50,SYNTH
2026-03-09 14:16:26.519Z,2.1874,42,SYNTH
2026-03-09 14:16:27.009Z,2.1892,50,SYNTH
2026-03-09 14:16:28.737Z,2.1920,86,SYNTH
2026-03-09 14:16:29.817Z,2.1929,66,SYNTH
2026-03-09 14:16:30.586Z,2.1938,75,SYNTH
2026-03-09 14:16:31.576Z,2.1963,59,SYNTH
2026-03-09 14:16:32.345Z,2.1968,61,SYNTH
2026-03-09 14:16:33.083Z,2.1984,42,SYNTH
2026-03-09 14:16:34.131Z,2.1990,66,SYNTH
2026-03-09 14:16:35.461Z,2.1996,58,SYNTH
2026-03-09 14:16:36.407Z,2.1998,72,SYNTH
2026-03-09 14:16:37.377Z,2.2007,161,SYNTH
2026-03-09 14:16:38.383Z,2.2014,108,SYNTH
2026-03-09 14:16:39.219Z,2.2020,189,SYNTH
2026-03-09 14:16:40.785Z,2.1983,193,SYNTH
2026-03-09 14:16:41.196Z,2.1971,70,SYNTH
2026-03-09 14:16:42.894Z,2.2001,59,SYNTH
2026-03-09 14:16:43.723Z,2.1966,80,SYNTH
2026-03-09 14:16:44.432Z,2.1965,83,SYNTH
2026-03-09 14:16:45.065Z,2.1984,131,SYNTH
2026-03-09 14:16:46.504Z,2.1993,147,SYNTH
2026-03-09 14:16:47.236Z,2.1961,158,SYNTH
2026-03-09 14:16:48.135Z,2.1997,83,SYNTH
2026-03-09 14:16:49.502Z,2.1980,113,SYNTH
2026-03-09 14:16:50.749Z,2.1986,75,SYNTH
2026-03-09 14:16:51.300Z,2.1991,82,SYNTH
2026-03-09 14:16:52.696Z,2.2001,83,SYNTH
2026-03-09 14:16:53.620Z,2.1993,110,SYNTH
2026-03-09 14:16:54.062Z,2.2011,68,SYNTH
2026-03-09 14:16:55.546Z,2.1990,109,SYNTH
2026-03-09 14:16:56.430Z,2.2000,103,SYNTH
2026-03-09 14:16:57.741Z,2.2006,72,SYNTH
2026-03-09 14:16:58.291Z,2.1991,66,SYNTH
2026-03-09 14:16:59.313Z,2.1981,81,SYNTH
2026-03-09 14:18:00.504Z,2.2001,1,SYNTH
2026-03-09 14:18:01.063Z,2.1976,1,SYNTH
2026-03-09 14:18:02.080Z,2.2011,1,SYNTH
2026-03-09 14:18:03.244Z,2.1991,2,SYNTH
2026-03-09 14:18:04.172Z,2.2012,1,SYNTH
2026-03-09 14:18:05.195Z,2.1990,2,SYNTH
2026-03-09 14:18:06.355Z,2.2020,2,SYNTH
2026-03-09 14:18:07.850Z,2.2021,1,SYNTH
2026-03-09 14:18:08.196Z,2.1992,1,SYNTH
2026-03-09 14:18:09.038Z,2.1994,1,SYNTH
2026-03-09 14:18:10.898Z,2.2006,1,SYNTH
2026-03-09 14:18:11.178Z,2.2020,3,SYNTH
2026-03-09 14:18:12.127Z,2.2018,4,SYNTH
2026-03-09 14:18:13.863Z,2.1990,3,SYNTH
2026-03-09 14:18:14.707Z,2.1987,2,SYNTH
2026-03-09 14:18:15.579Z,2.2007,1,SYNTH
2026-03-09 14:18:16.546Z,2.1993,3,SYNTH
2026-03-09 14:18:17.579Z,2.2015,2,SYNTH
2026-03-09 14:18:18.516Z,2.2022,2,SYNTH
2026-03-09 14:18:19.268Z,2.1991,3,SYNTH
2026-03-09 14:18:20.290Z,2.2001,2,SYNTH
2026-03-09 14:18:21.520Z,2.2014,1,SYNTH
2026-03-09 14:18:22.577Z,2.1987,1,SYNTH
2026-03-09 14:18:23.034Z,2.1977,2,SYNTH
2026-03-09 14:18:24.336Z,2.2012,1,SYNTH
2026-03-09 14:18:25.083Z,2.2006,1,SYNTH
2026-03-09 14:18:26.467Z,2.1995,1,SYNTH
2026-03-09 14:18:27.288Z,2.2003,1,SYNTH
2026-03-09 14:18:28.773Z,2.1981,1,SYNTH
2026-03-09 14:18:29.566Z,2.2016,1,SYNTH
2026-03-09 14:18:30.882Z,2.2014,1,SYNTH
2026-03-09 14:18:31.713Z,2.1977,1,SYNTH
2026-03-09 14:18:32.642Z,2.1995,2,SYNTH
2026-03-09 14:18:33.652Z,2.2020,1,SYNTH
2026-03-09 14:18:34.888Z,2.1984,1,SYNTH
2026-03-09 14:18:35.420Z,2.1981,2,SYNTH
2026-03-09 14:18:36.560Z,2.1978,1,SYNTH
2026-03-09 14:18:37.186Z,2.1979,2,SYNTH
2026-03-09 14:18:38.538Z,2.2013,2,SYNTH
2026-03-09 14:18:39.055Z,2.1988,3,SYNTH
2026-03-09 14:18:40.843Z,2.1991,3,SYNTH
2026-03-09 14:18:41.532Z,2.2022,1,SYNTH
2026-03-09 14:18:42.112Z,2.2014,1,SYNTH
2026-03-09 14:18:43.811Z,2.1993,2,SYNTH
2026-03-09 14:18:44.005Z,2.1981,1,SYNTH
2026-03-09 14:18:45.842Z,2.2001,2,SYNTH
2026-03-09 14:18:46.180Z,2.2009,2,SYNTH
2026-03-09 14:18:47.559Z,2.1993,2,SYNTH
2026-03-09 14:18:48.230Z,2.2006,2,SYNTH
2026-03-09 14:18:49.159Z,2.1992,2,SYNTH
2026-03-09 14:18:50.427Z,2.1983,2,SYNTH
2026-03-09 14:18:51.306Z,2.2015,2,SYNTH
2026-03-09 14:18:52.194Z,2.1990,2,SYNTH
2026-03-09 14:18:53.085Z,2.2020,1,SYNTH
2026-03-09 14:18:54.559Z,2.1990,1,SYNTH
2026-03-09 14:18:55.166Z,2.2003,2,SYNTH
2026-03-09 14:18:56.813Z,2.1990,2,SYNTH
2026-03-09 14:18:57.288Z,2.2019,2,SYNTH
2026-03-09 14:18:58.697Z,2.1982,2,SYNTH
2026-03-09 14:18:59.255Z,2.2019,2,SYNTH
2026-03-09 14:19:00.639Z,2.2003,3,SYNTH
2026-03-09 14:19:01.159Z,2.1989,3,SYNTH
2026-03-09 14:19:02.555Z,2.2007,3,SYNTH
2026-03-09 14:19:03.711Z,2.1983,2,SYNTH
2026-03-09 14:19:04.062Z,2.2016,2,SYNTH
2026-03-09 14:19:05.079Z,2.2008,2,SYNTH
2026-03-09 14:19:06.760Z,2.1991,1,SYNTH
2026-03-09 14:19:07.410Z,2.2010,2,SYNTH
2026-03-09 14:19:08.822Z,2.2023,2,SYNTH
2026-03-09 14:19:09.737Z,2.1977,1,SYNTH
2026-03-09 14:19:10.359Z,2.2017,1,SYNTH
2026-03-09 14:19:11.073Z,2.1982,5,SYNTH
2026-03-09 14:19:12.071Z,2.2021,3,SYNTH
2026-03-09 14:19:13.667Z,2.1989,3,SYNTH
2026-03-09 14:19:14.751Z,2.2013,1,SYNTH
2026-03-09 14:19:15.291Z,2.1997,2,SYNTH
2026-03-09 14:19:16.627Z,2.1992,3,SYNTH
2026-03-09 14:19:17.459Z,2.2013,2,SYNTH
2026-03-09 14:19:18.711Z,2.2013,2,SYNTH
2026-03-09 14:19:19.039Z,2.2008,2,SYNTH
2026-03-09 14:19:20.695Z,2.1981,2,SYNTH
2026-03-09 14:19:21.873Z,2.2009,1,SYNTH
2026-03-09 14:19:22.464Z,2.1983,2,SYNTH
2026-03-09 14:19:23.060Z,2.2006,1,SYNTH
2026-03-09 14:19:24.836Z,2.2018,1,SYNTH
2026-03-09 14:19:25.614Z,2.1985,1,SYNTH
2026-03-09 14:19:26.887Z,2.1996,2,SYNTH
2026-03-09 14:19:27.378Z,2.2013,1,SYNTH
2026-03-09 14:19:28.510Z,2.2003,2,SYNTH
2026-03-09 14:19:29.289Z,2.1989,2,SYNTH
2026-03-09 14:19:30.149Z,2.1982,2,SYNTH
2026-03-09 14:19:31.071Z,2.2009,1,SYNTH
2026-03-09 14:19:32.074Z,2.2004,2,SYNTH
2026-03-09 14:19:33.829Z,2.1996,2,SYNTH
2026-03-09 14:19:34.048Z,2.2015,2,SYNTH
2026-03-09 14:19:35.398Z,2.2016,2,SYNTH
2026-03-09 14:19:36.095Z,2.1982,1,SYNTH
2026-03-09 14:19:37.229Z,2.2016,3,SYNTH
2026-03-09 14:19:38.553Z,2.2013,5,SYNTH
2026-03-09 14:19:39.837Z,2.2006,4,SYNTH
2026-03-09 14:19:40.063Z,2.2010,2,SYNTH
2026-03-09 14:19:41.610Z,2.1993,2,SYNTH
2026-03-09 14:19:42.193Z,2.1984,2,SYNTH
2026-03-09 14:19:43.132Z,2.2004,1,SYNTH
2026-03-09 14:19:44.860Z,2.1983,2,SYNTH
2026-03-09 14:19:45.600Z,2.2013,1,SYNTH
2026-03-09 14:19:46.133Z,2.2011,1,SYNTH
2026-03-09 14:19:47.066Z,2.1987,2,SYNTH
2026-03-09 14:19:48.523Z,2.2011,2,SYNTH
2026-03-09 14:19:49.835Z,2.1987,2,SYNTH
2026-03-09 14:19:50.813Z,2.2011,1,SYNTH
2026-03-09 14:19:51.329Z,2.1992,2,SYNTH
2026-03-09 14:19:52.786Z,2.2013,3,SYNTH
2026-03-09 14:19:53.893Z,2.2012,2,SYNTH
2026-03-09 14:19:54.473Z,2.1989,3,SYNTH
2026-03-09 14:19:55.042Z,2.2012,2,SYNTH
2026-03-09 14:19:56.661Z,2.1993,3,SYNTH
2026-03-09 14:19:57.405Z,2.2002,2,SYNTH
2026-03-09 14:19:58.741Z,2.2014,2,SYNTH
2026-03-09 14:19:59.894Z,2.1993,2,SYNTH
2026-03-09 14:20:00.760Z,2.2012,23,SYNTH
2026-03-09 14:20:01.702Z,2.1986,19,SYNTH
2026-03-09 14:20:02.322Z,2.1985,42,SYNTH
2026-03-09 14:20:03.418Z,2.2023,35,SYNTH
2026-03-09 14:20:04.472Z,2.1979,36,SYNTH
2026-03-09 14:20:05.483Z,2.1977,16,SYNTH
2026-03-09 14:20:06.820Z,2.2015,36,SYNTH
2026-03-09 14:20:07.112Z,2.1989,32,SYNTH
2026-03-09 14:20:08.268Z,2.2005,22,SYNTH
2026-03-09 14:20:09.256Z,2.2011,26,SYNTH
2026-03-09 14:20:10.070Z,2.2013,26,SYNTH
2026-03-09 14:20:11.054Z,2.2006,37,SYNTH
2026-03-09 14:20:12.687Z,2.1987,86,SYNTH
2026-03-09 14:20:13.493Z,2.2009,79,SYNTH
2026-03-09 14:20:14.624Z,2.1989,13,SYNTH
2026-03-09 14:20:15.247Z,2.2020,27,SYNTH
2026-03-09 14:20:16.610Z,2.1996,45,SYNTH
2026-03-09 14:20:17.338Z,2.2011,28,SYNTH
2026-03-09 14:20:18.155Z,2.2015,50,SYNTH
2026-03-09 14:20:19.424Z,2.2016,27,SYNTH
2026-03-09 14:20:20.409Z,2.2023,30,SYNTH
2026-03-09 14:20:21.174Z,2.1989,28,SYNTH
2026-03-09 14:20:22.061Z,2.2009,20,SYNTH
2026-03-09 14:20:23.241Z,2.1984,19,SYNTH
2026-03-09 14:20:24.169Z,2.2006,16,SYNTH
2026-03-09 14:20:25.317Z,2.1981,21,SYNTH
2026-03-09 14:20:26.603Z,2.2011,14,SYNTH
2026-03-09 14:20:27.889Z,2.1995,17,SYNTH
2026-03-09 14:20:28.029Z,2.1991,28,SYNTH
2026-03-09 14:20:29.496Z,2.2012,27,SYNTH
2026-03-09 14:20:30.319Z,2.2013,27,SYNTH
2026-03-09 14:20:31.746Z,2.1990,24,SYNTH
2026-03-09 14:20:32.312Z,2.1992,13,SYNTH
2026-03-09 14:20:33.281Z,2.2007,15,SYNTH
2026-03-09 14:20:34.762Z,2.1982,17,SYNTH
2026-03-09 14:20:35.696Z,2.2013,20,SYNTH
2026-03-09 14:20:36.420Z,2.1995,18,SYNTH
2026-03-09 14:20:37.153Z,2.1987,35,SYNTH
2026-03-09 14:20:38.739Z,2.2005,57,SYNTH
2026-03-09 14:20:39.097Z,2.2007,58,SYNTH
2026-03-09 14:20:40.566Z,2.2014,60,SYNTH
2026-03-09 14:20:41.804Z,2.1994,22,SYNTH
2026-03-09 14:20:42.569Z,2.2006,26,SYNTH
2026-03-09 14:20:43.074Z,2.1991,21,SYNTH
2026-03-09 14:20:44.165Z,2.2013,20,SYNTH
2026-03-09 14:20:45.688Z,2.1982,28,SYNTH
2026-03-09 14:20:46.550Z,2.1977,21,SYNTH
2026-03-09 14:20:47.757Z,2.2024,32,SYNTH
2026-03-09 14:20:48.123Z,2.2023,30,SYNTH
2026-03-09 14:20:49.880Z,2.1991,29,SYNTH
2026-03-09 14:20:50.200Z,2.1981,32,SYNTH
2026-03-09 14:20:51.009Z,2.1994,24,SYNTH
2026-03-09 14:20:52.210Z,2.2002,32,SYNTH
2026-03-09 14:20:53.273Z,2.2008,38,SYNTH
2026-03-09 14:20:54.283Z,2.1988,18,SYNTH
2026-03-09 14:20:55.747Z,2.2011,23,SYNTH
2026-03-09 14:20:56.837Z,2.2017,31,SYNTH
2026-03-09 14:20:57.492Z,2.2001,31,SYNTH
2026-03-09 14:20:58.782Z,2.1990,30,SYNTH
2026-03-09 14:20:59.439Z,2.2012,25,SYNTH
2026-03-09 14:21:00.631Z,2.1908,2,SYNTH
2026-03-09 14:21:01.449Z,2.1918,2,SYNTH
2026-03-09 14:21:02.682Z,2.1888,2,SYNTH
2026-03-09 14:21:03.423Z,2.1913,2,SYNTH
2026-03-09 14:21:04.845Z,2.1915,2,SYNTH
2026-03-09 14:21:05.439Z,2.1903,1,SYNTH
2026-03-09 14:21:06.668Z,2.1888,1,SYNTH
2026-03-09 14:21:07.728Z,2.1902,1,SYNTH
2026-03-09 14:21:08.446Z,2.1904,2,SYNTH
2026-03-09 14:21:09.406Z,2.1881,2,SYNTH
2026-03-09 14:21:10.582Z,2.1909,1,SYNTH
2026-03-09 14:21:11.112Z,2.1921,4,SYNTH
2026-03-09 14:21:12.367Z,2.1906,4,SYNTH
2026-03-09 14:21:13.431Z,2.1893,3,SYNTH
2026-03-09 14:21:14.622Z,2.1901,1,SYNTH
2026-03-09 14:21:15.228Z,2.1904,1,SYNTH
2026-03-09 14:21:16.380Z,2.1908,3,SYNTH
2026-03-09 14:21:17.256Z,2.1910,2,SYNTH
2026-03-09 14:21:18.288Z,2.1892,1,SYNTH
2026-03-09 14:21:19.234Z,2.1918,2,SYNTH
2026-03-09 14:21:20.500Z,2.1915,1,SYNTH
2026-03-09 14:21:21.140Z,2.1882,1,SYNTH
2026-03-09 14:21:22.309Z,2.1908,1,SYNTH
2026-03-09 14:21:23.039Z,2.1915,2,SYNTH
2026-03-09 14:21:24.400Z,2.1886,1,SYNTH
2026-03-09 14:21:25.082Z,2.1915,1,SYNTH
2026-03-09 14:21:26.180Z,2.1921,1,SYNTH
2026-03-09 14:21:27.571Z,2.1913,1,SYNTH
2026-03-09 14:21:28.692Z,2.1884,1,SYNTH
2026-03-09 14:21:29.812Z,2.1895,1,SYNTH
2026-03-09 14:21:30.012Z,2.1883,1,SYNTH
2026-03-09 14:21:31.303Z,2.1885,1,SYNTH
2026-03-09 14:21:32.208Z,2.1903,1,SYNTH
2026-03-09 14:21:33.312Z,2.1918,1,SYNTH
2026-03-09 14:21:34.126Z,2.1921,1,SYNTH
2026-03-09 14:21:35.539Z,2.1893,1,SYNTH
2026-03-09 14:21:36.623Z,2.1895,1,SYNTH
2026-03-09 14:21:37.857Z,2.1909,3,SYNTH
2026-03-09 14:21:38.240Z,2.1879,4,SYNTH
2026-03-09 14:21:39.782Z,2.1916,2,SYNTH
2026-03-09 14:21:40.272Z,2.1916,3,SYNTH
2026-03-09 14:21:41.265Z,2.1891,1,SYNTH
2026-03-09 14:21:42.396Z,2.1916,1,SYNTH
2026-03-09 14:21:43.804Z,2.1906,1,SYNTH
2026-03-09 14:21:44.610Z,2.1891,2,SYNTH
2026-03-09 14:21:45.740Z,2.1906,1,SYNTH
2026-03-09 14:21:46.623Z,2.1886,2,SYNTH
2026-03-09 14:21:47.190Z,2.1914,1,SYNTH
2026-03-09 14:21:48.227Z,2.1877,1,SYNTH
2026-03-09 14:21:49.689Z,2.1908,2,SYNTH
2026-03-09 14:21:50.653Z,2.1903,2,SYNTH
2026-03-09 14:21:51.010Z,2.1921,2,SYNTH
2026-03-09 14:21:52.145Z,2.1898,2,SYNTH
2026-03-09 14:21:53.411Z,2.1887,2,SYNTH
2026-03-09 14:21:54.860Z,2.1918,2,SYNTH
2026-03-09 14:21:55.250Z,2.1893,1,SYNTH
2026-03-09 14:21:56.237Z,2.1907,2,SYNTH
2026-03-09 14:21:57.220Z,2.1906,2,SYNTH
2026-03-09 14:21:58.555Z,2.1887,1,SYNTH
2026-03-09 14:21:59.288Z,2.1911,2,SYNTH
2026-03-09 14:22:00.266Z,2.1919,17,SYNTH
2026-03-09 14:22:01.686Z,2.1885,26,SYNTH
2026-03-09 14:22:02.252Z,2.1888,20,SYNTH
2026-03-09 14:22:03.647Z,2.1910,17,SYNTH
2026-03-09 14:22:04.883Z,2.1914,11,SYNTH
2026-03-09 14:22:05.753Z,2.1893,24,SYNTH
2026-03-09 14:22:06.475Z,2.1883,19,SYNTH
2026-03-09 14:22:07.782Z,2.1904,13,SYNTH
2026-03-09 14:22:08.189Z,2.1899,20,SYNTH
2026-03-09 14:22:09.178Z,2.1886,22,SYNTH
2026-03-09 14:22:10.438Z,2.1918,16,SYNTH
2026-03-09 14:22:11.402Z,2.1884,58,SYNTH
2026-03-09 14:22:12.292Z,2.1895,34,SYNTH
2026-03-09 14:22:13.826Z,2.1891,56,SYNTH
2026-03-09 14:22:14.617Z,2.1884,12,SYNTH
2026-03-09 14:22:15.724Z,2.1909,11,SYNTH
2026-03-09 14:22:16.633Z,2.1877,36,SYNTH
2026-03-09 14:22:17.197Z,2.1917,25,SYNTH
2026-03-09 14:22:18.497Z,2.1920,23,SYNTH
2026-03-09 14:22:19.375Z,2.1907,27,SYNTH
2026-03-09 14:22:20.751Z,2.1901,8,SYNTH
2026-03-09 14:22:21.789Z,2.1926,10,SYNTH
2026-03-09 14:22:22.858Z,2.1924,13,SYNTH
2026-03-09 14:22:23.224Z,2.1929,19,SYNTH
2026-03-09 14:22:24.830Z,2.1920,18,SYNTH
2026-03-09 14:22:25.231Z,2.1948,12,SYNTH
2026-03-09 14:22:26.016Z,2.1943,13,SYNTH
2026-03-09 14:22:27.526Z,2.1947,12,SYNTH
2026-03-09 14:22:28.533Z,2.1963,18,SYNTH
2026-03-09 14:22:29.788Z,2.1963,9,SYNTH
2026-03-09 14:22:30.724Z,2.1963,18,SYNTH
2026-03-09 14:22:31.626Z,2.1979,15,SYNTH
2026-03-09 14:22:32.191Z,2.1990,18,SYNTH
2026-03-09 14:22:33.077Z,2.1998,9,SYNTH
2026-03-09 14:22:34.775Z,2.2009,15,SYNTH
2026-03-09 14:22:35.191Z,2.1995,18,SYNTH
2026-03-09 14:22:36.654Z,2.1997,18,SYNTH
2026-03-09 14:22:37.308Z,2.2009,34,SYNTH
2026-03-09 14:22:38.215Z,2.2019,35,SYNTH
2026-03-09 14:22:39.317Z,2.2018,35,SYNTH
2026-03-09 14:22:40.352Z,2.1994,22,SYNTH
2026-03-09 14:22:41.804Z,2.1993,12,SYNTH
2026-03-09 14:22:42.302Z,2.2015,15,SYNTH
2026-03-09 14:22:43.653Z,2.1981,13,SYNTH
2026-03-09 14:22:44.183Z,2.1977,19,SYNTH
