TimestampUtc,Bid,Ask,BidSize,AskSize,SpreadBps
2026-04-21 13:30:00.837Z,3.1160,3.1240,100,100,25.6
2026-04-21 13:30:01.489Z,3.1157,3.1245,100,100,28.2
2026-04-21 13:30:02.100Z,3.1145,3.1263,100,100,37.8
2026-04-21 13:30:03.621Z,3.1150,3.1260,100,100,35.3
2026-04-21 13:30:04.214Z,3.1152,3.1240,100,100,28.2
2026-04-21 13:30:05.662Z,3.1155,3.1257,100,100,32.7
2026-04-21 13:30:06.162Z,3.1143,3.1249,100,100,34.0
2026-04-21 13:30:07.365Z,3.1160,3.1250,100,100,28.8
2026-04-21 13:30:08.825Z,3.1137,3.1249,100,100,35.9
2026-04-21 13:30:09.011Z,3.1148,3.1256,100,100,34.6
2026-04-21 13:30:10.540Z,3.1135,3.1253,100,100,37.8
2026-04-21 13:30:11.726Z,3.1150,3.1264,100,100,36.5
2026-04-21 13:30:12.268Z,3.1162,3.1250,100,100,28.2
2026-04-21 13:30:13.245Z,3.1145,3.1259,100,100,36.5
2026-04-21 13:30:14.353Z,3.1154,3.1244,100,100,28.8
2026-04-21 13:30:15.789Z,3.1147,3.1267,100,100,38.5
2026-04-21 13:30:16.462Z,3.1155,3.1243,100,100,28.2
2026-04-21 13:30:17.411Z,3.1150,3.1246,100,100,30.8
2026-04-21 13:30:18.320Z,3.1146,3.1240,100,100,30.1
2026-04-21 13:30:19.173Z,3.1141,3.1247,100,100,34.0
2026-04-21 13:30:20.812Z,3.1150,3.1260,100,100,35.3
2026-04-21 13:30:21.165Z,3.1164,3.1248,100,100,26.9
2026-04-21 13:30:22.149Z,3.1142,3.1252,100,100,35.3
2026-04-21 13:30:23.747Z,3.1157,3.1247,100,100,28.8
2026-04-21 13:30:24.518Z,3.1147,3.1251,100,100,33.3
2026-04-21 13:30:25.058Z,3.1148,3.1266,100,100,37.8
2026-04-21 13:30:26.653Z,3.1154,3.1258,100,100,33.3
2026-04-21 13:30:27.662Z,3.1146,3.1244,100,100,31.4
2026-04-21 13:30:28.494Z,3.1155,3.1237,100,100,26.3
2026-04-21 13:30:29.849Z,3.1158,3.1252,100,100,30.1
2026-04-21 13:30:30.326Z,3.1158,3.1246,100,100,28.2
2026-04-21 13:30:31.129Z,3.1155,3.1251,100,100,30.8
2026-04-21 13:30:32.362Z,3.1155,3.1249,100,100,30.1
2026-04-21 13:30:33.481Z,3.1157,3.1253,100,100,30.8
2026-04-21 13:30:34.839Z,3.1147,3.1239,100,100,29.5
2026-04-21 13:30:35.204Z,3.1159,3.1245,100,100,27.6
2026-04-21 13:30:36.855Z,3.1149,3.1253,100,100,33.3
2026-04-21 13:30:37.863Z,3.1139,3.1253,100,100,36.5
2026-04-21 13:30:38.668Z,3.1151,3.1235,100,100,26.9
2026-04-21 13:30:39.720Z,3.1155,3.1245,100,100,28.8
2026-04-21 13:30:40.094Z,3.1145,3.1263,100,100,37.8
2026-04-21 13:30:41.574Z,3.1147,3.1239,100,100,29.5
2026-04-21 13:30:42.010Z,3.1147,3.1253,100,100,34.0
2026-04-21 13:30:43.422Z,3.1146,3.1248,100,100,32.7
2026-04-21 13:30:44.440Z,3.1158,3.1242,100,100,26.9
2026-04-21 13:30:45.002Z,3.1157,3.1249,100,100,29.5
2026-04-21 13:30:46.028Z,3.1166,3.1248,100,100,26.3
2026-04-21 13:30:47.855Z,3.1154,3.1252,100,100,31.4
2026-04-21 13:30:48.112Z,3.1131,3.1257,100,100,40.4
2026-04-21 13:30:49.242Z,3.1146,3.1266,100,100,38.5
2026-04-21 13:30:50.726Z,3.1142,3.1260,100,100,37.8
2026-04-21 13:30:51.811Z,3.1146,3.1266,100,100,38.5
2026-04-21 13:30:52.310Z,3.1147,3.1267,100,100,38.5
2026-04-21 13:30:53.449Z,3.1144,3.1266,100,100,39.1
2026-04-21 13:30:54.484Z,3.1163,3.1245,100,100,26.3
2026-04-21 13:30:55.378Z,3.1148,3.1252,100,100,33.3
2026-04-21 13:30:56.008Z,3.1144,3.1258,100,100,36.5
2026-04-21 13:30:57.696Z,3.1153,3.1255,100,100,32.7
2026-04-21 13:30:58.425Z,3.1150,3.1258,100,100,34.6
2026-04-21 13:30:59.076Z,3.1159,3.1241,100,100,26.3
2026-04-21 13:34:00.453Z,2.9957,3.0043,100,100,28.7
2026-04-21 13:34:01.282Z,2.9948,3.0054,100,100,35.3
2026-04-21 13:34:02.131Z,2.9939,3.0055,100,100,38.7
2026-04-21 13:34:03.453Z,2.9958,3.0056,100,100,32.7
2026-04-21 13:34:04.394Z,2.9959,3.0043,100,100,28.0
2026-04-21 13:34:05.808Z,2.9953,3.0061,100,100,36.0
2026-04-21 13:34:06.139Z,2.9963,3.0051,100,100,29.3
2026-04-21 13:34:07.228Z,2.9953,3.0047,100,100,31.3
2026-04-21 13:34:08.889Z,2.9948,3.0038,100,100,30.0
2026-04-21 13:34:09.760Z,2.9952,3.0046,100,100,31.3
2026-04-21 13:34:10.002Z,2.9942,3.0058,100,100,38.7
2026-04-21 13:34:11.009Z,2.9950,3.0048,100,100,32.7
2026-04-21 13:34:12.650Z,2.9953,3.0055,100,100,34.0
2026-04-21 13:34:13.481Z,2.9952,3.0050,100,100,32.7
2026-04-21 13:34:14.268Z,2.9956,3.0058,100,100,34.0
2026-04-21 13:34:15.840Z,2.9936,3.0050,100,100,38.0
2026-04-21 13:34:16.778Z,2.9938,3.0050,100,100,37.3
2026-04-21 13:34:17.152Z,2.9952,3.0034,100,100,27.3
2026-04-21 13:34:18.525Z,2.9954,3.0058,100,100,34.7
2026-04-21 13:34:19.074Z,2.9949,3.0051,100,100,34.0
2026-04-21 13:34:20.785Z,2.9948,3.0066,100,100,39.3
2026-04-21 13:34:21.628Z,2.9948,3.0058,100,100,36.7
2026-04-21 13:34:22.232Z,2.9942,3.0044,100,100,34.0
2026-04-21 13:34:23.314Z,2.9953,3.0035,100,100,27.3
2026-04-21 13:34:24.874Z,2.9950,3.0046,100,100,32.0
2026-04-21 13:34:25.669Z,2.9956,3.0050,100,100,31.3
2026-04-21 13:34:26.395Z,2.9944,3.0050,100,100,35.3
2026-04-21 13:34:27.016Z,2.9936,3.0050,100,100,38.0
2026-04-21 13:34:28.072Z,2.9936,3.0052,100,100,38.7
2026-04-21 13:34:29.075Z,2.9942,3.0060,100,100,39.3
2026-04-21 13:34:30.448Z,2.9952,3.0058,100,100,35.3
2026-04-21 13:34:31.368Z,2.9946,3.0062,100,100,38.7
2026-04-21 13:34:32.842Z,2.9947,3.0051,100,100,34.7
2026-04-21 13:34:33.284Z,2.9962,3.0052,100,100,30.0
2026-04-21 13:34:34.818Z,2.9936,3.0054,100,100,39.3
2026-04-21 13:34:35.572Z,2.9944,3.0052,100,100,36.0
2026-04-21 13:34:36.080Z,2.9957,3.0057,100,100,33.3
2026-04-21 13:34:37.213Z,2.9946,3.0064,100,100,39.3
2026-04-21 13:34:38.451Z,2.9951,3.0059,100,100,36.0
2026-04-21 13:34:39.601Z,2.9956,3.0056,100,100,33.3
2026-04-21 13:34:40.563Z,2.9944,3.0050,100,100,35.3
2026-04-21 13:34:41.276Z,2.9943,3.0049,100,100,35.3
2026-04-21 13:34:42.181Z,2.9953,3.0055,100,100,34.0
2026-04-21 13:34:43.818Z,2.9943,3.0051,100,100,36.0
2026-04-21 13:34:44.804Z,2.9961,3.0047,100,100,28.7
2026-04-21 13:34:45.593Z,2.9962,3.0050,100,100,29.3
2026-04-21 13:34:46.231Z,2.9931,3.0055,100,100,41.3
2026-04-21 13:34:47.124Z,2.9947,3.0049,100,100,34.0
2026-04-21 13:34:48.732Z,2.9950,3.0042,100,100,30.7
2026-04-21 13:34:49.686Z,2.9962,3.0050,100,100,29.3
2026-04-21 13:34:50.305Z,2.9955,3.0047,100,100,30.7
2026-04-21 13:34:51.172Z,2.9950,3.0042,100,100,30.7
2026-04-21 13:34:52.789Z,2.9955,3.0041,100,100,28.7
2026-04-21 13:34:53.732Z,2.9946,3.0054,100,100,36.0
2026-04-21 13:34:54.468Z,2.9958,3.0054,100,100,32.0
2026-04-21 13:34:55.097Z,2.9950,3.0048,100,100,32.7
2026-04-21 13:34:56.085Z,2.9950,3.0036,100,100,28.7
2026-04-21 13:34:57.067Z,2.9947,3.0057,100,100,36.7
2026-04-21 13:34:58.489Z,2.9955,3.0039,100,100,28.0
2026-04-21 13:34:59.164Z,2.9953,3.0047,100,100,31.3
2026-04-21 13:37:00.882Z,2.9958,3.0042,100,100,28.0
2026-04-21 13:37:01.290Z,2.9951,3.0045,100,100,31.3
2026-04-21 13:37:02.222Z,2.9945,3.0049,100,100,34.7
2026-04-21 13:37:03.734Z,2.9953,3.0055,100,100,34.0
2026-04-21 13:37:04.752Z,2.9959,3.0043,100,100,28.0
2026-04-21 13:37:05.289Z,2.9958,3.0054,100,100,32.0
2026-04-21 13:37:06.327Z,2.9952,3.0054,100,100,34.0
2026-04-21 13:37:07.089Z,2.9933,3.0053,100,100,40.0
2026-04-21 13:37:08.475Z,2.9953,3.0045,100,100,30.7
2026-04-21 13:37:09.828Z,2.9948,3.0056,100,100,36.0
2026-04-21 13:37:10.850Z,2.9954,3.0060,100,100,35.3
2026-04-21 13:37:11.739Z,2.9957,3.0043,100,100,28.7
2026-04-21 13:37:12.452Z,2.9942,3.0046,100,100,34.7
2026-04-21 13:37:13.677Z,2.9945,3.0069,100,100,41.3
2026-04-21 13:37:14.733Z,2.9959,3.0049,100,100,30.0
2026-04-21 13:37:15.815Z,2.9949,3.0065,100,100,38.7
2026-04-21 13:37:16.687Z,2.9948,3.0044,100,100,32.0
2026-04-21 13:37:17.382Z,2.9963,3.0051,100,100,29.3
2026-04-21 13:37:18.322Z,2.9951,3.0061,100,100,36.7
2026-04-21 13:37:19.049Z,2.9963,3.0045,100,100,27.3
2026-04-21 13:37:20.082Z,2.9943,3.0051,100,100,36.0
2026-04-21 13:37:21.733Z,2.9943,3.0057,100,100,38.0
2026-04-21 13:37:22.471Z,2.9944,3.0052,100,100,36.0
2026-04-21 13:37:23.702Z,2.9941,3.0051,100,100,36.7
2026-04-21 13:37:24.472Z,2.9939,3.0059,100,100,40.0
2026-04-21 13:37:25.726Z,2.9959,3.0043,100,100,28.0
2026-04-21 13:37:26.125Z,2.9959,3.0051,100,100,30.7
2026-04-21 13:37:27.401Z,2.9945,3.0045,100,100,33.3
2026-04-21 13:37:28.337Z,2.9944,3.0062,100,100,39.3
2026-04-21 13:37:29.005Z,2.9934,3.0052,100,100,39.3
2026-04-21 13:37:30.160Z,2.9957,3.0055,100,100,32.7
2026-04-21 13:37:31.327Z,2.9943,3.0053,100,100,36.7
2026-04-21 13:37:32.141Z,2.9949,3.0049,100,100,33.3
2026-04-21 13:37:33.773Z,2.9947,3.0057,100,100,36.7
2026-04-21 13:37:34.734Z,2.9944,3.0058,100,100,38.0
2026-04-21 13:37:35.157Z,2.9954,3.0042,100,100,29.3
2026-04-21 13:37:36.668Z,2.9955,3.0043,100,100,29.3
2026-04-21 13:37:37.669Z,2.9937,3.0057,100,100,40.0
2026-04-21 13:37:38.393Z,2.9947,3.0055,100,100,36.0
2026-04-21 13:37:39.367Z,2.9952,3.0044,100,100,30.7
2026-04-21 13:37:40.737Z,2.9947,3.0057,100,100,36.7
2026-04-21 13:37:41.390Z,2.9946,3.0064,100,100,39.3
2026-04-21 13:37:42.506Z,2.9939,3.0057,100,100,39.3
2026-04-21 13:37:43.779Z,2.9947,3.0059,100,100,37.3
2026-04-21 13:37:44.209Z,2.9956,3.0042,100,100,28.7
2026-04-21 13:37:45.881Z,2.9945,3.0043,100,100,32.7
2026-04-21 13:37:46.872Z,2.9953,3.0037,100,100,28.0
2026-04-21 13:37:47.576Z,2.9962,3.0046,100,100,28.0
2026-04-21 13:37:48.497Z,2.9943,3.0045,100,100,34.0
2026-04-21 13:37:49.220Z,2.9947,3.0045,100,100,32.7
2026-04-21 13:37:50.748Z,2.9945,3.0065,100,100,40.0
2026-04-21 13:37:51.168Z,2.9953,3.0053,100,100,33.3
2026-04-21 13:37:52.041Z,2.9945,3.0043,100,100,32.7
2026-04-21 13:37:53.218Z,2.9942,3.0058,100,100,38.7
2026-04-21 13:37:54.876Z,2.9940,3.0056,100,100,38.7
2026-04-21 13:37:55.236Z,2.9946,3.0062,100,100,38.7
2026-04-21 13:37:56.271Z,2.9947,3.0065,100,100,39.3
2026-04-21 13:37:57.681Z,2.9949,3.0055,100,100,35.3
2026-04-21 13:37:58.321Z,2.9959,3.0043,100,100,28.0
2026-04-21 13:37:59.689Z,2.9947,3.0053,100,100,35.3
2026-04-21 13:50:00.633Z,2.9994,3.0106,100,100,37.3
2026-04-21 13:50:01.294Z,2.9991,3.0099,100,100,35.9
2026-04-21 13:50:02.200Z,2.9995,3.0109,100,100,37.9
2026-04-21 13:50:03.186Z,2.9999,3.0089,100,100,30.0
2026-04-21 13:50:04.480Z,2.9994,3.0104,100,100,36.6
2026-04-21 13:50:05.347Z,2.9986,3.0106,100,100,39.9
2026-04-21 13:50:06.204Z,3.0002,3.0104,100,100,33.9
2026-04-21 13:50:07.048Z,2.9982,3.0106,100,100,41.3
2026-04-21 13:50:08.405Z,3.0007,3.0103,100,100,31.9
2026-04-21 13:50:09.248Z,3.0002,3.0096,100,100,31.3
2026-04-21 13:50:10.200Z,2.9993,3.0109,100,100,38.6
2026-04-21 13:50:11.697Z,3.0014,3.0100,100,100,28.6
2026-04-21 13:50:12.321Z,2.9999,3.0113,100,100,37.9
2026-04-21 13:50:13.493Z,2.9998,3.0110,100,100,37.3
2026-04-21 13:50:14.279Z,2.9988,3.0106,100,100,39.3
2026-04-21 13:50:15.218Z,3.0003,3.0111,100,100,35.9
2026-04-21 13:50:16.346Z,2.9998,3.0108,100,100,36.6
2026-04-21 13:50:17.231Z,2.9994,3.0110,100,100,38.6
2026-04-21 13:50:18.376Z,3.0009,3.0093,100,100,28.0
2026-04-21 13:50:19.182Z,3.0009,3.0099,100,100,29.9
2026-04-21 13:50:20.088Z,3.0029,3.0125,100,100,31.9
2026-04-21 13:50:21.766Z,3.0062,3.0158,100,100,31.9
2026-04-21 13:50:22.804Z,3.0090,3.0236,100,100,48.4
2026-04-21 13:50:23.137Z,3.0135,3.0273,100,100,45.7
2026-04-21 13:50:24.385Z,3.0191,3.0341,100,100,49.6
2026-04-21 13:50:25.722Z,3.0251,3.0401,100,100,49.5
2026-04-21 13:50:26.369Z,3.0327,3.0439,100,100,36.9
2026-04-21 13:50:27.055Z,3.0396,3.0528,100,100,43.3
2026-04-21 13:50:28.776Z,3.0456,3.0594,100,100,45.2
2026-04-21 13:50:29.704Z,3.0521,3.0647,100,100,41.2
2026-04-21 13:50:30.098Z,3.0582,3.0730,100,100,48.3
2026-04-21 13:50:31.790Z,3.0665,3.0793,100,100,41.7
2026-04-21 13:50:32.789Z,3.0706,3.0852,100,100,47.4
2026-04-21 13:50:33.255Z,3.0776,3.0920,100,100,46.7
2026-04-21 13:50:34.129Z,3.0839,3.0945,100,100,34.3
2026-04-21 13:50:35.839Z,3.0866,3.0990,100,100,40.1
2026-04-21 13:50:36.486Z,3.0905,3.1023,100,100,38.1
2026-04-21 13:50:37.519Z,3.0921,3.1049,100,100,41.3
2026-04-21 13:50:38.117Z,3.0949,3.1059,100,100,35.5
2026-04-21 13:50:39.313Z,3.0937,3.1047,100,100,35.5
2026-04-21 13:50:40.297Z,3.0937,3.1037,100,100,32.3
2026-04-21 13:50:41.334Z,3.0924,3.1038,100,100,36.8
2026-04-21 13:50:42.193Z,3.0885,3.1019,100,100,43.3
2026-04-21 13:50:43.739Z,3.0893,3.0999,100,100,34.3
2026-04-21 13:50:44.645Z,3.0871,3.0971,100,100,32.3
2026-04-21 13:50:45.416Z,3.0865,3.0963,100,100,31.7
2026-04-21 13:50:46.381Z,3.0842,3.0956,100,100,36.9
2026-04-21 13:50:47.630Z,3.0850,3.0966,100,100,37.5
2026-04-21 13:50:48.656Z,3.0860,3.0962,100,100,33.0
2026-04-21 13:50:49.535Z,3.0862,3.0984,100,100,39.5
2026-04-21 13:50:50.350Z,3.0864,3.0980,100,100,37.5
2026-04-21 13:50:51.778Z,3.0886,3.0984,100,100,31.7
2026-04-21 13:50:52.106Z,3.0894,3.1008,100,100,36.8
2026-04-21 13:50:53.820Z,3.0908,3.1006,100,100,31.7
2026-04-21 13:50:54.735Z,3.0930,3.1024,100,100,30.3
2026-04-21 13:50:55.257Z,3.0923,3.1031,100,100,34.9
2026-04-21 13:50:56.155Z,3.0935,3.1035,100,100,32.3
2026-04-21 13:50:57.810Z,3.0950,3.1048,100,100,31.6
2026-04-21 13:50:58.764Z,3.0951,3.1055,100,100,33.5
2026-04-21 13:50:59.792Z,3.0939,3.1061,100,100,39.4
2026-04-21 14:48:00.237Z,3.1108,3.1192,100,100,27.0
2026-04-21 14:48:01.007Z,3.1084,3.1202,100,100,37.9
2026-04-21 14:48:02.498Z,3.1097,3.1189,100,100,29.5
2026-04-21 14:48:03.535Z,3.1113,3.1201,100,100,28.2
2026-04-21 14:48:04.709Z,3.1115,3.1201,100,100,27.6
2026-04-21 14:48:05.596Z,3.1104,3.1192,100,100,28.3
2026-04-21 14:48:06.697Z,3.1105,3.1207,100,100,32.7
2026-04-21 14:48:07.065Z,3.1084,3.1202,100,100,37.9
2026-04-21 14:48:08.083Z,3.1097,3.1195,100,100,31.5
2026-04-21 14:48:09.438Z,3.1107,3.1205,100,100,31.5
2026-04-21 14:48:10.373Z,3.1104,3.1188,100,100,27.0
2026-04-21 14:48:11.380Z,3.1105,3.1197,100,100,29.5
2026-04-21 14:48:12.546Z,3.1108,3.1196,100,100,28.2
2026-04-21 14:48:13.054Z,3.1091,3.1195,100,100,33.4
2026-04-21 14:48:14.470Z,3.1093,3.1213,100,100,38.5
2026-04-21 14:48:15.453Z,3.1114,3.1202,100,100,28.2
2026-04-21 14:48:16.717Z,3.1106,3.1204,100,100,31.5
2026-04-21 14:48:17.124Z,3.1113,3.1203,100,100,28.9
2026-04-21 14:48:18.029Z,3.1095,3.1195,100,100,32.1
2026-04-21 14:48:19.744Z,3.1095,3.1191,100,100,30.8
2026-04-21 14:48:20.887Z,3.1066,3.1192,100,100,40.5
2026-04-21 14:48:21.070Z,3.1033,3.1159,100,100,40.5
2026-04-21 14:48:22.706Z,3.0994,3.1128,100,100,43.1
2026-04-21 14:48:23.096Z,3.0957,3.1077,100,100,38.7
2026-04-21 14:48:24.142Z,3.0917,3.1035,100,100,38.1
2026-04-21 14:48:25.377Z,3.0849,3.0985,100,100,44.0
2026-04-21 14:48:26.293Z,3.0802,3.0918,100,100,37.6
2026-04-21 14:48:27.242Z,3.0725,3.0875,100,100,48.7
2026-04-21 14:48:28.863Z,3.0674,3.0806,100,100,42.9
2026-04-21 14:48:29.143Z,3.0611,3.0753,100,100,46.3
2026-04-21 14:48:30.004Z,3.0575,3.0677,100,100,33.3
2026-04-21 14:48:31.714Z,3.0521,3.0641,100,100,39.2
2026-04-21 14:48:32.666Z,3.0457,3.0583,100,100,41.3
2026-04-21 14:48:33.637Z,3.0412,3.0530,100,100,38.7
2026-04-21 14:48:34.189Z,3.0362,3.0498,100,100,44.7
2026-04-21 14:48:35.244Z,3.0341,3.0443,100,100,33.6
2026-04-21 14:48:36.843Z,3.0313,3.0433,100,100,39.5
2026-04-21 14:48:37.182Z,3.0287,3.0415,100,100,42.2
2026-04-21 14:48:38.884Z,3.0289,3.0389,100,100,33.0
2026-04-21 14:48:39.622Z,3.0298,3.0384,100,100,28.3
2026-04-21 14:48:40.648Z,3.0291,3.0411,100,100,39.5
2026-04-21 14:48:41.630Z,3.0313,3.0429,100,100,38.2
2026-04-21 14:48:42.749Z,3.0336,3.0448,100,100,36.9
2026-04-21 14:48:43.088Z,3.0354,3.0458,100,100,34.2
2026-04-21 14:48:44.861Z,3.0361,3.0489,100,100,42.1
2026-04-21 14:48:45.649Z,3.0383,3.0477,100,100,30.9
2026-04-21 14:48:46.324Z,3.0377,3.0497,100,100,39.4
2026-04-21 14:48:47.014Z,3.0376,3.0482,100,100,34.8
2026-04-21 14:48:48.137Z,3.0368,3.0488,100,100,39.4
2026-04-21 14:48:49.822Z,3.0374,3.0490,100,100,38.1
2026-04-21 14:48:50.325Z,3.0355,3.0463,100,100,35.5
2026-04-21 14:48:51.375Z,3.0352,3.0472,100,100,39.5
2026-04-21 14:48:52.260Z,3.0357,3.0447,100,100,29.6
2026-04-21 14:48:53.420Z,3.0345,3.0433,100,100,29.0
2026-04-21 14:48:54.628Z,3.0319,3.0431,100,100,36.9
2026-04-21 14:48:55.182Z,3.0324,3.0414,100,100,29.6
2026-04-21 14:48:56.169Z,3.0317,3.0401,100,100,27.7
2026-04-21 14:48:57.885Z,3.0291,3.0399,100,100,35.6
2026-04-21 14:48:58.707Z,3.0292,3.0384,100,100,30.3
2026-04-21 14:48:59.804Z,3.0293,3.0391,100,100,32.3
2026-04-21 15:02:00.300Z,3.0341,3.0459,100,100,38.8
2026-04-21 15:02:01.886Z,3.0339,3.0457,100,100,38.8
2026-04-21 15:02:02.457Z,3.0346,3.0444,100,100,32.2
2026-04-21 15:02:03.446Z,3.0359,3.0451,100,100,30.3
2026-04-21 15:02:04.779Z,3.0348,3.0438,100,100,29.6
2026-04-21 15:02:05.316Z,3.0354,3.0450,100,100,31.6
2026-04-21 15:02:06.577Z,3.0334,3.0452,100,100,38.8
2026-04-21 15:02:07.643Z,3.0354,3.0446,100,100,30.3
2026-04-21 15:02:08.132Z,3.0349,3.0459,100,100,36.2
2026-04-21 15:02:09.536Z,3.0343,3.0447,100,100,34.2
2026-04-21 15:02:10.210Z,3.0345,3.0445,100,100,32.9
2026-04-21 15:02:11.167Z,3.0345,3.0453,100,100,35.5
2026-04-21 15:02:12.865Z,3.0345,3.0445,100,100,32.9
2026-04-21 15:02:13.451Z,3.0358,3.0456,100,100,32.2
2026-04-21 15:02:14.086Z,3.0341,3.0461,100,100,39.5
2026-04-21 15:02:15.309Z,3.0352,3.0438,100,100,28.3
2026-04-21 15:02:16.857Z,3.0351,3.0453,100,100,33.6
2026-04-21 15:02:17.820Z,3.0355,3.0451,100,100,31.6
2026-04-21 15:02:18.827Z,3.0345,3.0441,100,100,31.6
2026-04-21 15:02:19.589Z,3.0351,3.0443,100,100,30.3
2026-04-21 15:02:20.267Z,3.0345,3.0465,100,100,39.5
2026-04-21 15:02:21.042Z,3.0335,3.0451,100,100,38.2
2026-04-21 15:02:22.348Z,3.0349,3.0437,100,100,29.0
2026-04-21 15:02:23.519Z,3.0360,3.0448,100,100,28.9
2026-04-21 15:02:24.611Z,3.0347,3.0447,100,100,32.9
2026-04-21 15:02:25.616Z,3.0350,3.0438,100,100,29.0
2026-04-21 15:02:26.526Z,3.0353,3.0461,100,100,35.5
2026-04-21 15:02:27.786Z,3.0335,3.0459,100,100,40.8
2026-04-21 15:02:28.036Z,3.0341,3.0449,100,100,35.5
2026-04-21 15:02:29.395Z,3.0344,3.0442,100,100,32.2
2026-04-21 15:02:30.021Z,3.0341,3.0461,100,100,39.5
2026-04-21 15:02:31.396Z,3.0345,3.0459,100,100,37.5
2026-04-21 15:02:32.352Z,3.0350,3.0452,100,100,33.6
2026-04-21 15:02:33.371Z,3.0363,3.0445,100,100,27.0
2026-04-21 15:02:34.222Z,3.0352,3.0450,100,100,32.2
2026-04-21 15:02:35.494Z,3.0349,3.0447,100,100,32.2
2026-04-21 15:02:36.067Z,3.0357,3.0459,100,100,33.5
2026-04-21 15:02:37.267Z,3.0345,3.0441,100,100,31.6
2026-04-21 15:02:38.468Z,3.0360,3.0452,100,100,30.3
2026-04-21 15:02:39.861Z,3.0355,3.0441,100,100,28.3
2026-04-21 15:02:40.803Z,3.0356,3.0458,100,100,33.5
2026-04-21 15:02:41.496Z,3.0358,3.0448,100,100,29.6
2026-04-21 15:02:42.462Z,3.0342,3.0450,100,100,35.5
2026-04-21 15:02:43.273Z,3.0359,3.0451,100,100,30.3
2026-04-21 15:02:44.390Z,3.0341,3.0453,100,100,36.8
2026-04-21 15:02:45.104Z,3.0358,3.0452,100,100,30.9
2026-04-21 15:02:46.636Z,3.0361,3.0447,100,100,28.3
2026-04-21 15:02:47.087Z,3.0362,3.0448,100,100,28.3
2026-04-21 15:02:48.696Z,3.0351,3.0459,100,100,35.5
2026-04-21 15:02:49.547Z,3.0347,3.0441,100,100,30.9
2026-04-21 15:02:50.496Z,3.0354,3.0448,100,100,30.9
2026-04-21 15:02:51.567Z,3.0345,3.0445,100,100,32.9
2026-04-21 15:02:52.844Z,3.0353,3.0443,100,100,29.6
2026-04-21 15:02:53.102Z,3.0355,3.0457,100,100,33.5
2026-04-21 15:02:54.329Z,3.0356,3.0440,100,100,27.6
2026-04-21 15:02:55.246Z,3.0351,3.0435,100,100,27.6
2026-04-21 15:02:56.789Z,3.0360,3.0448,100,100,28.9
2026-04-21 15:02:57.571Z,3.0345,3.0457,100,100,36.8
2026-04-21 15:02:58.778Z,3.0338,3.0450,100,100,36.8
2026-04-21 15:02:59.366Z,3.0340,3.0460,100,100,39.5
2026-04-21 15:12:00.284Z,3.0659,3.0741,100,100,26.7
2026-04-21 15:12:01.319Z,3.0646,3.0740,100,100,30.6
2026-04-21 15:12:02.579Z,3.0640,3.0748,100,100,35.2
2026-04-21 15:12:03.824Z,3.0640,3.0754,100,100,37.1
2026-04-21 15:12:04.241Z,3.0644,3.0764,100,100,39.1
2026-04-21 15:12:05.462Z,3.0654,3.0752,100,100,31.9
2026-04-21 15:12:06.262Z,3.0661,3.0749,100,100,28.7
2026-04-21 15:12:07.086Z,3.0645,3.0753,100,100,35.2
2026-04-21 15:12:08.574Z,3.0645,3.0741,100,100,31.3
2026-04-21 15:12:09.723Z,3.0656,3.0748,100,100,30.0
2026-04-21 15:12:10.166Z,3.0649,3.0761,100,100,36.5
2026-04-21 15:12:11.462Z,3.0637,3.0749,100,100,36.5
2026-04-21 15:12:12.804Z,3.0639,3.0755,143,100,37.8
2026-04-21 15:12:13.132Z,3.0635,3.0751,100,100,37.8
2026-04-21 15:12:14.854Z,3.0641,3.0765,100,100,40.4
2026-04-21 15:12:15.498Z,3.0653,3.0757,100,100,33.9
2026-04-21 15:12:16.783Z,3.0644,3.0744,100,100,32.6
2026-04-21 15:12:17.102Z,3.0660,3.0748,100,100,28.7
2026-04-21 15:12:18.418Z,3.0664,3.0746,103,100,26.7
2026-04-21 15:12:19.341Z,3.0656,3.0748,100,100,30.0
2026-04-21 15:12:20.604Z,3.0651,3.0749,100,100,31.9
2026-04-21 15:12:21.235Z,3.0642,3.0762,100,100,39.1
2026-04-21 15:12:22.760Z,3.0650,3.0740,100,100,29.3
2026-04-21 15:12:23.195Z,3.0656,3.0752,100,100,31.3
2026-04-21 15:12:24.240Z,3.0650,3.0750,100,100,32.6
2026-04-21 15:12:25.787Z,3.0655,3.0753,100,100,31.9
2026-04-21 15:12:26.717Z,3.0637,3.0753,100,100,37.8
2026-04-21 15:12:27.496Z,3.0644,3.0760,100,100,37.8
2026-04-21 15:12:28.756Z,3.0645,3.0767,100,100,39.7
2026-04-21 15:12:29.481Z,3.0655,3.0741,100,100,28.0
2026-04-21 15:12:30.219Z,3.0653,3.0739,100,100,28.0
2026-04-21 15:12:31.837Z,3.0648,3.0748,100,100,32.6
2026-04-21 15:12:32.215Z,3.0658,3.0742,100,100,27.4
2026-04-21 15:12:33.076Z,3.0652,3.0750,100,100,31.9
2026-04-21 15:12:34.500Z,3.0654,3.0760,100,100,34.5
2026-04-21 15:12:35.778Z,3.0655,3.0757,100,100,33.2
2026-04-21 15:12:36.822Z,3.0649,3.0749,100,100,32.6
2026-04-21 15:12:37.080Z,3.0652,3.0744,100,100,30.0
2026-04-21 15:12:38.792Z,3.0660,3.0742,100,100,26.7
2026-04-21 15:12:39.206Z,3.0645,3.0755,100,100,35.8
2026-04-21 15:12:40.353Z,3.0637,3.0751,100,131,37.1
2026-04-21 15:12:41.668Z,3.0655,3.0747,100,100,30.0
2026-04-21 15:12:42.473Z,3.0651,3.0761,100,100,35.8
2026-04-21 15:12:43.217Z,3.0649,3.0745,100,100,31.3
2026-04-21 15:12:44.171Z,3.0646,3.0766,100,100,39.1
2026-04-21 15:12:45.639Z,3.0646,3.0752,100,100,34.5
2026-04-21 15:12:46.077Z,3.0646,3.0768,100,100,39.7
2026-04-21 15:12:47.858Z,3.0643,3.0761,100,100,38.4
2026-04-21 15:12:48.748Z,3.0652,3.0760,100,100,35.2
2026-04-21 15:12:49.654Z,3.0658,3.0744,100,100,28.0
2026-04-21 15:12:50.148Z,3.0649,3.0745,100,100,31.3
2026-04-21 15:12:51.485Z,3.0640,3.0760,100,100,39.1
2026-04-21 15:12:52.159Z,3.0651,3.0757,100,100,34.5
2026-04-21 15:12:53.644Z,3.0663,3.0751,100,100,28.7
2026-04-21 15:12:54.215Z,3.0648,3.0752,100,100,33.9
2026-04-21 15:12:55.325Z,3.0644,3.0766,100,100,39.7
2026-04-21 15:12:56.164Z,3.0657,3.0755,100,100,31.9
2026-04-21 15:12:57.168Z,3.0647,3.0753,100,100,34.5
2026-04-21 15:12:58.329Z,3.0645,3.0763,100,100,38.4
2026-04-21 15:12:59.448Z,3.0645,3.0755,100,100,35.8
2026-04-21 15:52:00.606Z,3.3601,3.3719,100,100,35.1
2026-04-21 15:52:01.041Z,3.3615,3.3721,100,100,31.5
2026-04-21 15:52:02.451Z,3.3599,3.3709,100,100,32.7
2026-04-21 15:52:03.110Z,3.3611,3.3713,100,100,30.3
2026-04-21 15:52:04.147Z,3.3621,3.3711,100,100,26.7
2026-04-21 15:52:05.347Z,3.3611,3.3719,100,100,32.1
2026-04-21 15:52:06.878Z,3.3608,3.3708,100,100,29.7
2026-04-21 15:52:07.394Z,3.3599,3.3717,100,100,35.1
2026-04-21 15:52:08.665Z,3.3605,3.3705,100,100,29.7
2026-04-21 15:52:09.311Z,3.3609,3.3725,100,100,34.5
2026-04-21 15:52:10.250Z,3.3607,3.3719,100,100,33.3
2026-04-21 15:52:11.262Z,3.3614,3.3706,100,100,27.3
2026-04-21 15:52:12.439Z,3.3604,3.3706,100,100,30.3
2026-04-21 15:52:13.167Z,3.3605,3.3727,100,100,36.2
2026-04-21 15:52:14.274Z,3.3610,3.3708,100,100,29.1
2026-04-21 15:52:15.756Z,3.3603,3.3719,100,100,34.5
2026-04-21 15:52:16.291Z,3.3608,3.3728,100,100,35.6
2026-04-21 15:52:17.619Z,3.3599,3.3709,100,100,32.7
2026-04-21 15:52:18.290Z,3.3602,3.3718,100,100,34.5
2026-04-21 15:52:19.148Z,3.3613,3.3711,100,100,29.1
2026-04-21 15:52:20.145Z,3.3596,3.3712,100,100,34.5
2026-04-21 15:52:21.832Z,3.3604,3.3724,100,100,35.6
2026-04-21 15:52:22.450Z,3.3609,3.3723,100,100,33.9
2026-04-21 15:52:23.558Z,3.3626,3.3708,100,100,24.4
2026-04-21 15:52:24.529Z,3.3610,3.3698,100,100,26.1
2026-04-21 15:52:25.335Z,3.3605,3.3707,100,100,30.3
2026-04-21 15:52:26.094Z,3.3601,3.3721,100,100,35.6
2026-04-21 15:52:27.711Z,3.3604,3.3712,100,100,32.1
2026-04-21 15:52:28.375Z,3.3601,3.3713,100,100,33.3
2026-04-21 15:52:29.144Z,3.3610,3.3700,100,100,26.7
2026-04-21 15:52:30.111Z,3.3617,3.3701,100,100,25.0
2026-04-21 15:52:31.795Z,3.3624,3.3708,100,100,25.0
2026-04-21 15:52:32.354Z,3.3609,3.3721,100,100,33.3
2026-04-21 15:52:33.793Z,3.3604,3.3714,100,100,32.7
2026-04-21 15:52:34.381Z,3.3607,3.3715,100,100,32.1
2026-04-21 15:52:35.700Z,3.3619,3.3711,100,100,27.3
2026-04-21 15:52:36.017Z,3.3614,3.3698,100,100,25.0
2026-04-21 15:52:37.243Z,3.3606,3.3726,100,100,35.6
2026-04-21 15:52:38.282Z,3.3618,3.3714,100,100,28.5
2026-04-21 15:52:39.762Z,3.3615,3.3703,100,100,26.1
2026-04-21 15:52:40.606Z,3.3602,3.3706,100,100,30.9
2026-04-21 15:52:41.559Z,3.3594,3.3712,100,100,35.1
2026-04-21 15:52:42.653Z,3.3611,3.3719,100,100,32.1
2026-04-21 15:52:43.686Z,3.3598,3.3714,100,100,34.5
2026-04-21 15:52:44.847Z,3.3604,3.3720,100,100,34.5
2026-04-21 15:52:45.894Z,3.3598,3.3718,100,100,35.7
2026-04-21 15:52:46.192Z,3.3620,3.3712,100,100,27.3
2026-04-21 15:52:47.218Z,3.3609,3.3727,100,100,35.0
2026-04-21 15:52:48.646Z,3.3624,3.3708,100,100,25.0
2026-04-21 15:52:49.508Z,3.3600,3.3722,100,100,36.2
2026-04-21 15:52:50.341Z,3.3609,3.3723,100,100,33.9
2026-04-21 15:52:51.413Z,3.3624,3.3706,100,100,24.4
2026-04-21 15:52:52.691Z,3.3600,3.3722,100,100,36.2
2026-04-21 15:52:53.094Z,3.3607,3.3727,100,100,35.6
2026-04-21 15:52:54.794Z,3.3617,3.3715,100,100,29.1
2026-04-21 15:52:55.008Z,3.3608,3.3702,100,100,27.9
2026-04-21 15:52:56.829Z,3.3606,3.3698,100,100,27.3
2026-04-21 15:52:57.750Z,3.3603,3.3707,100,100,30.9
2026-04-21 15:52:58.088Z,3.3620,3.3714,100,100,27.9
2026-04-21 15:52:59.591Z,3.3609,3.3711,100,100,30.3
2026-04-21 16:43:00.098Z,3.3857,3.3943,100,100,25.4
2026-04-21 16:43:01.641Z,3.3838,3.3958,100,100,35.4
2026-04-21 16:43:02.279Z,3.3841,3.3945,100,100,30.7
2026-04-21 16:43:03.530Z,3.3849,3.3949,100,100,29.5
2026-04-21 16:43:04.821Z,3.3847,3.3969,100,100,36.0
2026-04-21 16:43:05.854Z,3.3854,3.3944,100,100,26.5
2026-04-21 16:43:06.490Z,3.3861,3.3951,100,100,26.5
2026-04-21 16:43:07.893Z,3.3862,3.3946,100,100,24.8
2026-04-21 16:43:08.735Z,3.3851,3.3957,100,100,31.3
2026-04-21 16:43:09.184Z,3.3843,3.3951,100,100,31.9
2026-04-21 16:43:10.631Z,3.3844,3.3946,100,100,30.1
2026-04-21 16:43:11.319Z,3.3858,3.3952,100,100,27.7
2026-04-21 16:43:12.542Z,3.3837,3.3951,100,100,33.6
2026-04-21 16:43:13.805Z,3.3850,3.3964,100,100,33.6
2026-04-21 16:43:14.741Z,3.3835,3.3953,100,100,34.8
2026-04-21 16:43:15.110Z,3.3852,3.3958,100,100,31.3
2026-04-21 16:43:16.028Z,3.3839,3.3951,100,100,33.0
2026-04-21 16:43:17.536Z,3.3852,3.3958,100,100,31.3
2026-04-21 16:43:18.888Z,3.3851,3.3943,100,100,27.1
2026-04-21 16:43:19.708Z,3.3853,3.3943,100,100,26.6
2026-04-21 16:43:20.694Z,3.3814,3.3936,100,100,36.0
2026-04-21 16:43:21.131Z,3.3771,3.3907,100,100,40.2
2026-04-21 16:43:22.629Z,3.3763,3.3865,100,100,30.2
2026-04-21 16:43:23.530Z,3.3701,3.3821,100,100,35.5
2026-04-21 16:43:24.365Z,3.3646,3.3782,100,100,40.3
2026-04-21 16:43:25.706Z,3.3611,3.3737,100,100,37.4
2026-04-21 16:43:26.131Z,3.3552,3.3666,100,100,33.9
2026-04-21 16:43:27.045Z,3.3478,3.3628,100,100,44.7
2026-04-21 16:43:28.515Z,3.3434,3.3562,100,100,38.2
2026-04-21 16:43:29.307Z,3.3390,3.3506,100,100,34.7
2026-04-21 16:43:30.299Z,3.3313,3.3443,100,100,38.9
2026-04-21 16:43:31.406Z,3.3282,3.3382,100,100,30.0
2026-04-21 16:43:32.344Z,3.3225,3.3353,100,100,38.5
2026-04-21 16:43:33.651Z,3.3185,3.3295,100,100,33.1
2026-04-21 16:43:34.436Z,3.3118,3.3258,100,100,42.2
2026-04-21 16:43:35.755Z,3.3097,3.3209,100,100,33.8
2026-04-21 16:43:36.840Z,3.3077,3.3171,100,100,28.4
2026-04-21 16:43:37.279Z,3.3073,3.3159,100,100,26.0
2026-04-21 16:43:38.411Z,3.3050,3.3150,100,100,30.2
2026-04-21 16:43:39.411Z,3.3051,3.3157,100,100,32.0
2026-04-21 16:43:40.644Z,3.3062,3.3172,100,100,33.2
2026-04-21 16:43:41.045Z,3.3082,3.3170,100,100,26.6
2026-04-21 16:43:42.693Z,3.3084,3.3214,100,100,39.2
2026-04-21 16:43:43.811Z,3.3107,3.3227,100,100,36.2
2026-04-21 16:43:44.562Z,3.3146,3.3240,100,100,28.3
2026-04-21 16:43:45.363Z,3.3158,3.3262,100,100,31.3
2026-04-21 16:43:46.473Z,3.3158,3.3250,100,100,27.7
2026-04-21 16:43:47.616Z,3.3166,3.3262,100,100,28.9
2026-04-21 16:43:48.643Z,3.3152,3.3258,100,100,31.9
2026-04-21 16:43:49.097Z,3.3154,3.3238,100,100,25.3
2026-04-21 16:43:50.891Z,3.3130,3.3232,100,100,30.7
2026-04-21 16:43:51.672Z,3.3109,3.3229,100,100,36.2
2026-04-21 16:43:52.414Z,3.3121,3.3209,100,100,26.5
2026-04-21 16:43:53.105Z,3.3102,3.3208,100,100,32.0
2026-04-21 16:43:54.462Z,3.3098,3.3186,100,100,26.6
2026-04-21 16:43:55.683Z,3.3085,3.3171,100,100,26.0
2026-04-21 16:43:56.823Z,3.3072,3.3168,100,100,29.0
2026-04-21 16:43:57.261Z,3.3054,3.3158,100,100,31.4
2026-04-21 16:43:58.250Z,3.3052,3.3160,100,100,32.6
2026-04-21 16:43:59.730Z,3.3048,3.3152,100,100,31.4
2026-04-21 17:25:00.010Z,3.3057,3.3143,100,100,26.0
2026-04-21 17:25:01.799Z,3.3047,3.3155,100,100,32.6
2026-04-21 17:25:02.391Z,3.3033,3.3155,100,100,36.9
2026-04-21 17:25:03.470Z,3.3056,3.3148,100,100,27.8
2026-04-21 17:25:04.460Z,3.3040,3.3156,100,100,35.0
2026-04-21 17:25:05.341Z,3.3053,3.3151,100,100,29.6
2026-04-21 17:25:06.856Z,3.3052,3.3154,100,100,30.8
2026-04-21 17:25:07.129Z,3.3041,3.3157,100,100,35.0
2026-04-21 17:25:08.848Z,3.3051,3.3149,100,100,29.6
2026-04-21 17:25:09.043Z,3.3060,3.3150,100,100,27.2
2026-04-21 17:25:10.192Z,3.3057,3.3153,100,100,29.0
2026-04-21 17:25:11.459Z,3.3062,3.3152,100,100,27.2
2026-04-21 17:25:12.454Z,3.3049,3.3137,100,100,26.6
2026-04-21 17:25:13.360Z,3.3056,3.3146,100,100,27.2
2026-04-21 17:25:14.326Z,3.3050,3.3136,100,100,26.0
2026-04-21 17:25:15.652Z,3.3051,3.3153,100,100,30.8
2026-04-21 17:25:16.552Z,3.3053,3.3157,100,100,31.4
2026-04-21 17:25:17.689Z,3.3060,3.3154,100,100,28.4
2026-04-21 17:25:18.096Z,3.3046,3.3154,100,100,32.6
2026-04-21 17:25:19.571Z,3.3052,3.3150,100,100,29.6
2026-04-21 17:25:20.013Z,3.3042,3.3150,100,100,32.6
2026-04-21 17:25:21.719Z,3.3045,3.3167,100,100,36.9
2026-04-21 17:25:22.378Z,3.3031,3.3157,100,100,38.1
2026-04-21 17:25:23.231Z,3.3058,3.3146,100,100,26.6
2026-04-21 17:25:24.497Z,3.3045,3.3141,100,100,29.0
2026-04-21 17:25:25.545Z,3.3041,3.3157,100,100,35.0
2026-04-21 17:25:26.731Z,3.3045,3.3165,100,100,36.2
2026-04-21 17:25:27.010Z,3.3058,3.3152,100,100,28.4
2026-04-21 17:25:28.054Z,3.3059,3.3147,100,100,26.6
2026-04-21 17:25:29.153Z,3.3054,3.3142,100,100,26.6
2026-04-21 17:25:30.181Z,3.3043,3.3153,100,100,33.2
2026-04-21 17:25:31.878Z,3.3060,3.3148,100,100,26.6
2026-04-21 17:25:32.188Z,3.3040,3.3158,100,100,35.7
2026-04-21 17:25:33.093Z,3.3053,3.3153,100,100,30.2
2026-04-21 17:25:34.341Z,3.3058,3.3142,100,100,25.4
2026-04-21 17:25:35.499Z,3.3050,3.3138,100,100,26.6
2026-04-21 17:25:36.441Z,3.3048,3.3142,100,100,28.4
2026-04-21 17:25:37.022Z,3.3053,3.3137,100,100,25.4
2026-04-21 17:25:38.438Z,3.3048,3.3136,100,100,26.6
2026-04-21 17:25:39.448Z,3.3056,3.3150,100,100,28.4
2026-04-21 17:25:40.468Z,3.3035,3.3157,100,100,36.9
2026-04-21 17:25:41.581Z,3.3041,3.3145,100,100,31.4
2026-04-21 17:25:42.122Z,3.3044,3.3166,100,100,36.9
2026-04-21 17:25:43.143Z,3.3050,3.3164,100,100,34.4
2026-04-21 17:25:44.570Z,3.3049,3.3157,100,100,32.6
2026-04-21 17:25:45.715Z,3.3067,3.3149,100,100,24.8
2026-04-21 17:25:46.064Z,3.3065,3.3149,100,100,25.4
2026-04-21 17:25:47.608Z,3.3050,3.3162,100,100,33.8
2026-04-21 17:25:48.384Z,3.3042,3.3146,100,100,31.4
2026-04-21 17:25:49.456Z,3.3057,3.3155,100,100,29.6
2026-04-21 17:25:50.162Z,3.3059,3.3157,100,100,29.6
2026-04-21 17:25:51.835Z,3.3047,3.3165,100,100,35.6
2026-04-21 17:25:52.303Z,3.3043,3.3145,100,100,30.8
2026-04-21 17:25:53.035Z,3.3049,3.3153,100,100,31.4
2026-04-21 17:25:54.330Z,3.3047,3.3147,100,100,30.2
2026-04-21 17:25:55.527Z,3.3046,3.3150,100,100,31.4
2026-04-21 17:25:56.664Z,3.3041,3.3157,100,100,35.0
2026-04-21 17:25:57.461Z,3.3061,3.3153,100,100,27.8
2026-04-21 17:25:58.795Z,3.3049,3.3157,100,100,32.6
2026-04-21 17:25:59.507Z,3.3053,3.3147,100,100,28.4
2026-04-21 17:39:00.290Z,3.3042,3.3158,100,100,35.0
2026-04-21 17:39:01.696Z,3.3056,3.3144,100,100,26.6
2026-04-21 17:39:02.870Z,3.3054,3.3152,100,100,29.6
2026-04-21 17:39:03.462Z,3.3044,3.3142,100,100,29.6
2026-04-21 17:39:04.059Z,3.3062,3.3150,100,100,26.6
2026-04-21 17:39:05.613Z,3.3054,3.3162,100,100,32.6
2026-04-21 17:39:06.178Z,3.3042,3.3142,100,100,30.2
2026-04-21 17:39:07.161Z,3.3053,3.3147,100,100,28.4
2026-04-21 17:39:08.335Z,3.3052,3.3148,100,100,29.0
2026-04-21 17:39:09.435Z,3.3061,3.3147,100,100,26.0
2026-04-21 17:39:10.179Z,3.3050,3.3148,100,100,29.6
2026-04-21 17:39:11.776Z,3.3050,3.3146,100,108,29.0
2026-04-21 17:39:12.179Z,3.3046,3.3140,100,100,28.4
2026-04-21 17:39:13.355Z,3.3042,3.3158,100,100,35.0
2026-04-21 17:39:14.042Z,3.3053,3.3161,100,100,32.6
2026-04-21 17:39:15.398Z,3.3059,3.3153,100,100,28.4
2026-04-21 17:39:16.496Z,3.3049,3.3141,100,100,27.8
2026-04-21 17:39:17.036Z,3.3045,3.3155,100,100,33.2
2026-04-21 17:39:18.793Z,3.3056,3.3142,100,100,26.0
2026-04-21 17:39:19.731Z,3.3020,3.3146,100,100,38.1
2026-04-21 17:39:20.274Z,3.3009,3.3107,100,100,29.6
2026-04-21 17:39:21.586Z,3.2968,3.3092,100,100,37.5
2026-04-21 17:39:22.159Z,3.2898,3.3040,100,100,43.1
2026-04-21 17:39:23.891Z,3.2856,3.2978,100,100,37.1
2026-04-21 17:39:24.638Z,3.2791,3.2935,100,100,43.8
2026-04-21 17:39:25.827Z,3.2708,3.2850,100,100,43.3
2026-04-21 17:39:26.842Z,3.2632,3.2776,100,100,44.0
2026-04-21 17:39:27.411Z,3.2546,3.2702,100,100,47.8
2026-04-21 17:39:28.091Z,3.2504,3.2616,100,100,34.4
2026-04-21 17:39:29.700Z,3.2410,3.2526,100,100,35.7
2026-04-21 17:39:30.010Z,3.2330,3.2454,100,100,38.3
2026-04-21 17:39:31.036Z,3.2271,3.2383,100,100,34.6
2026-04-21 17:39:32.755Z,3.2172,3.2316,100,100,44.7
2026-04-21 17:39:33.447Z,3.2112,3.2246,100,100,41.6
2026-04-21 17:39:34.253Z,3.2052,3.2198,100,100,45.4
2026-04-21 17:39:35.240Z,3.2007,3.2137,100,100,40.5
2026-04-21 17:39:36.291Z,3.1971,3.2101,100,100,40.6
2026-04-21 17:39:37.756Z,3.1963,3.2057,100,100,29.4
2026-04-21 17:39:38.184Z,3.1943,3.2059,100,100,36.2
2026-04-21 17:39:39.566Z,3.1966,3.2050,100,100,26.2
2026-04-21 17:39:40.267Z,3.1978,3.2062,100,100,26.2
2026-04-21 17:39:41.022Z,3.1972,3.2096,100,100,38.7
2026-04-21 17:39:42.492Z,3.1982,3.2108,100,100,39.3
2026-04-21 17:39:43.117Z,3.2004,3.2114,100,100,34.3
2026-04-21 17:39:44.515Z,3.2023,3.2149,100,100,39.3
2026-04-21 17:39:45.357Z,3.2051,3.2143,100,100,28.7
2026-04-21 17:39:46.862Z,3.2053,3.2143,100,100,28.0
2026-04-21 17:39:47.827Z,3.2047,3.2137,100,100,28.0
2026-04-21 17:39:48.363Z,3.2054,3.2140,100,100,26.8
2026-04-21 17:39:49.626Z,3.2040,3.2128,100,100,27.4
2026-04-21 17:39:50.374Z,3.2038,3.2124,100,100,26.8
2026-04-21 17:39:51.124Z,3.2019,3.2115,100,100,29.9
2026-04-21 17:39:52.880Z,3.2001,3.2097,100,100,30.0
2026-04-21 17:39:53.822Z,3.1981,3.2101,100,100,37.5
2026-04-21 17:39:54.099Z,3.1981,3.2093,100,100,35.0
2026-04-21 17:39:55.029Z,3.1954,3.2082,100,100,40.0
2026-04-21 17:39:56.242Z,3.1980,3.2062,100,100,25.6
2026-04-21 17:39:57.051Z,3.1956,3.2070,100,100,35.6
2026-04-21 17:39:58.457Z,3.1932,3.2056,100,100,38.8
2026-04-21 17:39:59.183Z,3.1941,3.2059,100,100,36.9
2026-04-21 17:41:00.002Z,3.2572,3.2664,100,100,28.2
2026-04-21 17:41:01.002Z,3.2573,3.2687,100,100,34.9
2026-04-21 17:41:02.867Z,3.2585,3.2707,100,100,37.4
2026-04-21 17:41:03.694Z,3.2618,3.2746,100,100,39.2
2026-04-21 17:41:04.611Z,3.2668,3.2770,100,100,31.2
2026-04-21 17:41:05.498Z,3.2696,3.2826,100,100,39.7
2026-04-21 17:41:06.663Z,3.2754,3.2882,100,100,39.0
2026-04-21 17:41:07.416Z,3.2813,3.2915,100,100,31.0
2026-04-21 17:41:08.776Z,3.2850,3.2954,100,100,31.6
2026-04-21 17:41:09.460Z,3.2894,3.3008,100,100,34.6
2026-04-21 17:41:10.511Z,3.2918,3.3038,100,100,36.4
2026-04-21 17:41:11.679Z,3.2954,3.3048,100,100,28.5
2026-04-21 17:41:12.390Z,3.2946,3.3052,100,100,32.1
2026-04-21 17:41:13.452Z,3.2930,3.3050,100,100,36.4
2026-04-21 17:41:14.299Z,3.2903,3.3021,100,100,35.8
2026-04-21 17:41:15.086Z,3.2876,3.2996,100,100,36.4
2026-04-21 17:41:16.331Z,3.2835,3.2967,100,100,40.1
2026-04-21 17:41:17.661Z,3.2819,3.2939,100,100,36.5
2026-04-21 17:41:18.084Z,3.2841,3.2937,100,100,29.2
2026-04-21 17:41:19.623Z,3.2804,3.2930,100,100,38.3
2026-04-21 17:41:20.204Z,3.2785,3.2909,100,100,37.8
2026-04-21 17:41:21.633Z,3.2771,3.2875,100,100,31.7
2026-04-21 17:41:22.683Z,3.2715,3.2843,100,100,39.0
2026-04-21 17:41:23.559Z,3.2659,3.2803,100,100,44.0
2026-04-21 17:41:24.826Z,3.2629,3.2741,100,100,34.3
2026-04-21 17:41:25.313Z,3.2553,3.2699,100,100,44.7
2026-04-21 17:41:26.832Z,3.2495,3.2633,100,100,42.4
2026-04-21 17:41:27.459Z,3.2442,3.2566,100,100,38.1
2026-04-21 17:41:28.391Z,3.2393,3.2505,100,100,34.5
2026-04-21 17:41:29.317Z,3.2304,3.2440,100,100,42.0
2026-04-21 17:41:30.846Z,3.2268,3.2376,100,100,33.4
2026-04-21 17:41:31.895Z,3.2191,3.2325,100,100,41.5
2026-04-21 17:41:32.255Z,3.2148,3.2268,100,100,37.3
2026-04-21 17:41:33.814Z,3.2077,3.2203,100,100,39.2
2026-04-21 17:41:34.652Z,3.2037,3.2163,100,100,39.3
2026-04-21 17:41:35.082Z,3.2016,3.2126,100,100,34.3
2026-04-21 17:41:36.064Z,3.1979,3.2097,100,100,36.8
2026-04-21 17:41:37.880Z,3.1947,3.2077,100,100,40.6
2026-04-21 17:41:38.504Z,3.1943,3.2049,100,100,33.1
2026-04-21 17:41:39.499Z,3.1958,3.2052,100,100,29.4
2026-04-21 17:41:40.283Z,3.1970,3.2060,100,100,28.1
2026-04-21 17:41:41.376Z,3.1961,3.2069,100,100,33.7
2026-04-21 17:41:42.420Z,3.1974,3.2108,100,100,41.8
2026-04-21 17:41:43.004Z,3.1989,3.2107,100,100,36.8
2026-04-21 17:41:44.790Z,3.2020,3.2106,100,100,26.8
2026-04-21 17:41:45.059Z,3.2021,3.2137,100,100,36.2
2026-04-21 17:41:46.134Z,3.2036,3.2118,100,100,25.6
2026-04-21 17:41:47.354Z,3.2036,3.2134,100,100,30.5
2026-04-21 17:41:48.819Z,3.2009,3.2129,100,100,37.4
2026-04-21 17:41:49.749Z,3.2028,3.2118,100,100,28.1
2026-04-21 17:41:50.195Z,3.2008,3.2116,100,100,33.7
2026-04-21 17:41:51.468Z,3.2017,3.2107,100,100,28.1
2026-04-21 17:41:52.142Z,3.2002,3.2092,100,100,28.1
2026-04-21 17:41:53.232Z,3.1995,3.2081,100,100,26.8
2026-04-21 17:41:54.288Z,3.1976,3.2090,100,100,35.6
2026-04-21 17:41:55.652Z,3.1952,3.2076,100,100,38.7
2026-04-21 17:41:56.485Z,3.1970,3.2062,100,100,28.7
2026-04-21 17:41:57.140Z,3.1953,3.2065,100,100,35.0
2026-04-21 17:41:58.642Z,3.1958,3.2054,100,100,30.0
2026-04-21 17:41:59.554Z,3.1942,3.2060,100,100,36.9
2026-04-21 17:43:00.472Z,3.2308,3.2428,100,100,37.1
2026-04-21 17:43:01.684Z,3.2306,3.2424,100,100,36.5
2026-04-21 17:43:02.813Z,3.2318,3.2420,100,100,31.5
2026-04-21 17:43:03.268Z,3.2316,3.2430,100,100,35.2
2026-04-21 17:43:04.399Z,3.2332,3.2420,100,100,27.2
2026-04-21 17:43:05.229Z,3.2313,3.2421,100,100,33.4
2026-04-21 17:43:06.085Z,3.2308,3.2414,100,100,32.8
2026-04-21 17:43:07.182Z,3.2313,3.2439,100,100,38.9
2026-04-21 17:43:08.179Z,3.2311,3.2419,100,100,33.4
2026-04-21 17:43:09.329Z,3.2301,3.2421,100,100,37.1
2026-04-21 17:43:10.280Z,3.2326,3.2418,100,100,28.4
2026-04-21 17:43:11.694Z,3.2312,3.2410,100,100,30.3
2026-04-21 17:43:12.717Z,3.2319,3.2427,100,100,33.4
2026-04-21 17:43:13.528Z,3.2312,3.2424,100,100,34.6
2026-04-21 17:43:14.133Z,3.2330,3.2416,100,100,26.6
2026-04-21 17:43:15.462Z,3.2314,3.2430,100,100,35.8
2026-04-21 17:43:16.356Z,3.2325,3.2421,100,100,29.7
2026-04-21 17:43:17.326Z,3.2315,3.2417,100,100,31.5
2026-04-21 17:43:18.578Z,3.2319,3.2429,100,100,34.0
2026-04-21 17:43:19.617Z,3.2331,3.2413,100,100,25.3
2026-04-21 17:43:20.173Z,3.2328,3.2412,100,100,25.9
2026-04-21 17:43:21.579Z,3.2305,3.2419,100,100,35.2
2026-04-21 17:43:22.275Z,3.2324,3.2428,100,100,32.1
2026-04-21 17:43:23.720Z,3.2318,3.2410,100,100,28.4
2026-04-21 17:43:24.595Z,3.2312,3.2422,100,100,34.0
2026-04-21 17:43:25.772Z,3.2313,3.2429,100,100,35.8
2026-04-21 17:43:26.340Z,3.2317,3.2409,100,100,28.4
2026-04-21 17:43:27.577Z,3.2317,3.2433,100,100,35.8
2026-04-21 17:43:28.057Z,3.2322,3.2422,100,100,30.9
2026-04-21 17:43:29.340Z,3.2314,3.2408,100,100,29.0
2026-04-21 17:43:30.094Z,3.2314,3.2426,100,100,34.6
2026-04-21 17:43:31.028Z,3.2321,3.2431,100,100,34.0
2026-04-21 17:43:32.429Z,3.2321,3.2427,100,100,32.7
2026-04-21 17:43:33.809Z,3.2306,3.2428,100,100,37.7
2026-04-21 17:43:34.738Z,3.2316,3.2432,100,100,35.8
2026-04-21 17:43:35.398Z,3.2303,3.2421,100,100,36.5
2026-04-21 17:43:36.616Z,3.2320,3.2410,100,100,27.8
2026-04-21 17:43:37.119Z,3.2318,3.2412,100,100,29.0
2026-04-21 17:43:38.333Z,3.2318,3.2404,100,100,26.6
2026-04-21 17:43:39.427Z,3.2306,3.2430,100,100,38.3
2026-04-21 17:43:40.587Z,3.2316,3.2428,100,100,34.6
2026-04-21 17:43:41.610Z,3.2330,3.2418,100,100,27.2
2026-04-21 17:43:42.813Z,3.2320,3.2422,100,100,31.5
2026-04-21 17:43:43.000Z,3.2325,3.2415,100,100,27.8
2026-04-21 17:43:44.454Z,3.2318,3.2418,100,100,30.9
2026-04-21 17:43:45.350Z,3.2324,3.2412,100,100,27.2
2026-04-21 17:43:46.667Z,3.2322,3.2418,100,100,29.7
2026-04-21 17:43:47.060Z,3.2306,3.2422,100,100,35.8
2026-04-21 17:43:48.131Z,3.2306,3.2428,100,100,37.7
2026-04-21 17:43:49.557Z,3.2324,3.2420,100,100,29.7
2026-04-21 17:43:50.402Z,3.2319,3.2425,100,100,32.7
2026-04-21 17:43:51.000Z,3.2323,3.2413,100,100,27.8
2026-04-21 17:43:52.536Z,3.2315,3.2421,100,100,32.7
2026-04-21 17:43:53.699Z,3.2312,3.2408,100,100,29.7
2026-04-21 17:43:54.081Z,3.2316,3.2426,100,100,34.0
2026-04-21 17:43:55.269Z,3.2315,3.2429,100,100,35.2
2026-04-21 17:43:56.426Z,3.2307,3.2427,100,100,37.1
2026-04-21 17:43:57.883Z,3.2306,3.2422,100,100,35.8
2026-04-21 17:43:58.041Z,3.2319,3.2433,100,100,35.2
2026-04-21 17:43:59.889Z,3.2311,3.2425,100,100,35.2
2026-04-21 17:44:00.120Z,3.0558,3.0640,100,100,26.8
2026-04-21 17:44:01.155Z,3.0554,3.0640,100,100,28.1
2026-04-21 17:44:02.039Z,3.0554,3.0648,100,100,30.7
2026-04-21 17:44:03.125Z,3.0549,3.0637,100,100,28.8
2026-04-21 17:44:04.862Z,3.0545,3.0661,100,100,37.9
2026-04-21 17:44:05.700Z,3.0554,3.0652,100,100,32.0
2026-04-21 17:44:06.128Z,3.0550,3.0650,100,100,32.7
2026-04-21 17:44:07.543Z,3.0555,3.0643,100,100,28.8
2026-04-21 17:44:08.458Z,3.0556,3.0650,100,100,30.7
2026-04-21 17:44:09.380Z,3.0537,3.0653,100,100,37.9
2026-04-21 17:44:10.679Z,3.0558,3.0654,100,100,31.4
2026-04-21 17:44:11.342Z,3.0540,3.0662,100,100,39.9
2026-04-21 17:44:12.038Z,3.0563,3.0647,100,100,27.4
2026-04-21 17:44:13.729Z,3.0542,3.0650,100,100,35.3
2026-04-21 17:44:14.155Z,3.0553,3.0647,100,100,30.7
2026-04-21 17:44:15.074Z,3.0550,3.0638,100,100,28.8
2026-04-21 17:44:16.031Z,3.0542,3.0658,100,100,37.9
2026-04-21 17:44:17.356Z,3.0553,3.0641,100,100,28.8
2026-04-21 17:44:18.575Z,3.0536,3.0648,100,100,36.6
2026-04-21 17:44:19.379Z,3.0550,3.0632,100,100,26.8
2026-04-21 17:44:20.557Z,3.0548,3.0656,100,100,35.3
2026-04-21 17:44:21.129Z,3.0534,3.0654,100,100,39.2
2026-04-21 17:44:22.682Z,3.0551,3.0651,100,100,32.7
2026-04-21 17:44:23.459Z,3.0536,3.0652,100,100,37.9
2026-04-21 17:44:24.892Z,3.0560,3.0646,100,100,28.1
2026-04-21 17:44:25.811Z,3.0532,3.0654,100,100,39.9
2026-04-21 17:44:26.352Z,3.0556,3.0640,100,100,27.5
2026-04-21 17:44:27.758Z,3.0543,3.0657,100,100,37.3
2026-04-21 17:44:28.125Z,3.0553,3.0639,100,100,28.1
2026-04-21 17:44:29.023Z,3.0540,3.0660,100,100,39.2
2026-04-21 17:44:30.761Z,3.0545,3.0653,100,100,35.3
2026-04-21 17:44:31.843Z,3.0552,3.0636,100,100,27.5
2026-04-21 17:44:32.332Z,3.0552,3.0648,100,100,31.4
2026-04-21 17:44:33.297Z,3.0550,3.0634,100,100,27.5
2026-04-21 17:44:34.475Z,3.0538,3.0648,100,100,36.0
2026-04-21 17:44:35.837Z,3.0544,3.0660,100,100,37.9
2026-04-21 17:44:36.422Z,3.0547,3.0655,100,100,35.3
2026-04-21 17:44:37.393Z,3.0544,3.0650,100,100,34.6
2026-04-21 17:44:38.675Z,3.0539,3.0657,100,100,38.6
2026-04-21 17:44:39.834Z,3.0552,3.0638,100,100,28.1
2026-04-21 17:44:40.605Z,3.0559,3.0647,100,100,28.8
2026-04-21 17:44:41.306Z,3.0558,3.0646,100,100,28.8
2026-04-21 17:44:42.134Z,3.0544,3.0654,100,100,35.9
2026-04-21 17:44:43.612Z,3.0544,3.0646,100,100,33.3
2026-04-21 17:44:44.417Z,3.0557,3.0651,100,100,30.7
2026-04-21 17:44:45.436Z,3.0535,3.0655,100,100,39.2
2026-04-21 17:44:46.879Z,3.0554,3.0656,100,100,33.3
2026-04-21 17:44:47.214Z,3.0551,3.0663,100,100,36.6
2026-04-21 17:44:48.585Z,3.0536,3.0652,100,100,37.9
2026-04-21 17:44:49.589Z,3.0537,3.0649,100,100,36.6
2026-04-21 17:44:50.479Z,3.0542,3.0652,100,100,36.0
2026-04-21 17:44:51.321Z,3.0547,3.0649,100,100,33.3
2026-04-21 17:44:52.081Z,3.0547,3.0643,100,100,31.4
2026-04-21 17:44:53.482Z,3.0551,3.0647,100,100,31.4
2026-04-21 17:44:54.566Z,3.0548,3.0648,100,100,32.7
2026-04-21 17:44:55.669Z,3.0541,3.0655,100,100,37.3
2026-04-21 17:44:56.403Z,3.0550,3.0664,100,100,37.2
2026-04-21 17:44:57.192Z,3.0535,3.0653,100,100,38.6
2026-04-21 17:44:58.708Z,3.0542,3.0662,100,100,39.2
2026-04-21 17:44:59.856Z,3.0548,3.0650,100,100,33.3
2026-04-21 17:52:00.681Z,3.0755,3.0845,100,100,29.2
2026-04-21 17:52:01.685Z,3.0736,3.0852,100,100,37.7
2026-04-21 17:52:02.826Z,3.0749,3.0851,100,100,33.1
2026-04-21 17:52:03.467Z,3.0749,3.0851,100,100,33.1
2026-04-21 17:52:04.643Z,3.0755,3.0839,100,100,27.3
2026-04-21 17:52:05.249Z,3.0756,3.0842,100,100,27.9
2026-04-21 17:52:06.093Z,3.0744,3.0864,100,100,39.0
2026-04-21 17:52:07.607Z,3.0752,3.0848,100,100,31.2
2026-04-21 17:52:08.057Z,3.0751,3.0841,100,100,29.2
2026-04-21 17:52:09.737Z,3.0762,3.0846,100,100,27.3
2026-04-21 17:52:10.605Z,3.0748,3.0838,100,100,29.2
2026-04-21 17:52:11.368Z,3.0740,3.0858,100,100,38.3
2026-04-21 17:52:12.370Z,3.0740,3.0860,100,100,39.0
2026-04-21 17:52:13.606Z,3.0741,3.0847,100,100,34.4
2026-04-21 17:52:14.230Z,3.0753,3.0841,100,100,28.6
2026-04-21 17:52:15.292Z,3.0743,3.0849,100,100,34.4
2026-04-21 17:52:16.894Z,3.0744,3.0846,100,100,33.1
2026-04-21 17:52:17.357Z,3.0745,3.0855,100,100,35.7
2026-04-21 17:52:18.870Z,3.0742,3.0852,100,100,35.7
2026-04-21 17:52:19.457Z,3.0746,3.0864,100,100,38.3
2026-04-21 17:52:20.856Z,3.0737,3.0849,100,100,36.4
2026-04-21 17:52:21.556Z,3.0748,3.0858,100,100,35.7
2026-04-21 17:52:22.612Z,3.0754,3.0852,100,100,31.8
2026-04-21 17:52:23.025Z,3.0736,3.0854,100,100,38.3
2026-04-21 17:52:24.643Z,3.0756,3.0836,100,100,26.0
2026-04-21 17:52:25.373Z,3.0735,3.0849,100,100,37.0
2026-04-21 17:52:26.751Z,3.0741,3.0865,100,100,40.3
2026-04-21 17:52:27.511Z,3.0747,3.0845,100,100,31.8
2026-04-21 17:52:28.007Z,3.0746,3.0848,100,100,33.1
2026-04-21 17:52:29.421Z,3.0748,3.0842,100,100,30.5
2026-04-21 17:52:30.782Z,3.0754,3.0834,100,100,26.0
2026-04-21 17:52:31.219Z,3.0751,3.0845,100,100,30.5
2026-04-21 17:52:32.628Z,3.0753,3.0837,100,100,27.3
2026-04-21 17:52:33.101Z,3.0742,3.0862,100,100,39.0
2026-04-21 17:52:34.006Z,3.0750,3.0842,100,100,29.9
2026-04-21 17:52:35.464Z,3.0737,3.0849,100,100,36.4
2026-04-21 17:52:36.395Z,3.0743,3.0869,100,100,40.9
2026-04-21 17:52:37.855Z,3.0757,3.0849,100,100,29.9
2026-04-21 17:52:38.204Z,3.0748,3.0846,100,100,31.8
2026-04-21 17:52:39.893Z,3.0745,3.0859,100,100,37.0
2026-04-21 17:52:40.291Z,3.0741,3.0855,100,100,37.0
2026-04-21 17:52:41.755Z,3.0759,3.0843,100,100,27.3
2026-04-21 17:52:42.050Z,3.0741,3.0845,100,100,33.8
2026-04-21 17:52:43.155Z,3.0739,3.0863,100,100,40.3
2026-04-21 17:52:44.341Z,3.0743,3.0845,100,100,33.1
2026-04-21 17:52:45.214Z,3.0741,3.0859,100,100,38.3
2026-04-21 17:52:46.110Z,3.0751,3.0851,100,100,32.5
2026-04-21 17:52:47.547Z,3.0738,3.0858,100,100,39.0
2026-04-21 17:52:48.567Z,3.0747,3.0863,100,100,37.7
2026-04-21 17:52:49.484Z,3.0762,3.0852,100,100,29.2
2026-04-21 17:52:50.434Z,3.0729,3.0857,100,100,41.6
2026-04-21 17:52:51.677Z,3.0762,3.0854,100,100,29.9
2026-04-21 17:52:52.568Z,3.0764,3.0850,100,100,27.9
2026-04-21 17:52:53.257Z,3.0740,3.0854,100,100,37.0
2026-04-21 17:52:54.017Z,3.0750,3.0842,100,100,29.9
2026-04-21 17:52:55.725Z,3.0740,3.0850,100,100,35.7
2026-04-21 17:52:56.647Z,3.0762,3.0850,100,100,28.6
2026-04-21 17:52:57.379Z,3.0755,3.0843,100,100,28.6
2026-04-21 17:52:58.128Z,3.0736,3.0850,100,100,37.0
2026-04-21 17:52:59.391Z,3.0758,3.0842,100,100,27.3
2026-04-21 18:02:00.856Z,2.9999,3.0101,100,100,33.9
2026-04-21 18:02:01.384Z,3.0004,3.0100,100,100,31.9
2026-04-21 18:02:02.244Z,2.9989,3.0107,100,100,39.3
2026-04-21 18:02:03.356Z,3.0007,3.0093,100,100,28.6
2026-04-21 18:02:04.135Z,3.0001,3.0103,100,100,33.9
2026-04-21 18:02:05.114Z,2.9984,3.0104,100,100,39.9
2026-04-21 18:02:06.060Z,2.9999,3.0105,100,100,35.3
2026-04-21 18:02:07.667Z,3.0006,3.0100,100,100,31.3
2026-04-21 18:02:08.273Z,3.0003,3.0107,100,100,34.6
2026-04-21 18:02:09.471Z,2.9999,3.0109,100,100,36.6
2026-04-21 18:02:10.011Z,3.0007,3.0093,100,100,28.6
2026-04-21 18:02:11.331Z,2.9997,3.0099,100,100,33.9
2026-04-21 18:02:12.450Z,3.0008,3.0102,100,100,31.3
2026-04-21 18:02:13.646Z,3.0001,3.0107,100,100,35.3
2026-04-21 18:02:14.185Z,2.9990,3.0106,100,100,38.6
2026-04-21 18:02:15.370Z,3.0006,3.0106,100,100,33.3
2026-04-21 18:02:16.395Z,3.0010,3.0094,100,100,28.0
2026-04-21 18:02:17.614Z,2.9995,3.0109,100,100,37.9
2026-04-21 18:02:18.683Z,3.0003,3.0087,100,100,28.0
2026-04-21 18:02:19.301Z,2.9994,3.0092,100,100,32.6
2026-04-21 18:02:20.101Z,3.0000,3.0104,100,100,34.6
2026-04-21 18:02:21.267Z,3.0008,3.0096,100,100,29.3
2026-04-21 18:02:22.762Z,3.0002,3.0110,100,100,35.9
2026-04-21 18:02:23.532Z,3.0006,3.0092,100,100,28.6
2026-04-21 18:02:24.770Z,3.0000,3.0094,100,100,31.3
2026-04-21 18:02:25.347Z,2.9989,3.0105,100,100,38.6
2026-04-21 18:02:26.409Z,2.9983,3.0103,100,100,39.9
2026-04-21 18:02:27.369Z,2.9989,3.0115,100,100,41.9
2026-04-21 18:02:28.408Z,2.9997,3.0093,100,100,32.0
2026-04-21 18:02:29.680Z,3.0007,3.0099,100,100,30.6
2026-04-21 18:02:30.740Z,2.9996,3.0108,100,100,37.3
2026-04-21 18:02:31.314Z,2.9992,3.0102,100,100,36.6
2026-04-21 18:02:32.580Z,2.9992,3.0102,100,100,36.6
2026-04-21 18:02:33.823Z,2.9999,3.0089,100,100,30.0
2026-04-21 18:02:34.799Z,2.9995,3.0097,100,100,33.9
2026-04-21 18:02:35.679Z,3.0001,3.0093,100,100,30.6
2026-04-21 18:02:36.372Z,2.9986,3.0102,100,100,38.6
2026-04-21 18:02:37.498Z,2.9986,3.0104,100,100,39.3
2026-04-21 18:02:38.060Z,3.0001,3.0093,100,100,30.6
2026-04-21 18:02:39.728Z,2.9996,3.0106,100,100,36.6
2026-04-21 18:02:40.271Z,3.0007,3.0097,100,100,29.9
2026-04-21 18:02:41.046Z,3.0004,3.0094,100,100,30.0
2026-04-21 18:02:42.858Z,2.9999,3.0109,100,100,36.6
2026-04-21 18:02:43.283Z,3.0009,3.0099,100,100,29.9
2026-04-21 18:02:44.189Z,2.9993,3.0113,100,100,39.9
2026-04-21 18:02:45.320Z,2.9994,3.0094,100,100,33.3
2026-04-21 18:02:46.780Z,2.9995,3.0099,100,100,34.6
2026-04-21 18:02:47.845Z,3.0005,3.0089,100,100,28.0
2026-04-21 18:02:48.384Z,2.9993,3.0103,100,100,36.6
2026-04-21 18:02:49.641Z,3.0002,3.0112,100,100,36.6
2026-04-21 18:02:50.767Z,2.9993,3.0099,100,100,35.3
2026-04-21 18:02:51.292Z,2.9996,3.0116,100,100,39.9
2026-04-21 18:02:52.784Z,3.0014,3.0096,100,100,27.3
2026-04-21 18:02:53.508Z,2.9995,3.0095,100,100,33.3
2026-04-21 18:02:54.387Z,3.0003,3.0109,100,100,35.3
2026-04-21 18:02:55.023Z,2.9990,3.0102,100,100,37.3
2026-04-21 18:02:56.346Z,3.0001,3.0095,100,100,31.3
2026-04-21 18:02:57.377Z,3.0008,3.0094,100,100,28.6
2026-04-21 18:02:58.116Z,2.9999,3.0093,100,100,31.3
2026-04-21 18:02:59.519Z,2.9995,3.0105,100,100,36.6
2026-04-21 18:08:00.505Z,3.0601,3.0699,100,100,32.0
2026-04-21 18:08:01.783Z,3.0591,3.0699,100,100,35.2
2026-04-21 18:08:02.010Z,3.0606,3.0692,100,100,28.1
2026-04-21 18:08:03.644Z,3.0586,3.0702,100,100,37.9
2026-04-21 18:08:04.255Z,3.0601,3.0693,100,100,30.0
2026-04-21 18:08:05.012Z,3.0602,3.0704,100,100,33.3
2026-04-21 18:08:06.250Z,3.0595,3.0715,100,100,39.1
2026-04-21 18:08:07.760Z,3.0595,3.0693,100,100,32.0
2026-04-21 18:08:08.355Z,3.0599,3.0693,100,100,30.7
2026-04-21 18:08:09.514Z,3.0593,3.0703,100,100,35.9
2026-04-21 18:08:10.526Z,3.0593,3.0693,100,100,32.6
2026-04-21 18:08:11.395Z,3.0594,3.0718,100,100,40.4
2026-04-21 18:08:12.068Z,3.0587,3.0707,100,100,39.2
2026-04-21 18:08:13.738Z,3.0601,3.0707,100,100,34.6
2026-04-21 18:08:14.325Z,3.0612,3.0694,100,100,26.8
2026-04-21 18:08:15.095Z,3.0590,3.0708,100,100,38.5
2026-04-21 18:08:16.561Z,3.0601,3.0687,100,100,28.1
2026-04-21 18:08:17.333Z,3.0611,3.0701,100,100,29.4
2026-04-21 18:08:18.836Z,3.0600,3.0710,100,100,35.9
2026-04-21 18:08:19.037Z,3.0605,3.0693,100,100,28.7
2026-04-21 18:08:20.458Z,3.0594,3.0694,100,100,32.6
2026-04-21 18:08:21.226Z,3.0597,3.0717,100,100,39.1
2026-04-21 18:08:22.599Z,3.0600,3.0698,100,100,32.0
2026-04-21 18:08:23.020Z,3.0588,3.0702,100,100,37.2
2026-04-21 18:08:24.063Z,3.0598,3.0708,100,100,35.9
2026-04-21 18:08:25.568Z,3.0604,3.0704,100,100,32.6
2026-04-21 18:08:26.238Z,3.0599,3.0697,100,100,32.0
2026-04-21 18:08:27.847Z,3.0593,3.0701,100,100,35.2
2026-04-21 18:08:28.073Z,3.0594,3.0718,100,100,40.4
2026-04-21 18:08:29.848Z,3.0590,3.0700,100,100,35.9
2026-04-21 18:08:30.863Z,3.0598,3.0690,100,100,30.0
2026-04-21 18:08:31.348Z,3.0609,3.0699,100,100,29.4
2026-04-21 18:08:32.526Z,3.0594,3.0708,100,100,37.2
2026-04-21 18:08:33.859Z,3.0586,3.0704,100,100,38.5
2026-04-21 18:08:34.185Z,3.0605,3.0689,100,100,27.4
2026-04-21 18:08:35.349Z,3.0592,3.0694,100,100,33.3
2026-04-21 18:08:36.218Z,3.0590,3.0708,100,100,38.5
2026-04-21 18:08:37.540Z,3.0604,3.0710,100,100,34.6
2026-04-21 18:08:38.110Z,3.0605,3.0695,100,100,29.4
2026-04-21 18:08:39.614Z,3.0589,3.0709,100,100,39.2
2026-04-21 18:08:40.563Z,3.0599,3.0701,100,100,33.3
2026-04-21 18:08:41.281Z,3.0598,3.0688,100,100,29.4
2026-04-21 18:08:42.444Z,3.0595,3.0713,100,100,38.5
2026-04-21 18:08:43.121Z,3.0603,3.0691,100,100,28.7
2026-04-21 18:08:44.381Z,3.0597,3.0711,100,100,37.2
2026-04-21 18:08:45.865Z,3.0605,3.0693,100,100,28.7
2026-04-21 18:08:46.694Z,3.0589,3.0709,100,100,39.2
2026-04-21 18:08:47.771Z,3.0611,3.0695,100,100,27.4
2026-04-21 18:08:48.668Z,3.0608,3.0696,100,100,28.7
2026-04-21 18:08:49.712Z,3.0608,3.0700,100,100,30.0
2026-04-21 18:08:50.618Z,3.0605,3.0711,100,100,34.6
2026-04-21 18:08:51.574Z,3.0593,3.0715,100,100,39.8
2026-04-21 18:08:52.224Z,3.0597,3.0695,100,100,32.0
2026-04-21 18:08:53.231Z,3.0599,3.0689,100,100,29.4
2026-04-21 18:08:54.708Z,3.0596,3.0718,100,100,39.8
2026-04-21 18:08:55.613Z,3.0588,3.0700,100,100,36.5
2026-04-21 18:08:56.235Z,3.0592,3.0714,100,100,39.8
2026-04-21 18:08:57.707Z,3.0597,3.0695,100,100,32.0
2026-04-21 18:08:58.686Z,3.0585,3.0703,100,100,38.5
2026-04-21 18:08:59.105Z,3.0603,3.0697,100,100,30.7
2026-04-21 18:10:00.347Z,2.9950,3.0050,100,100,33.3
2026-04-21 18:10:01.518Z,2.9960,3.0042,100,100,27.3
2026-04-21 18:10:02.366Z,2.9946,3.0062,100,100,38.7
2026-04-21 18:10:03.088Z,2.9944,3.0054,100,100,36.7
2026-04-21 18:10:04.518Z,2.9958,3.0058,100,100,33.3
2026-04-21 18:10:05.721Z,2.9962,3.0046,100,100,28.0
2026-04-21 18:10:06.697Z,2.9946,3.0054,100,100,36.0
2026-04-21 18:10:07.591Z,2.9940,3.0054,100,100,38.0
2026-04-21 18:10:08.592Z,2.9945,3.0051,100,100,35.3
2026-04-21 18:10:09.193Z,2.9949,3.0055,100,100,35.3
2026-04-21 18:10:10.860Z,2.9934,3.0052,100,100,39.3
2026-04-21 18:10:11.822Z,2.9937,3.0059,100,100,40.7
2026-04-21 18:10:12.652Z,2.9942,3.0048,100,140,35.3
2026-04-21 18:10:13.583Z,2.9948,3.0052,156,100,34.7
2026-04-21 18:10:14.242Z,2.9940,3.0046,100,100,35.3
2026-04-21 18:10:15.658Z,2.9952,3.0038,100,100,28.7
2026-04-21 18:10:16.815Z,2.9943,3.0051,100,100,36.0
2026-04-21 18:10:17.343Z,2.9941,3.0061,100,100,40.0
2026-04-21 18:10:18.541Z,2.9943,3.0041,100,100,32.7
2026-04-21 18:10:19.436Z,2.9944,3.0028,100,100,28.0
2026-04-21 18:10:20.628Z,2.9886,2.9988,100,100,34.1
2026-04-21 18:10:21.654Z,2.9802,2.9944,100,100,47.5
2026-04-21 18:10:22.158Z,2.9745,2.9863,100,100,39.6
2026-04-21 18:10:23.057Z,2.9629,2.9773,100,100,48.5
2026-04-21 18:10:24.363Z,2.9535,2.9663,100,100,43.2
2026-04-21 18:10:25.118Z,2.9399,2.9561,100,100,55.0
2026-04-21 18:10:26.002Z,2.9280,2.9434,100,100,52.5
2026-04-21 18:10:27.570Z,2.9154,2.9322,100,100,57.5
2026-04-21 18:10:28.035Z,2.9035,2.9175,100,100,48.1
2026-04-21 18:10:29.340Z,2.8900,2.9044,100,100,49.7
2026-04-21 18:10:30.588Z,2.8770,2.8922,100,100,52.7
2026-04-21 18:10:31.517Z,2.8637,2.8805,100,100,58.5
2026-04-21 18:10:32.307Z,2.8522,2.8704,100,100,63.6
2026-04-21 18:10:33.780Z,2.8438,2.8568,100,100,45.6
2026-04-21 18:10:34.059Z,2.8342,2.8468,100,100,44.4
2026-04-21 18:10:35.537Z,2.8271,2.8385,100,100,40.2
2026-04-21 18:10:36.067Z,2.8182,2.8340,100,100,55.9
2026-04-21 18:10:37.789Z,2.8170,2.8288,100,100,41.8
2026-04-21 18:10:38.630Z,2.8129,2.8263,100,100,47.5
2026-04-21 18:10:39.555Z,2.8158,2.8258,100,100,35.5
2026-04-21 18:10:40.524Z,2.8180,2.8282,100,100,36.1
2026-04-21 18:10:41.816Z,2.8217,2.8311,100,100,33.3
2026-04-21 18:10:42.018Z,2.8256,2.8364,100,100,38.1
2026-04-21 18:10:43.129Z,2.8294,2.8410,100,100,40.9
2026-04-21 18:10:44.459Z,2.8327,2.8469,100,100,50.0
2026-04-21 18:10:45.793Z,2.8375,2.8483,100,100,38.0
2026-04-21 18:10:46.101Z,2.8387,2.8487,100,100,35.2
2026-04-21 18:10:47.669Z,2.8381,2.8471,100,100,31.7
2026-04-21 18:10:48.264Z,2.8360,2.8480,100,100,42.2
2026-04-21 18:10:49.473Z,2.8351,2.8441,100,100,31.7
2026-04-21 18:10:50.210Z,2.8330,2.8428,100,100,34.5
2026-04-21 18:10:51.130Z,2.8309,2.8413,100,100,36.7
2026-04-21 18:10:52.499Z,2.8287,2.8389,100,100,36.0
2026-04-21 18:10:53.198Z,2.8242,2.8364,100,100,43.1
2026-04-21 18:10:54.528Z,2.8221,2.8347,100,100,44.5
2026-04-21 18:10:55.606Z,2.8193,2.8309,100,100,41.1
2026-04-21 18:10:56.388Z,2.8174,2.8298,100,100,43.9
2026-04-21 18:10:57.195Z,2.8164,2.8260,100,100,34.0
2026-04-21 18:10:58.464Z,2.8150,2.8250,100,100,35.5
2026-04-21 18:10:59.394Z,2.8158,2.8242,100,100,29.8
2026-04-21 18:12:00.647Z,2.7541,2.7661,100,100,43.5
2026-04-21 18:12:01.246Z,2.7555,2.7659,100,100,37.7
2026-04-21 18:12:02.865Z,2.7547,2.7647,100,100,36.2
2026-04-21 18:12:03.895Z,2.7542,2.7664,100,100,44.2
2026-04-21 18:12:04.777Z,2.7563,2.7649,100,100,31.2
2026-04-21 18:12:05.336Z,2.7555,2.7659,100,100,37.7
2026-04-21 18:12:06.157Z,2.7537,2.7659,100,100,44.2
2026-04-21 18:12:07.154Z,2.7540,2.7654,100,100,41.3
2026-04-21 18:12:08.794Z,2.7561,2.7647,100,100,31.2
2026-04-21 18:12:09.318Z,2.7566,2.7648,100,100,29.7
2026-04-21 18:12:10.278Z,2.7558,2.7648,100,100,32.6
2026-04-21 18:12:11.189Z,2.7547,2.7663,100,100,42.0
2026-04-21 18:12:12.244Z,2.7534,2.7658,100,100,44.9
2026-04-21 18:12:13.450Z,2.7547,2.7651,100,100,37.7
2026-04-21 18:12:14.701Z,2.7548,2.7650,100,100,37.0
2026-04-21 18:12:15.787Z,2.7547,2.7663,100,100,42.0
2026-04-21 18:12:16.267Z,2.7543,2.7655,100,100,40.6
2026-04-21 18:12:17.826Z,2.7537,2.7653,100,100,42.0
2026-04-21 18:12:18.634Z,2.7561,2.7645,100,100,30.4
2026-04-21 18:12:19.065Z,2.7564,2.7650,100,100,31.2
2026-04-21 18:12:20.183Z,2.7560,2.7646,100,100,31.2
2026-04-21 18:12:21.110Z,2.7559,2.7651,100,100,33.3
2026-04-21 18:12:22.443Z,2.7547,2.7667,100,100,43.5
2026-04-21 18:12:23.216Z,2.7536,2.7654,100,100,42.8
2026-04-21 18:12:24.418Z,2.7545,2.7647,100,100,37.0
2026-04-21 18:12:25.481Z,2.7563,2.7653,100,100,32.6
2026-04-21 18:12:26.217Z,2.7541,2.7651,100,100,39.9
2026-04-21 18:12:27.506Z,2.7549,2.7649,100,100,36.2
2026-04-21 18:12:28.768Z,2.7560,2.7648,100,100,31.9
2026-04-21 18:12:29.623Z,2.7545,2.7653,100,100,39.1
2026-04-21 18:12:30.364Z,2.7555,2.7647,100,100,33.3
2026-04-21 18:12:31.315Z,2.7546,2.7648,100,100,37.0
2026-04-21 18:12:32.489Z,2.7563,2.7647,100,100,30.4
2026-04-21 18:12:33.485Z,2.7534,2.7656,100,100,44.2
2026-04-21 18:12:34.285Z,2.7563,2.7649,100,100,31.2
2026-04-21 18:12:35.092Z,2.7548,2.7656,100,100,39.1
2026-04-21 18:12:36.564Z,2.7556,2.7646,100,100,32.6
2026-04-21 18:12:37.815Z,2.7564,2.7648,100,100,30.4
2026-04-21 18:12:38.154Z,2.7542,2.7658,100,100,42.0
2026-04-21 18:12:39.151Z,2.7546,2.7650,100,100,37.7
2026-04-21 18:12:40.211Z,2.7539,2.7657,100,100,42.8
2026-04-21 18:12:41.743Z,2.7541,2.7649,100,100,39.1
2026-04-21 18:12:42.379Z,2.7552,2.7646,100,100,34.1
2026-04-21 18:12:43.409Z,2.7542,2.7662,100,100,43.5
2026-04-21 18:12:44.066Z,2.7559,2.7645,100,100,31.2
2026-04-21 18:12:45.119Z,2.7549,2.7657,100,100,39.1
2026-04-21 18:12:46.556Z,2.7552,2.7640,100,100,31.9
2026-04-21 18:12:47.100Z,2.7541,2.7647,100,100,38.4
2026-04-21 18:12:48.815Z,2.7545,2.7669,100,100,44.9
2026-04-21 18:12:49.340Z,2.7554,2.7640,100,100,31.2
2026-04-21 18:12:50.484Z,2.7552,2.7646,100,100,34.1
2026-04-21 18:12:51.668Z,2.7558,2.7646,100,100,31.9
2026-04-21 18:12:52.269Z,2.7561,2.7653,100,100,33.3
2026-04-21 18:12:53.882Z,2.7547,2.7657,100,100,39.9
2026-04-21 18:12:54.115Z,2.7541,2.7653,100,100,40.6
2026-04-21 18:12:55.801Z,2.7558,2.7642,100,100,30.4
2026-04-21 18:12:56.631Z,2.7541,2.7659,100,100,42.8
2026-04-21 18:12:57.325Z,2.7560,2.7642,100,100,29.7
2026-04-21 18:12:58.884Z,2.7549,2.7643,100,100,34.1
2026-04-21 18:12:59.630Z,2.7550,2.7652,100,100,37.0
2026-04-21 18:16:00.288Z,2.8743,2.8857,100,100,39.6
2026-04-21 18:16:01.717Z,2.8738,2.8848,100,100,38.2
2026-04-21 18:16:02.296Z,2.8744,2.8860,100,100,40.3
2026-04-21 18:16:03.414Z,2.8744,2.8858,100,100,39.6
2026-04-21 18:16:04.612Z,2.8741,2.8855,100,100,39.6
2026-04-21 18:16:05.863Z,2.8740,2.8850,100,100,38.2
2026-04-21 18:16:06.239Z,2.8740,2.8860,100,100,41.7
2026-04-21 18:16:07.835Z,2.8761,2.8851,100,100,31.2
2026-04-21 18:16:08.418Z,2.8744,2.8850,100,100,36.8
2026-04-21 18:16:09.003Z,2.8744,2.8846,100,100,35.4
2026-04-21 18:16:10.081Z,2.8750,2.8852,100,100,35.4
2026-04-21 18:16:11.766Z,2.8756,2.8854,100,100,34.0
2026-04-21 18:16:12.846Z,2.8738,2.8854,100,100,40.3
2026-04-21 18:16:13.201Z,2.8747,2.8853,100,100,36.8
2026-04-21 18:16:14.890Z,2.8755,2.8847,100,100,31.9
2026-04-21 18:16:15.033Z,2.8747,2.8841,100,100,32.6
2026-04-21 18:16:16.429Z,2.8741,2.8853,100,100,38.9
2026-04-21 18:16:17.803Z,2.8751,2.8849,100,100,34.0
2026-04-21 18:16:18.728Z,2.8741,2.8849,100,100,37.5
2026-04-21 18:16:19.699Z,2.8745,2.8847,100,100,35.4
2026-04-21 18:16:20.503Z,2.8746,2.8852,100,100,36.8
2026-04-21 18:16:21.158Z,2.8742,2.8858,100,100,40.3
2026-04-21 18:16:22.841Z,2.8759,2.8853,100,100,32.6
2026-04-21 18:16:23.148Z,2.8759,2.8847,100,100,30.6
2026-04-21 18:16:24.532Z,2.8754,2.8850,100,100,33.3
2026-04-21 18:16:25.033Z,2.8755,2.8859,100,100,36.1
2026-04-21 18:16:26.101Z,2.8751,2.8837,100,100,29.9
2026-04-21 18:16:27.239Z,2.8761,2.8849,100,100,30.6
2026-04-21 18:16:28.199Z,2.8761,2.8853,100,100,31.9
2026-04-21 18:16:29.328Z,2.8748,2.8864,100,100,40.3
2026-04-21 18:16:30.160Z,2.8743,2.8843,100,100,34.7
2026-04-21 18:16:31.717Z,2.8742,2.8858,100,100,40.3
2026-04-21 18:16:32.782Z,2.8749,2.8839,100,100,31.3
2026-04-21 18:16:33.813Z,2.8758,2.8856,100,100,34.0
2026-04-21 18:16:34.228Z,2.8750,2.8854,100,100,36.1
2026-04-21 18:16:35.184Z,2.8744,2.8862,100,100,41.0
2026-04-21 18:16:36.683Z,2.8753,2.8861,100,100,37.5
2026-04-21 18:16:37.539Z,2.8759,2.8849,100,100,31.2
2026-04-21 18:16:38.113Z,2.8749,2.8853,100,100,36.1
2026-04-21 18:16:39.441Z,2.8758,2.8844,100,100,29.9
2026-04-21 18:16:40.885Z,2.8734,2.8856,100,100,42.4
2026-04-21 18:16:41.557Z,2.8746,2.8844,100,100,34.0
2026-04-21 18:16:42.084Z,2.8759,2.8847,100,100,30.6
2026-04-21 18:16:43.844Z,2.8750,2.8840,100,100,31.3
2026-04-21 18:16:44.540Z,2.8752,2.8860,100,100,37.5
2026-04-21 18:16:45.890Z,2.8743,2.8857,100,100,39.6
2026-04-21 18:16:46.613Z,2.8762,2.8850,100,100,30.5
2026-04-21 18:16:47.790Z,2.8757,2.8855,100,100,34.0
2026-04-21 18:16:48.163Z,2.8754,2.8838,100,100,29.2
2026-04-21 18:16:49.335Z,2.8759,2.8849,100,100,31.2
2026-04-21 18:16:50.287Z,2.8749,2.8863,100,100,39.6
2026-04-21 18:16:51.309Z,2.8758,2.8848,100,100,31.2
2026-04-21 18:16:52.065Z,2.8741,2.8859,100,100,41.0
2026-04-21 18:16:53.861Z,2.8741,2.8847,100,100,36.8
2026-04-21 18:16:54.766Z,2.8753,2.8851,100,100,34.0
2026-04-21 18:16:55.789Z,2.8744,2.8842,100,100,34.0
2026-04-21 18:16:56.798Z,2.8747,2.8855,100,100,37.5
2026-04-21 18:16:57.563Z,2.8749,2.8859,100,100,38.2
2026-04-21 18:16:58.083Z,2.8748,2.8848,100,100,34.7
2026-04-21 18:16:59.853Z,2.8754,2.8846,100,100,31.9
2026-04-21 18:22:00.322Z,2.7549,2.7651,100,100,37.0
2026-04-21 18:22:01.086Z,2.7550,2.7648,100,100,35.5
2026-04-21 18:22:02.652Z,2.7536,2.7656,100,100,43.5
2026-04-21 18:22:03.106Z,2.7550,2.7646,100,100,34.8
2026-04-21 18:22:04.012Z,2.7541,2.7661,100,100,43.5
2026-04-21 18:22:05.577Z,2.7532,2.7654,100,100,44.2
2026-04-21 18:22:06.565Z,2.7554,2.7644,100,100,32.6
2026-04-21 18:22:07.356Z,2.7561,2.7645,100,100,30.4
2026-04-21 18:22:08.713Z,2.7548,2.7648,100,100,36.2
2026-04-21 18:22:09.447Z,2.7541,2.7653,100,100,40.6
2026-04-21 18:22:10.465Z,2.7538,2.7652,100,100,41.3
2026-04-21 18:22:11.233Z,2.7548,2.7660,109,100,40.6
2026-04-21 18:22:12.570Z,2.7559,2.7647,100,100,31.9
2026-04-21 18:22:13.829Z,2.7535,2.7651,100,110,42.0
2026-04-21 18:22:14.388Z,2.7535,2.7653,100,100,42.8
2026-04-21 18:22:15.449Z,2.7547,2.7655,100,100,39.1
2026-04-21 18:22:16.271Z,2.7545,2.7651,100,101,38.4
2026-04-21 18:22:17.291Z,2.7562,2.7650,100,100,31.9
2026-04-21 18:22:18.099Z,2.7549,2.7651,100,104,37.0
2026-04-21 18:22:19.380Z,2.7543,2.7645,100,100,37.0
2026-04-21 18:22:20.118Z,2.7549,2.7639,100,100,32.6
2026-04-21 18:22:21.785Z,2.7544,2.7646,100,100,37.0
2026-04-21 18:22:22.450Z,2.7535,2.7655,100,100,43.5
2026-04-21 18:22:23.899Z,2.7548,2.7664,100,100,42.0
2026-04-21 18:22:24.486Z,2.7547,2.7655,100,100,39.1
2026-04-21 18:22:25.160Z,2.7548,2.7656,100,100,39.1
2026-04-21 18:22:26.084Z,2.7551,2.7659,100,100,39.1
2026-04-21 18:22:27.663Z,2.7549,2.7649,100,100,36.2
2026-04-21 18:22:28.811Z,2.7548,2.7646,100,100,35.5
2026-04-21 18:22:29.350Z,2.7557,2.7647,100,100,32.6
2026-04-21 18:22:30.112Z,2.7549,2.7649,100,100,36.2
2026-04-21 18:22:31.291Z,2.7543,2.7665,100,100,44.2
2026-04-21 18:22:32.715Z,2.7552,2.7640,100,100,31.9
2026-04-21 18:22:33.347Z,2.7545,2.7645,100,100,36.2
2026-04-21 18:22:34.139Z,2.7560,2.7644,100,100,30.4
2026-04-21 18:22:35.012Z,2.7554,2.7638,100,100,30.4
2026-04-21 18:22:36.761Z,2.7557,2.7651,100,100,34.1
2026-04-21 18:22:37.270Z,2.7550,2.7640,100,148,32.6
2026-04-21 18:22:38.078Z,2.7543,2.7651,161,100,39.1
2026-04-21 18:22:39.520Z,2.7561,2.7647,103,100,31.2
2026-04-21 18:22:40.391Z,2.7560,2.7648,120,100,31.9
2026-04-21 18:22:41.120Z,2.7538,2.7656,100,100,42.8
2026-04-21 18:22:42.195Z,2.7546,2.7650,100,100,37.7
2026-04-21 18:22:43.433Z,2.7544,2.7662,100,100,42.7
2026-04-21 18:22:44.897Z,2.7564,2.7646,100,100,29.7
2026-04-21 18:22:45.176Z,2.7555,2.7647,100,100,33.3
2026-04-21 18:22:46.448Z,2.7557,2.7655,100,100,35.5
2026-04-21 18:22:47.646Z,2.7554,2.7652,100,112,35.5
2026-04-21 18:22:48.106Z,2.7548,2.7662,100,100,41.3
2026-04-21 18:22:49.424Z,2.7557,2.7651,100,100,34.1
2026-04-21 18:22:50.526Z,2.7542,2.7654,100,100,40.6
2026-04-21 18:22:51.030Z,2.7557,2.7649,100,100,33.3
2026-04-21 18:22:52.661Z,2.7542,2.7660,100,100,42.8
2026-04-21 18:22:53.322Z,2.7555,2.7655,100,100,36.2
2026-04-21 18:22:54.231Z,2.7564,2.7648,100,100,30.4
2026-04-21 18:22:55.707Z,2.7551,2.7653,100,100,37.0
2026-04-21 18:22:56.846Z,2.7550,2.7658,100,100,39.1
2026-04-21 18:22:57.831Z,2.7545,2.7663,100,100,42.7
2026-04-21 18:22:58.078Z,2.7546,2.7642,100,100,34.8
2026-04-21 18:22:59.296Z,2.7557,2.7643,103,100,31.2
2026-04-21 19:22:00.275Z,2.8904,2.8996,100,100,31.8
2026-04-21 19:22:01.236Z,2.8906,2.9008,100,100,35.2
2026-04-21 19:22:02.853Z,2.8890,2.9010,100,100,41.5
2026-04-21 19:22:03.594Z,2.8896,2.9014,100,100,40.8
2026-04-21 19:22:04.187Z,2.8889,2.9009,100,100,41.5
2026-04-21 19:22:05.303Z,2.8897,2.8995,100,100,33.9
2026-04-21 19:22:06.115Z,2.8889,2.9005,100,100,40.1
2026-04-21 19:22:07.683Z,2.8883,2.9005,100,100,42.2
2026-04-21 19:22:08.380Z,2.8890,2.9002,100,100,38.7
2026-04-21 19:22:09.666Z,2.8909,2.9003,100,100,32.5
2026-04-21 19:22:10.095Z,2.8900,2.8998,100,100,33.9
2026-04-21 19:22:11.133Z,2.8886,2.9002,100,100,40.1
2026-04-21 19:22:12.703Z,2.8886,2.9006,100,100,41.5
2026-04-21 19:22:13.736Z,2.8885,2.9001,100,100,40.1
2026-04-21 19:22:14.753Z,2.8909,2.8997,100,100,30.4
2026-04-21 19:22:15.724Z,2.8910,2.8992,100,100,28.3
2026-04-21 19:22:16.091Z,2.8890,2.8998,100,100,37.3
2026-04-21 19:22:17.500Z,2.8886,2.9000,100,100,39.4
2026-04-21 19:22:18.002Z,2.8903,2.8991,100,100,30.4
2026-04-21 19:22:19.467Z,2.8904,2.8992,100,100,30.4
2026-04-21 19:22:20.740Z,2.8907,2.8991,100,100,29.0
2026-04-21 19:22:21.831Z,2.8908,2.8992,100,100,29.0
2026-04-21 19:22:22.735Z,2.8898,2.9008,100,100,38.0
2026-04-21 19:22:23.330Z,2.8913,2.8997,100,100,29.0
2026-04-21 19:22:24.773Z,2.8892,2.9006,100,100,39.4
2026-04-21 19:22:25.056Z,2.8905,2.9005,100,100,34.5
2026-04-21 19:22:26.612Z,2.8898,2.9008,100,100,38.0
2026-04-21 19:22:27.396Z,2.8907,2.8995,100,100,30.4
2026-04-21 19:22:28.376Z,2.8894,2.9004,100,100,38.0
2026-04-21 19:22:29.071Z,2.8906,2.8988,100,100,28.3
2026-04-21 19:22:30.891Z,2.8889,2.9009,100,100,41.5
2026-04-21 19:22:31.519Z,2.8905,2.8995,100,100,31.1
2026-04-21 19:22:32.568Z,2.8908,2.9000,100,100,31.8
2026-04-21 19:22:33.139Z,2.8902,2.9000,100,100,33.9
2026-04-21 19:22:34.785Z,2.8912,2.8992,100,100,27.6
2026-04-21 19:22:35.477Z,2.8902,2.8998,100,100,33.2
2026-04-21 19:22:36.139Z,2.8892,2.9008,100,100,40.1
2026-04-21 19:22:37.525Z,2.8903,2.8985,100,100,28.3
2026-04-21 19:22:38.093Z,2.8897,2.9007,100,100,38.0
2026-04-21 19:22:39.263Z,2.8888,2.9002,100,100,39.4
2026-04-21 19:22:40.739Z,2.8902,2.8986,100,100,29.0
2026-04-21 19:22:41.758Z,2.8904,2.8990,100,100,29.7
2026-04-21 19:22:42.032Z,2.8908,2.9002,100,100,32.5
2026-04-21 19:22:43.403Z,2.8911,2.8993,100,100,28.3
2026-04-21 19:22:44.461Z,2.8907,2.9005,100,100,33.8
2026-04-21 19:22:45.454Z,2.8896,2.9012,100,100,40.1
2026-04-21 19:22:46.314Z,2.8900,2.9004,100,100,35.9
2026-04-21 19:22:47.742Z,2.8907,2.9007,100,100,34.5
2026-04-21 19:22:48.618Z,2.8901,2.9013,100,100,38.7
2026-04-21 19:22:49.382Z,2.8894,2.8996,100,100,35.2
2026-04-21 19:22:50.652Z,2.8900,2.9004,100,100,35.9
2026-04-21 19:22:51.268Z,2.8884,2.9004,100,100,41.5
2026-04-21 19:22:52.466Z,2.8904,2.8990,100,100,29.7
2026-04-21 19:22:53.883Z,2.8898,2.9016,100,100,40.8
2026-04-21 19:22:54.027Z,2.8913,2.9001,100,100,30.4
2026-04-21 19:22:55.711Z,2.8899,2.8993,100,100,32.5
2026-04-21 19:22:56.457Z,2.8900,2.8996,100,100,33.2
2026-04-21 19:22:57.099Z,2.8900,2.8994,100,100,32.5
2026-04-21 19:22:58.846Z,2.8905,2.9001,100,100,33.2
2026-04-21 19:22:59.736Z,2.8907,2.8993,100,100,29.7
2026-04-21 19:37:00.137Z,2.8150,2.8250,100,100,35.5
2026-04-21 19:37:01.743Z,2.8150,2.8254,100,100,36.9
2026-04-21 19:37:02.402Z,2.8137,2.8251,100,100,40.4
2026-04-21 19:37:03.104Z,2.8143,2.8251,100,100,38.3
2026-04-21 19:37:04.721Z,2.8141,2.8263,100,100,43.3
2026-04-21 19:37:05.685Z,2.8146,2.8256,100,100,39.0
2026-04-21 19:37:06.424Z,2.8153,2.8259,100,100,37.6
2026-04-21 19:37:07.364Z,2.8142,2.8258,100,100,41.1
2026-04-21 19:37:08.684Z,2.8147,2.8245,100,100,34.8
2026-04-21 19:37:09.563Z,2.8143,2.8261,100,100,41.8
2026-04-21 19:37:10.425Z,2.8144,2.8252,100,100,38.3
2026-04-21 19:37:11.676Z,2.8143,2.8263,100,100,42.5
2026-04-21 19:37:12.381Z,2.8151,2.8249,100,100,34.8
2026-04-21 19:37:13.097Z,2.8147,2.8243,100,100,34.0
2026-04-21 19:37:14.511Z,2.8161,2.8245,100,100,29.8
2026-04-21 19:37:15.688Z,2.8144,2.8264,100,100,42.5
2026-04-21 19:37:16.388Z,2.8151,2.8245,100,100,33.3
2026-04-21 19:37:17.380Z,2.8136,2.8250,100,100,40.4
2026-04-21 19:37:18.716Z,2.8157,2.8245,100,100,31.2
2026-04-21 19:37:19.118Z,2.8154,2.8240,100,100,30.5
2026-04-21 19:37:20.006Z,2.8141,2.8255,100,100,40.4
2026-04-21 19:37:21.848Z,2.8157,2.8249,100,100,32.6
2026-04-21 19:37:22.133Z,2.8155,2.8255,100,100,35.5
2026-04-21 19:37:23.384Z,2.8137,2.8251,100,100,40.4
2026-04-21 19:37:24.681Z,2.8136,2.8250,100,100,40.4
2026-04-21 19:37:25.646Z,2.8158,2.8242,100,100,29.8
2026-04-21 19:37:26.181Z,2.8150,2.8252,100,100,36.2
2026-04-21 19:37:27.060Z,2.8142,2.8256,100,100,40.4
2026-04-21 19:37:28.188Z,2.8154,2.8240,100,100,30.5
2026-04-21 19:37:29.656Z,2.8153,2.8243,100,100,31.9
2026-04-21 19:37:30.346Z,2.8150,2.8256,100,100,37.6
2026-04-21 19:37:31.244Z,2.8150,2.8236,100,100,30.5
2026-04-21 19:37:32.833Z,2.8154,2.8258,100,100,36.9
2026-04-21 19:37:33.125Z,2.8157,2.8251,100,100,33.3
2026-04-21 19:37:34.341Z,2.8151,2.8243,100,100,32.6
2026-04-21 19:37:35.220Z,2.8151,2.8239,100,100,31.2
2026-04-21 19:37:36.093Z,2.8149,2.8263,100,100,40.4
2026-04-21 19:37:37.389Z,2.8135,2.8253,100,100,41.9
2026-04-21 19:37:38.606Z,2.8146,2.8268,100,100,43.3
2026-04-21 19:37:39.525Z,2.8146,2.8248,100,100,36.2
2026-04-21 19:37:40.200Z,2.8157,2.8255,100,100,34.7
2026-04-21 19:37:41.711Z,2.8154,2.8246,100,100,32.6
2026-04-21 19:37:42.769Z,2.8164,2.8248,100,100,29.8
2026-04-21 19:37:43.502Z,2.8149,2.8253,100,100,36.9
2026-04-21 19:37:44.411Z,2.8148,2.8244,100,100,34.0
2026-04-21 19:37:45.229Z,2.8150,2.8240,100,100,31.9
2026-04-21 19:37:46.822Z,2.8137,2.8249,100,100,39.7
2026-04-21 19:37:47.115Z,2.8151,2.8235,100,100,29.8
2026-04-21 19:37:48.137Z,2.8139,2.8247,100,100,38.3
2026-04-21 19:37:49.370Z,2.8145,2.8261,100,100,41.1
2026-04-21 19:37:50.580Z,2.8157,2.8245,100,100,31.2
2026-04-21 19:37:51.453Z,2.8147,2.8257,100,100,39.0
2026-04-21 19:37:52.607Z,2.8163,2.8251,100,100,31.2
2026-04-21 19:37:53.780Z,2.8164,2.8248,100,100,29.8
2026-04-21 19:37:54.799Z,2.8147,2.8253,100,100,37.6
2026-04-21 19:37:55.565Z,2.8154,2.8246,100,100,32.6
2026-04-21 19:37:56.729Z,2.8161,2.8247,100,100,30.5
2026-04-21 19:37:57.517Z,2.8134,2.8258,100,100,44.0
2026-04-21 19:37:58.508Z,2.8156,2.8240,100,100,29.8
2026-04-21 19:37:59.401Z,2.8146,2.8254,100,100,38.3
2026-04-21 19:42:00.564Z,2.7447,2.7553,100,100,38.5
2026-04-21 19:42:01.771Z,2.7440,2.7546,100,100,38.6
2026-04-21 19:42:02.820Z,2.7445,2.7567,100,100,44.4
2026-04-21 19:42:03.151Z,2.7455,2.7543,100,100,32.0
2026-04-21 19:42:04.414Z,2.7448,2.7544,100,100,34.9
2026-04-21 19:42:05.447Z,2.7460,2.7550,100,100,32.7
2026-04-21 19:42:06.140Z,2.7462,2.7546,100,100,30.5
2026-04-21 19:42:07.526Z,2.7446,2.7544,100,100,35.6
2026-04-21 19:42:08.488Z,2.7433,2.7553,100,100,43.6
2026-04-21 19:42:09.438Z,2.7439,2.7561,100,100,44.4
2026-04-21 19:42:10.845Z,2.7439,2.7549,100,100,40.0
2026-04-21 19:42:11.116Z,2.7453,2.7547,100,100,34.2
2026-04-21 19:42:12.313Z,2.7460,2.7542,100,100,29.8
2026-04-21 19:42:13.514Z,2.7447,2.7563,100,100,42.2
2026-04-21 19:42:14.519Z,2.7449,2.7557,100,100,39.3
2026-04-21 19:42:15.425Z,2.7456,2.7556,100,100,36.4
2026-04-21 19:42:16.567Z,2.7445,2.7547,100,100,37.1
2026-04-21 19:42:17.247Z,2.7451,2.7549,100,100,35.6
2026-04-21 19:42:18.713Z,2.7447,2.7559,100,100,40.7
2026-04-21 19:42:19.490Z,2.7454,2.7546,100,100,33.5
2026-04-21 19:42:20.437Z,2.7448,2.7554,100,100,38.5
2026-04-21 19:42:21.164Z,2.7458,2.7552,100,100,34.2
2026-04-21 19:42:22.344Z,2.7456,2.7552,100,100,34.9
2026-04-21 19:42:23.641Z,2.7447,2.7561,100,100,41.4
2026-04-21 19:42:24.870Z,2.7443,2.7553,100,100,40.0
2026-04-21 19:42:25.510Z,2.7459,2.7547,100,100,32.0
2026-04-21 19:42:26.069Z,2.7447,2.7559,100,100,40.7
2026-04-21 19:42:27.167Z,2.7456,2.7548,100,100,33.5
2026-04-21 19:42:28.256Z,2.7448,2.7564,100,100,42.2
2026-04-21 19:42:29.890Z,2.7462,2.7546,100,100,30.5
2026-04-21 19:42:30.248Z,2.7461,2.7553,100,100,33.4
2026-04-21 19:42:31.227Z,2.7435,2.7553,100,100,42.9
2026-04-21 19:42:32.665Z,2.7438,2.7558,100,100,43.6
2026-04-21 19:42:33.701Z,2.7455,2.7549,100,100,34.2
2026-04-21 19:42:34.727Z,2.7453,2.7557,100,100,37.8
2026-04-21 19:42:35.044Z,2.7442,2.7546,100,100,37.8
2026-04-21 19:42:36.847Z,2.7435,2.7555,100,100,43.6
2026-04-21 19:42:37.491Z,2.7461,2.7549,100,100,32.0
2026-04-21 19:42:38.112Z,2.7449,2.7551,100,100,37.1
2026-04-21 19:42:39.768Z,2.7462,2.7552,100,100,32.7
2026-04-21 19:42:40.741Z,2.7433,2.7555,100,100,44.4
2026-04-21 19:42:41.142Z,2.7445,2.7551,100,100,38.5
2026-04-21 19:42:42.414Z,2.7458,2.7546,100,100,32.0
2026-04-21 19:42:43.310Z,2.7437,2.7559,100,100,44.4
2026-04-21 19:42:44.050Z,2.7440,2.7546,100,100,38.6
2026-04-21 19:42:45.791Z,2.7441,2.7555,100,100,41.5
2026-04-21 19:42:46.100Z,2.7441,2.7557,100,100,42.2
2026-04-21 19:42:47.614Z,2.7450,2.7556,100,100,38.5
2026-04-21 19:42:48.435Z,2.7446,2.7550,100,100,37.8
2026-04-21 19:42:49.129Z,2.7448,2.7554,100,100,38.5
2026-04-21 19:42:50.668Z,2.7442,2.7554,100,100,40.7
2026-04-21 19:42:51.886Z,2.7451,2.7559,100,100,39.3
2026-04-21 19:42:52.195Z,2.7441,2.7561,100,100,43.6
2026-04-21 19:42:53.694Z,2.7444,2.7560,100,100,42.2
2026-04-21 19:42:54.215Z,2.7451,2.7537,100,100,31.3
2026-04-21 19:42:55.879Z,2.7445,2.7545,100,100,36.4
2026-04-21 19:42:56.887Z,2.7436,2.7552,100,100,42.2
2026-04-21 19:42:57.521Z,2.7445,2.7565,100,100,43.6
2026-04-21 19:42:58.520Z,2.7431,2.7557,100,100,45.8
2026-04-21 19:42:59.416Z,2.7439,2.7561,100,100,44.4
2026-04-21 19:47:00.073Z,2.7461,2.7541,100,100,29.1
2026-04-21 19:47:01.183Z,2.7459,2.7541,100,100,29.8
2026-04-21 19:47:02.255Z,2.7452,2.7554,100,100,37.1
2026-04-21 19:47:03.213Z,2.7445,2.7565,100,100,43.6
2026-04-21 19:47:04.874Z,2.7452,2.7538,100,100,31.3
2026-04-21 19:47:05.634Z,2.7463,2.7549,100,100,31.3
2026-04-21 19:47:06.814Z,2.7457,2.7541,100,100,30.5
2026-04-21 19:47:07.872Z,2.7442,2.7558,100,100,42.2
2026-04-21 19:47:08.481Z,2.7455,2.7551,100,100,34.9
2026-04-21 19:47:09.171Z,2.7453,2.7553,100,100,36.4
2026-04-21 19:47:10.627Z,2.7440,2.7554,100,100,41.5
2026-04-21 19:47:11.180Z,2.7439,2.7551,100,100,40.7
2026-04-21 19:47:12.390Z,2.7449,2.7561,100,100,40.7
2026-04-21 19:47:13.433Z,2.7454,2.7560,100,100,38.5
2026-04-21 19:47:14.190Z,2.7444,2.7552,100,100,39.3
2026-04-21 19:47:15.703Z,2.7460,2.7542,100,100,29.8
2026-04-21 19:47:16.385Z,2.7458,2.7548,100,100,32.7
2026-04-21 19:47:17.065Z,2.7454,2.7554,100,100,36.4
2026-04-21 19:47:18.210Z,2.7444,2.7552,100,100,39.3
2026-04-21 19:47:19.780Z,2.7443,2.7547,100,100,37.8
2026-04-21 19:47:20.287Z,2.7458,2.7546,100,100,32.0
2026-04-21 19:47:21.279Z,2.7454,2.7550,100,100,34.9
2026-04-21 19:47:22.029Z,2.7464,2.7546,100,100,29.8
2026-04-21 19:47:23.658Z,2.7448,2.7540,100,100,33.5
2026-04-21 19:47:24.050Z,2.7454,2.7556,100,100,37.1
2026-04-21 19:47:25.134Z,2.7453,2.7561,100,100,39.3
2026-04-21 19:47:26.569Z,2.7436,2.7556,100,100,43.6
2026-04-21 19:47:27.038Z,2.7449,2.7547,100,100,35.6
2026-04-21 19:47:28.349Z,2.7452,2.7538,100,100,31.3
2026-04-21 19:47:29.308Z,2.7439,2.7553,100,100,41.5
2026-04-21 19:47:30.769Z,2.7445,2.7559,100,100,41.5
2026-04-21 19:47:31.269Z,2.7451,2.7565,100,100,41.4
2026-04-21 19:47:32.033Z,2.7456,2.7558,100,100,37.1
2026-04-21 19:47:33.303Z,2.7442,2.7550,100,100,39.3
2026-04-21 19:47:34.580Z,2.7450,2.7564,100,100,41.4
2026-04-21 19:47:35.261Z,2.7444,2.7552,100,100,39.3
2026-04-21 19:47:36.838Z,2.7455,2.7539,100,100,30.5
2026-04-21 19:47:37.779Z,2.7456,2.7556,100,100,36.4
2026-04-21 19:47:38.313Z,2.7441,2.7557,100,100,42.2
2026-04-21 19:47:39.751Z,2.7453,2.7537,100,100,30.6
2026-04-21 19:47:40.569Z,2.7440,2.7554,100,100,41.5
2026-04-21 19:47:41.650Z,2.7448,2.7548,100,100,36.4
2026-04-21 19:47:42.629Z,2.7444,2.7558,100,100,41.5
2026-04-21 19:47:43.253Z,2.7443,2.7557,100,100,41.5
2026-04-21 19:47:44.075Z,2.7454,2.7550,100,100,34.9
2026-04-21 19:47:45.542Z,2.7453,2.7539,100,100,31.3
2026-04-21 19:47:46.629Z,2.7451,2.7557,100,100,38.5
2026-04-21 19:47:47.001Z,2.7441,2.7557,100,100,42.2
2026-04-21 19:47:48.669Z,2.7453,2.7561,100,100,39.3
2026-04-21 19:47:49.766Z,2.7461,2.7551,100,100,32.7
2026-04-21 19:47:50.079Z,2.7447,2.7547,100,100,36.4
2026-04-21 19:47:51.697Z,2.7464,2.7550,100,100,31.3
2026-04-21 19:47:52.121Z,2.7440,2.7554,100,100,41.5
2026-04-21 19:47:53.763Z,2.7450,2.7554,100,100,37.8
2026-04-21 19:47:54.128Z,2.7460,2.7542,100,100,29.8
2026-04-21 19:47:55.373Z,2.7448,2.7562,100,100,41.4
2026-04-21 19:47:56.065Z,2.7445,2.7553,100,100,39.3
2026-04-21 19:47:57.428Z,2.7435,2.7553,100,100,42.9
2026-04-21 19:47:58.116Z,2.7446,2.7554,100,100,39.3
2026-04-21 19:47:59.253Z,2.7442,2.7560,100,100,42.9
2026-04-21 19:48:00.662Z,2.7483,2.7577,100,100,34.1
2026-04-21 19:48:01.746Z,2.7479,2.7591,100,100,40.7
2026-04-21 19:48:02.787Z,2.7484,2.7578,100,100,34.1
2026-04-21 19:48:03.145Z,2.7473,2.7581,100,100,39.2
2026-04-21 19:48:04.290Z,2.7486,2.7578,100,100,33.4
2026-04-21 19:48:05.670Z,2.7482,2.7582,100,100,36.3
2026-04-21 19:48:06.149Z,2.7487,2.7587,100,100,36.3
2026-04-21 19:48:07.722Z,2.7466,2.7590,100,100,45.0
2026-04-21 19:48:08.103Z,2.7488,2.7582,100,100,34.1
2026-04-21 19:48:09.132Z,2.7471,2.7583,100,100,40.7
2026-04-21 19:48:10.508Z,2.7484,2.7590,100,100,38.5
2026-04-21 19:48:11.693Z,2.7478,2.7578,100,100,36.3
2026-04-21 19:48:12.753Z,2.7470,2.7584,100,100,41.4
2026-04-21 19:48:13.348Z,2.7469,2.7581,100,100,40.7
2026-04-21 19:48:14.498Z,2.7469,2.7583,100,100,41.4
2026-04-21 19:48:15.804Z,2.7479,2.7577,100,100,35.6
2026-04-21 19:48:16.645Z,2.7474,2.7596,100,100,44.3
2026-04-21 19:48:17.800Z,2.7474,2.7590,100,100,42.1
2026-04-21 19:48:18.118Z,2.7465,2.7587,100,100,44.3
2026-04-21 19:48:19.718Z,2.7470,2.7576,100,100,38.5
2026-04-21 19:48:20.740Z,2.7473,2.7575,100,100,37.1
2026-04-21 19:48:21.517Z,2.7467,2.7581,100,100,41.4
2026-04-21 19:48:22.554Z,2.7469,2.7575,100,100,38.5
2026-04-21 19:48:23.239Z,2.7471,2.7575,100,100,37.8
2026-04-21 19:48:24.564Z,2.7476,2.7560,100,100,30.5
2026-04-21 19:48:25.373Z,2.7476,2.7564,100,100,32.0
2026-04-21 19:48:26.130Z,2.7470,2.7574,100,100,37.8
2026-04-21 19:48:27.016Z,2.7453,2.7569,100,100,42.2
2026-04-21 19:48:28.032Z,2.7455,2.7577,100,100,44.3
2026-04-21 19:48:29.075Z,2.7470,2.7562,100,100,33.4
2026-04-21 19:48:30.325Z,2.7465,2.7551,100,100,31.3
2026-04-21 19:48:31.186Z,2.7447,2.7557,100,100,40.0
2026-04-21 19:48:32.856Z,2.7449,2.7553,100,100,37.8
2026-04-21 19:48:33.854Z,2.7459,2.7559,100,100,36.4
2026-04-21 19:48:34.213Z,2.7462,2.7546,100,100,30.5
2026-04-21 19:48:35.549Z,2.7450,2.7542,100,100,33.5
2026-04-21 19:48:36.368Z,2.7442,2.7552,100,100,40.0
2026-04-21 19:48:37.054Z,2.7457,2.7557,100,100,36.4
2026-04-21 19:48:38.851Z,2.7439,2.7555,100,100,42.2
2026-04-21 19:48:39.293Z,2.7445,2.7545,100,100,36.4
2026-04-21 19:48:40.423Z,2.7446,2.7560,100,100,41.5
2026-04-21 19:48:41.069Z,2.7445,2.7565,100,100,43.6
2026-04-21 19:48:42.369Z,2.7459,2.7549,100,100,32.7
2026-04-21 19:48:43.223Z,2.7443,2.7551,100,100,39.3
2026-04-21 19:48:44.767Z,2.7458,2.7558,100,100,36.4
2026-04-21 19:48:45.467Z,2.7442,2.7564,100,100,44.4
2026-04-21 19:48:46.263Z,2.7451,2.7559,100,100,39.3
2026-04-21 19:48:47.006Z,2.7460,2.7554,100,100,34.2
2026-04-21 19:48:48.897Z,2.7447,2.7549,100,100,37.1
2026-04-21 19:48:49.146Z,2.7460,2.7560,100,100,36.4
2026-04-21 19:48:50.317Z,2.7458,2.7558,100,100,36.4
2026-04-21 19:48:51.390Z,2.7456,2.7552,100,100,34.9
2026-04-21 19:48:52.259Z,2.7456,2.7542,100,100,31.3
2026-04-21 19:48:53.373Z,2.7448,2.7558,100,100,40.0
2026-04-21 19:48:54.164Z,2.7464,2.7550,100,100,31.3
2026-04-21 19:48:55.321Z,2.7460,2.7548,100,100,32.0
2026-04-21 19:48:56.497Z,2.7451,2.7545,100,100,34.2
2026-04-21 19:48:57.151Z,2.7457,2.7543,100,100,31.3
2026-04-21 19:48:58.604Z,2.7459,2.7553,100,100,34.2
2026-04-21 19:48:59.674Z,2.7441,2.7559,100,100,42.9
2026-04-21 19:50:00.705Z,2.7529,2.7621,100,100,33.4
2026-04-21 19:50:01.218Z,2.7521,2.7635,100,100,41.3
2026-04-21 19:50:02.147Z,2.7518,2.7634,100,100,42.1
2026-04-21 19:50:03.285Z,2.7520,2.7624,100,100,37.7
2026-04-21 19:50:04.670Z,2.7531,2.7633,100,100,37.0
2026-04-21 19:50:05.676Z,2.7523,2.7633,100,100,39.9
2026-04-21 19:50:06.287Z,2.7519,2.7619,100,100,36.3
2026-04-21 19:50:07.428Z,2.7520,2.7622,100,100,37.0
2026-04-21 19:50:08.865Z,2.7524,2.7616,100,100,33.4
2026-04-21 19:50:09.734Z,2.7535,2.7617,100,100,29.7
2026-04-21 19:50:10.397Z,2.7528,2.7614,100,100,31.2
2026-04-21 19:50:11.444Z,2.7526,2.7636,100,100,39.9
2026-04-21 19:50:12.430Z,2.7521,2.7635,100,100,41.3
2026-04-21 19:50:13.290Z,2.7540,2.7624,100,100,30.5
2026-04-21 19:50:14.818Z,2.7531,2.7619,100,100,31.9
2026-04-21 19:50:15.404Z,2.7524,2.7620,100,100,34.8
2026-04-21 19:50:16.168Z,2.7524,2.7624,100,100,36.3
2026-04-21 19:50:17.121Z,2.7525,2.7633,100,100,39.2
2026-04-21 19:50:18.570Z,2.7512,2.7632,100,100,43.5
2026-04-21 19:50:19.166Z,2.7521,2.7619,100,100,35.5
2026-04-21 19:50:20.186Z,2.7525,2.7621,100,100,34.8
2026-04-21 19:50:21.707Z,2.7513,2.7613,100,100,36.3
2026-04-21 19:50:22.801Z,2.7495,2.7613,100,100,42.8
2026-04-21 19:50:23.426Z,2.7487,2.7609,100,100,44.3
2026-04-21 19:50:24.599Z,2.7472,2.7594,100,100,44.3
2026-04-21 19:50:25.221Z,2.7469,2.7571,100,100,37.1
2026-04-21 19:50:26.178Z,2.7462,2.7568,100,100,38.5
2026-04-21 19:50:27.232Z,2.7446,2.7562,100,100,42.2
2026-04-21 19:50:28.357Z,2.7424,2.7538,100,100,41.5
2026-04-21 19:50:29.193Z,2.7425,2.7531,100,100,38.6
2026-04-21 19:50:30.220Z,2.7407,2.7505,100,100,35.7
2026-04-21 19:50:31.236Z,2.7409,2.7503,100,100,34.2
2026-04-21 19:50:32.206Z,2.7392,2.7484,100,100,33.5
2026-04-21 19:50:33.188Z,2.7388,2.7478,100,100,32.8
2026-04-21 19:50:34.316Z,2.7357,2.7477,100,100,43.8
2026-04-21 19:50:35.692Z,2.7361,2.7457,100,100,35.0
2026-04-21 19:50:36.300Z,2.7364,2.7452,100,100,32.1
2026-04-21 19:50:37.874Z,2.7348,2.7448,100,100,36.5
2026-04-21 19:50:38.128Z,2.7346,2.7466,100,100,43.8
2026-04-21 19:50:39.410Z,2.7355,2.7443,100,100,32.1
2026-04-21 19:50:40.013Z,2.7361,2.7447,100,100,31.4
2026-04-21 19:50:41.523Z,2.7352,2.7464,100,100,40.9
2026-04-21 19:50:42.289Z,2.7351,2.7463,100,100,40.9
2026-04-21 19:50:43.460Z,2.7352,2.7472,100,100,43.8
2026-04-21 19:50:44.003Z,2.7369,2.7459,100,100,32.8
2026-04-21 19:50:45.821Z,2.7380,2.7472,100,100,33.5
2026-04-21 19:50:46.111Z,2.7384,2.7466,100,100,29.9
2026-04-21 19:50:47.884Z,2.7371,2.7481,100,100,40.1
2026-04-21 19:50:48.620Z,2.7376,2.7478,100,100,37.2
2026-04-21 19:50:49.316Z,2.7360,2.7474,100,100,41.6
2026-04-21 19:50:50.206Z,2.7369,2.7469,100,100,36.5
2026-04-21 19:50:51.465Z,2.7349,2.7473,100,100,45.2
2026-04-21 19:50:52.069Z,2.7365,2.7461,100,100,35.0
2026-04-21 19:50:53.554Z,2.7366,2.7452,100,100,31.4
2026-04-21 19:50:54.398Z,2.7362,2.7446,100,100,30.7
2026-04-21 19:50:55.689Z,2.7358,2.7442,100,100,30.7
2026-04-21 19:50:56.035Z,2.7361,2.7457,100,100,35.0
2026-04-21 19:50:57.620Z,2.7346,2.7464,100,100,43.1
2026-04-21 19:50:58.822Z,2.7351,2.7445,100,100,34.3
2026-04-21 19:50:59.811Z,2.7351,2.7449,100,100,35.8
2026-04-21 19:53:00.769Z,2.7190,2.7280,100,100,33.0
2026-04-21 19:53:01.064Z,2.7183,2.7279,100,100,35.3
2026-04-21 19:53:02.348Z,2.7183,2.7275,100,100,33.8
2026-04-21 19:53:03.700Z,2.7177,2.7291,100,100,41.9
2026-04-21 19:53:04.440Z,2.7196,2.7278,100,100,30.1
2026-04-21 19:53:05.742Z,2.7176,2.7280,100,100,38.2
2026-04-21 19:53:06.682Z,2.7183,2.7281,100,100,36.0
2026-04-21 19:53:07.764Z,2.7187,2.7279,100,100,33.8
2026-04-21 19:53:08.062Z,2.7186,2.7292,100,100,38.9
2026-04-21 19:53:09.359Z,2.7171,2.7287,100,100,42.6
2026-04-21 19:53:10.056Z,2.7192,2.7288,100,100,35.2
2026-04-21 19:53:11.236Z,2.7178,2.7288,100,100,40.4
2026-04-21 19:53:12.344Z,2.7186,2.7288,100,100,37.4
2026-04-21 19:53:13.856Z,2.7175,2.7285,100,100,40.4
2026-04-21 19:53:14.072Z,2.7185,2.7281,100,100,35.3
2026-04-21 19:53:15.019Z,2.7187,2.7283,100,100,35.2
2026-04-21 19:53:16.448Z,2.7184,2.7298,100,100,41.8
2026-04-21 19:53:17.243Z,2.7186,2.7276,100,100,33.1
2026-04-21 19:53:18.510Z,2.7179,2.7297,100,100,43.3
2026-04-21 19:53:19.341Z,2.7182,2.7286,100,100,38.2
2026-04-21 19:53:20.876Z,2.7180,2.7296,100,100,42.6
2026-04-21 19:53:21.653Z,2.7186,2.7274,100,100,32.3
2026-04-21 19:53:22.138Z,2.7185,2.7281,100,100,35.3
2026-04-21 19:53:23.250Z,2.7177,2.7281,100,100,38.2
2026-04-21 19:53:24.042Z,2.7184,2.7288,100,100,38.2
2026-04-21 19:53:25.506Z,2.7191,2.7291,100,100,36.7
2026-04-21 19:53:26.872Z,2.7191,2.7287,100,100,35.2
2026-04-21 19:53:27.279Z,2.7181,2.7291,100,100,40.4
2026-04-21 19:53:28.261Z,2.7199,2.7285,100,100,31.6
2026-04-21 19:53:29.307Z,2.7173,2.7289,100,100,42.6
2026-04-21 19:53:30.843Z,2.7186,2.7298,100,100,41.1
2026-04-21 19:53:31.776Z,2.7188,2.7282,100,100,34.5
2026-04-21 19:53:32.607Z,2.7188,2.7276,100,100,32.3
2026-04-21 19:53:33.182Z,2.7197,2.7283,100,100,31.6
2026-04-21 19:53:34.696Z,2.7187,2.7289,100,100,37.4
2026-04-21 19:53:35.866Z,2.7185,2.7289,100,100,38.2
2026-04-21 19:53:36.662Z,2.7186,2.7294,100,100,39.6
2026-04-21 19:53:37.748Z,2.7184,2.7292,100,100,39.7
2026-04-21 19:53:38.754Z,2.7184,2.7280,100,100,35.3
2026-04-21 19:53:39.085Z,2.7187,2.7283,100,100,35.2
2026-04-21 19:53:40.441Z,2.7178,2.7296,100,100,43.3
2026-04-21 19:53:41.610Z,2.7182,2.7298,100,100,42.6
2026-04-21 19:53:42.593Z,2.7180,2.7278,100,100,36.0
2026-04-21 19:53:43.370Z,2.7171,2.7291,100,100,44.1
2026-04-21 19:53:44.466Z,2.7182,2.7278,100,100,35.3
2026-04-21 19:53:45.221Z,2.7170,2.7286,100,100,42.6
2026-04-21 19:53:46.162Z,2.7190,2.7290,100,100,36.7
2026-04-21 19:53:47.129Z,2.7173,2.7295,100,100,44.8
2026-04-21 19:53:48.892Z,2.7175,2.7283,100,100,39.7
2026-04-21 19:53:49.392Z,2.7184,2.7282,100,100,36.0
2026-04-21 19:53:50.786Z,2.7184,2.7280,100,100,35.3
2026-04-21 19:53:51.026Z,2.7184,2.7298,100,100,41.8
2026-04-21 19:53:52.786Z,2.7178,2.7298,100,100,44.1
2026-04-21 19:53:53.043Z,2.7193,2.7281,100,100,32.3
2026-04-21 19:53:54.630Z,2.7188,2.7272,100,100,30.8
2026-04-21 19:53:55.765Z,2.7190,2.7286,100,100,35.2
2026-04-21 19:53:56.247Z,2.7180,2.7298,100,100,43.3
2026-04-21 19:53:57.096Z,2.7183,2.7285,100,100,37.5
2026-04-21 19:53:58.394Z,2.7182,2.7300,100,100,43.3
2026-04-21 19:53:59.800Z,2.7187,2.7283,100,100,35.2
2026-04-21 19:54:00.147Z,2.6857,2.6943,100,100,32.0
2026-04-21 19:54:01.818Z,2.6844,2.6960,100,100,43.1
2026-04-21 19:54:02.881Z,2.6863,2.6947,100,100,31.2
2026-04-21 19:54:03.880Z,2.6862,2.6950,100,100,32.7
2026-04-21 19:54:04.483Z,2.6866,2.6948,100,100,30.5
2026-04-21 19:54:05.174Z,2.6849,2.6953,100,100,38.7
2026-04-21 19:54:06.420Z,2.6853,2.6943,100,100,33.5
2026-04-21 19:54:07.889Z,2.6838,2.6952,100,100,42.4
2026-04-21 19:54:08.679Z,2.6861,2.6949,100,100,32.7
2026-04-21 19:54:09.652Z,2.6857,2.6943,100,100,32.0
2026-04-21 19:54:10.239Z,2.6856,2.6952,100,100,35.7
2026-04-21 19:54:11.273Z,2.6848,2.6962,100,100,42.4
2026-04-21 19:54:12.854Z,2.6844,2.6956,100,100,41.6
2026-04-21 19:54:13.562Z,2.6842,2.6962,100,100,44.6
2026-04-21 19:54:14.625Z,2.6835,2.6955,100,100,44.6
2026-04-21 19:54:15.100Z,2.6847,2.6947,100,100,37.2
2026-04-21 19:54:16.777Z,2.6842,2.6946,100,100,38.7
2026-04-21 19:54:17.679Z,2.6853,2.6953,100,100,37.2
2026-04-21 19:54:18.737Z,2.6850,2.6952,100,100,37.9
2026-04-21 19:54:19.859Z,2.6838,2.6952,100,100,42.4
2026-04-21 19:54:20.483Z,2.6857,2.6953,100,100,35.7
2026-04-21 19:54:21.567Z,2.6854,2.6964,100,100,40.9
2026-04-21 19:54:22.184Z,2.6864,2.6950,100,100,32.0
2026-04-21 19:54:23.467Z,2.6873,2.6961,100,100,32.7
2026-04-21 19:54:24.077Z,2.6874,2.6966,100,100,34.2
2026-04-21 19:54:25.111Z,2.6882,2.6982,100,100,37.1
2026-04-21 19:54:26.740Z,2.6883,2.6979,100,100,35.6
2026-04-21 19:54:27.506Z,2.6890,2.7008,100,100,43.8
2026-04-21 19:54:28.143Z,2.6908,2.7004,100,100,35.6
2026-04-21 19:54:29.808Z,2.6913,2.7001,100,100,32.6
2026-04-21 19:54:30.896Z,2.6913,2.7007,100,100,34.9
2026-04-21 19:54:31.465Z,2.6921,2.7025,100,100,38.6
2026-04-21 19:54:32.501Z,2.6915,2.7035,100,100,44.5
2026-04-21 19:54:33.535Z,2.6929,2.7031,100,100,37.8
2026-04-21 19:54:34.142Z,2.6938,2.7050,100,100,41.5
2026-04-21 19:54:35.130Z,2.6944,2.7050,100,100,39.3
2026-04-21 19:54:36.019Z,2.6935,2.7047,100,100,41.5
2026-04-21 19:54:37.613Z,2.6959,2.7049,100,100,33.3
2026-04-21 19:54:38.494Z,2.6944,2.7058,100,100,42.2
2026-04-21 19:54:39.556Z,2.6940,2.7050,100,100,40.7
2026-04-21 19:54:40.675Z,2.6949,2.7043,100,100,34.8
2026-04-21 19:54:41.720Z,2.6958,2.7048,100,100,33.3
2026-04-21 19:54:42.085Z,2.6939,2.7049,100,100,40.7
2026-04-21 19:54:43.275Z,2.6943,2.7037,100,100,34.8
2026-04-21 19:54:44.078Z,2.6947,2.7035,100,100,32.6
2026-04-21 19:54:45.641Z,2.6945,2.7037,100,100,34.1
2026-04-21 19:54:46.464Z,2.6934,2.7050,100,100,43.0
2026-04-21 19:54:47.147Z,2.6939,2.7045,100,100,39.3
2026-04-21 19:54:48.669Z,2.6924,2.7040,100,100,43.0
2026-04-21 19:54:49.640Z,2.6936,2.7054,100,100,43.7
2026-04-21 19:54:50.616Z,2.6938,2.7032,100,100,34.8
2026-04-21 19:54:51.513Z,2.6930,2.7052,100,100,45.2
2026-04-21 19:54:52.632Z,2.6956,2.7040,100,100,31.1
2026-04-21 19:54:53.291Z,2.6940,2.7050,100,100,40.7
2026-04-21 19:54:54.248Z,2.6947,2.7045,100,100,36.3
2026-04-21 19:54:55.610Z,2.6954,2.7038,100,100,31.1
2026-04-21 19:54:56.029Z,2.6946,2.7056,100,100,40.7
2026-04-21 19:54:57.184Z,2.6943,2.7049,100,100,39.3
2026-04-21 19:54:58.519Z,2.6948,2.7066,100,100,43.7
2026-04-21 19:54:59.632Z,2.6948,2.7052,100,100,38.5
2026-04-21 19:57:00.795Z,2.6598,2.6702,100,100,39.0
2026-04-21 19:57:01.547Z,2.6591,2.6699,100,100,40.5
2026-04-21 19:57:02.723Z,2.6587,2.6703,100,100,43.5
2026-04-21 19:57:03.006Z,2.6607,2.6701,100,100,35.3
2026-04-21 19:57:04.006Z,2.6612,2.6696,100,100,31.5
2026-04-21 19:57:05.320Z,2.6596,2.6694,100,100,36.8
2026-04-21 19:57:06.174Z,2.6609,2.6693,100,100,31.5
2026-04-21 19:57:07.387Z,2.6600,2.6712,100,100,42.0
2026-04-21 19:57:08.228Z,2.6604,2.6708,100,100,39.0
2026-04-21 19:57:09.122Z,2.6586,2.6704,100,100,44.3
2026-04-21 19:57:10.524Z,2.6590,2.6700,100,100,41.3
2026-04-21 19:57:11.134Z,2.6610,2.6700,100,100,33.8
2026-04-21 19:57:12.808Z,2.6604,2.6694,100,100,33.8
2026-04-21 19:57:13.126Z,2.6603,2.6699,100,100,36.0
2026-04-21 19:57:14.024Z,2.6607,2.6693,100,100,32.3
2026-04-21 19:57:15.144Z,2.6604,2.6690,100,100,32.3
2026-04-21 19:57:16.620Z,2.6587,2.6701,100,100,42.8
2026-04-21 19:57:17.070Z,2.6598,2.6692,100,100,35.3
2026-04-21 19:57:18.152Z,2.6592,2.6706,100,100,42.8
2026-04-21 19:57:19.382Z,2.6610,2.6690,100,100,30.0
2026-04-21 19:57:20.140Z,2.6601,2.6707,100,100,39.8
2026-04-21 19:57:21.765Z,2.6598,2.6706,100,100,40.5
2026-04-21 19:57:22.143Z,2.6586,2.6704,100,100,44.3
2026-04-21 19:57:23.457Z,2.6600,2.6694,100,100,35.3
2026-04-21 19:57:24.786Z,2.6597,2.6691,100,100,35.3
2026-04-21 19:57:25.349Z,2.6608,2.6696,100,100,33.0
2026-04-21 19:57:26.432Z,2.6608,2.6692,100,100,31.5
2026-04-21 19:57:27.874Z,2.6600,2.6696,100,100,36.0
2026-04-21 19:57:28.388Z,2.6605,2.6693,100,100,33.0
2026-04-21 19:57:29.895Z,2.6586,2.6706,100,100,45.0
2026-04-21 19:57:30.853Z,2.6591,2.6699,100,100,40.5
2026-04-21 19:57:31.793Z,2.6591,2.6707,100,100,43.5
2026-04-21 19:57:32.437Z,2.6598,2.6696,100,100,36.8
2026-04-21 19:57:33.247Z,2.6603,2.6707,100,100,39.0
2026-04-21 19:57:34.228Z,2.6606,2.6696,100,100,33.8
2026-04-21 19:57:35.187Z,2.6600,2.6690,100,100,33.8
2026-04-21 19:57:36.462Z,2.6601,2.6697,100,100,36.0
2026-04-21 19:57:37.315Z,2.6592,2.6700,100,100,40.5
2026-04-21 19:57:38.872Z,2.6591,2.6701,100,100,41.3
2026-04-21 19:57:39.406Z,2.6608,2.6700,100,100,34.5
2026-04-21 19:57:40.134Z,2.6605,2.6699,100,100,35.3
2026-04-21 19:57:41.853Z,2.6608,2.6694,100,100,32.3
2026-04-21 19:57:42.646Z,2.6589,2.6703,100,100,42.8
2026-04-21 19:57:43.472Z,2.6599,2.6701,100,100,38.3
2026-04-21 19:57:44.513Z,2.6595,2.6693,100,100,36.8
2026-04-21 19:57:45.220Z,2.6595,2.6693,100,100,36.8
2026-04-21 19:57:46.114Z,2.6610,2.6698,100,100,33.0
2026-04-21 19:57:47.275Z,2.6596,2.6712,100,100,43.5
2026-04-21 19:57:48.524Z,2.6596,2.6704,100,100,40.5
2026-04-21 19:57:49.174Z,2.6597,2.6715,100,100,44.3
2026-04-21 19:57:50.180Z,2.6580,2.6708,100,100,48.0
2026-04-21 19:57:51.214Z,2.6609,2.6693,100,100,31.5
2026-04-21 19:57:52.701Z,2.6602,2.6692,100,100,33.8
2026-04-21 19:57:53.245Z,2.6588,2.6702,100,100,42.8
2026-04-21 19:57:54.878Z,2.6607,2.6691,100,100,31.5
2026-04-21 19:57:55.789Z,2.6590,2.6704,100,100,42.8
2026-04-21 19:57:56.022Z,2.6589,2.6705,100,100,43.5
2026-04-21 19:57:57.802Z,2.6611,2.6699,100,100,33.0
2026-04-21 19:57:58.488Z,2.6584,2.6706,100,100,45.8
2026-04-21 19:57:59.635Z,2.6602,2.6698,100,100,36.0
2026-04-21 19:58:00.118Z,2.7054,2.7146,100,100,33.9
2026-04-21 19:58:01.484Z,2.7048,2.7146,100,100,36.2
2026-04-21 19:58:02.582Z,2.7019,2.7113,100,100,34.7
2026-04-21 19:58:03.756Z,2.6972,2.7090,100,100,43.7
2026-04-21 19:58:04.233Z,2.6930,2.7040,100,100,40.8
2026-04-21 19:58:05.803Z,2.6860,2.7008,100,100,54.9
2026-04-21 19:58:06.897Z,2.6812,2.6948,100,100,50.6
2026-04-21 19:58:07.096Z,2.6753,2.6897,100,100,53.7
2026-04-21 19:58:08.800Z,2.6699,2.6849,100,100,56.0
2026-04-21 19:58:09.052Z,2.6668,2.6792,100,100,46.4
2026-04-21 19:58:10.679Z,2.6631,2.6745,100,100,42.7
2026-04-21 19:58:11.706Z,2.6633,2.6719,100,100,32.2
2026-04-21 19:58:12.438Z,2.6605,2.6727,100,100,45.8
2026-04-21 19:58:13.589Z,2.6631,2.6727,100,100,36.0
2026-04-21 19:58:14.347Z,2.6645,2.6749,100,100,39.0
2026-04-21 19:58:15.411Z,2.6674,2.6792,100,100,44.1
2026-04-21 19:58:16.840Z,2.6693,2.6827,100,100,50.1
2026-04-21 19:58:17.656Z,2.6726,2.6818,100,100,34.4
2026-04-21 19:58:18.409Z,2.6729,2.6831,100,100,38.1
2026-04-21 19:58:19.085Z,2.6733,2.6821,100,100,32.9
2026-04-21 19:58:20.420Z,2.6724,2.6848,100,100,46.3
2026-04-21 19:58:21.209Z,2.6747,2.6843,100,100,35.8
2026-04-21 19:58:22.592Z,2.6748,2.6862,100,100,42.5
2026-04-21 19:58:23.843Z,2.6780,2.6868,100,100,32.8
2026-04-21 19:58:24.258Z,2.6787,2.6897,100,100,41.0
2026-04-21 19:58:25.081Z,2.6822,2.6920,100,100,36.5
2026-04-21 19:58:26.207Z,2.6838,2.6954,100,100,43.1
2026-04-21 19:58:27.830Z,2.6853,2.6983,100,100,48.3
2026-04-21 19:58:28.030Z,2.6872,2.6990,100,100,43.8
2026-04-21 19:58:29.456Z,2.6895,2.7035,100,100,51.9
2026-04-21 19:58:30.507Z,2.6926,2.7046,100,100,44.5
2026-04-21 19:58:31.041Z,2.6954,2.7052,100,100,36.3
2026-04-21 19:58:32.859Z,2.6975,2.7075,100,100,37.0
2026-04-21 19:58:33.131Z,2.7000,2.7096,100,100,35.5
2026-04-21 19:58:34.525Z,2.6996,2.7120,100,100,45.8
2026-04-21 19:58:35.881Z,2.7013,2.7145,100,100,48.7
2026-04-21 19:58:36.129Z,2.7032,2.7154,100,100,45.0
2026-04-21 19:58:37.419Z,2.7047,2.7131,100,100,31.0
2026-04-21 19:58:38.491Z,2.7042,2.7166,100,100,45.7
2026-04-21 19:58:39.803Z,2.7049,2.7147,100,100,36.2
2026-04-21 19:58:40.259Z,2.7058,2.7144,100,100,31.7
2026-04-21 19:58:41.498Z,2.7040,2.7160,100,100,44.3
2026-04-21 19:58:42.013Z,2.7051,2.7159,100,100,39.8
2026-04-21 19:58:43.162Z,2.7052,2.7152,100,100,36.9
2026-04-21 19:58:44.057Z,2.7050,2.7144,100,100,34.7
2026-04-21 19:58:45.402Z,2.7042,2.7158,100,100,42.8
2026-04-21 19:58:46.434Z,2.7041,2.7157,100,100,42.8
2026-04-21 19:58:47.736Z,2.7049,2.7147,100,100,36.2
2026-04-21 19:58:48.581Z,2.7063,2.7147,100,100,31.0
2026-04-21 19:58:49.810Z,2.7041,2.7155,100,100,42.1
2026-04-21 19:58:50.635Z,2.7050,2.7150,100,100,36.9
2026-04-21 19:58:51.032Z,2.7040,2.7150,100,100,40.6
2026-04-21 19:58:52.275Z,2.7054,2.7156,100,100,37.6
2026-04-21 19:58:53.800Z,2.7059,2.7149,100,100,33.2
2026-04-21 19:58:54.363Z,2.7051,2.7163,100,100,41.3
2026-04-21 19:58:55.759Z,2.7045,2.7161,100,100,42.8
2026-04-21 19:58:56.185Z,2.7048,2.7142,100,100,34.7
2026-04-21 19:58:57.373Z,2.7037,2.7155,100,100,43.5
2026-04-21 19:58:58.064Z,2.7037,2.7157,100,100,44.3
2026-04-21 19:58:59.300Z,2.7051,2.7149,100,100,36.2
2026-04-21 19:59:00.432Z,2.7143,2.7257,100,100,41.9
2026-04-21 19:59:01.627Z,2.7148,2.7242,100,100,34.6
2026-04-21 19:59:02.847Z,2.7151,2.7237,100,100,31.6
2026-04-21 19:59:03.266Z,2.7149,2.7261,100,100,41.2
2026-04-21 19:59:04.058Z,2.7150,2.7238,100,100,32.4
2026-04-21 19:59:05.380Z,2.7138,2.7254,100,100,42.7
2026-04-21 19:59:06.101Z,2.7143,2.7263,100,100,44.1
2026-04-21 19:59:07.528Z,2.7139,2.7257,100,100,43.4
2026-04-21 19:59:08.842Z,2.7136,2.7254,100,100,43.4
2026-04-21 19:59:09.651Z,2.7157,2.7241,100,100,30.9
2026-04-21 19:59:10.479Z,2.7154,2.7250,100,100,35.3
2026-04-21 19:59:11.218Z,2.7150,2.7240,100,100,33.1
2026-04-21 19:59:12.119Z,2.7139,2.7249,100,100,40.5
2026-04-21 19:59:13.214Z,2.7147,2.7253,100,100,39.0
2026-04-21 19:59:14.598Z,2.7139,2.7249,100,100,40.5
2026-04-21 19:59:15.639Z,2.7146,2.7254,100,100,39.7
2026-04-21 19:59:16.078Z,2.7142,2.7248,100,100,39.0
2026-04-21 19:59:17.027Z,2.7142,2.7246,100,100,38.2
2026-04-21 19:59:18.686Z,2.7150,2.7246,100,100,35.3
2026-04-21 19:59:19.295Z,2.7139,2.7259,100,100,44.1
2026-04-21 19:59:20.735Z,2.7120,2.7238,100,100,43.4
2026-04-21 19:59:21.570Z,2.7095,2.7225,100,100,47.9
2026-04-21 19:59:22.639Z,2.7074,2.7192,100,100,43.5
2026-04-21 19:59:23.633Z,2.7042,2.7170,100,100,47.2
2026-04-21 19:59:24.823Z,2.7013,2.7133,100,100,44.3
2026-04-21 19:59:25.298Z,2.6964,2.7084,100,100,44.4
2026-04-21 19:59:26.706Z,2.6935,2.7039,100,100,38.5
2026-04-21 19:59:27.355Z,2.6874,2.7002,100,100,47.5
2026-04-21 19:59:28.750Z,2.6837,2.6961,100,100,46.1
2026-04-21 19:59:29.646Z,2.6783,2.6921,100,100,51.4
2026-04-21 19:59:30.281Z,2.6741,2.6881,100,100,52.2
2026-04-21 19:59:31.608Z,2.6719,2.6823,100,100,38.8
2026-04-21 19:59:32.214Z,2.6692,2.6786,100,100,35.2
2026-04-21 19:59:33.482Z,2.6639,2.6759,100,100,44.9
2026-04-21 19:59:34.045Z,2.6604,2.6734,100,100,48.7
2026-04-21 19:59:35.203Z,2.6592,2.6692,100,100,37.5
2026-04-21 19:59:36.640Z,2.6570,2.6678,100,100,40.6
2026-04-21 19:59:37.646Z,2.6536,2.6668,100,100,49.6
2026-04-21 19:59:38.782Z,2.6552,2.6644,100,100,34.6
2026-04-21 19:59:39.043Z,2.6556,2.6660,100,100,39.1
2026-04-21 19:59:40.813Z,2.6543,2.6661,100,100,44.4
2026-04-21 19:59:41.749Z,2.6561,2.6657,100,100,36.1
2026-04-21 19:59:42.506Z,2.6574,2.6664,100,100,33.8
2026-04-21 19:59:43.811Z,2.6575,2.6689,100,100,42.8
2026-04-21 19:59:44.557Z,2.6592,2.6706,100,100,42.8
2026-04-21 19:59:45.150Z,2.6594,2.6714,100,100,45.0
2026-04-21 19:59:46.866Z,2.6595,2.6709,100,100,42.8
2026-04-21 19:59:47.596Z,2.6585,2.6707,100,100,45.8
2026-04-21 19:59:48.331Z,2.6602,2.6704,100,100,38.3
2026-04-21 19:59:49.521Z,2.6601,2.6697,100,100,36.0
2026-04-21 19:59:50.053Z,2.6586,2.6692,100,100,39.8
2026-04-21 19:59:51.825Z,2.6570,2.6686,100,100,43.6
2026-04-21 19:59:52.114Z,2.6592,2.6678,100,100,32.3
2026-04-21 19:59:53.140Z,2.6564,2.6674,100,100,41.3
2026-04-21 19:59:54.482Z,2.6577,2.6659,100,100,30.8
2026-04-21 19:59:55.752Z,2.6567,2.6661,100,100,35.3
2026-04-21 19:59:56.880Z,2.6551,2.6671,100,100,45.1
2026-04-21 19:59:57.392Z,2.6552,2.6644,100,100,34.6
2026-04-21 19:59:58.675Z,2.6546,2.6662,100,100,43.6
2026-04-21 19:59:59.747Z,2.6557,2.6643,100,100,32.3
2026-04-22 13:30:00.581Z,2.7844,2.7956,100,100,40.1
2026-04-22 13:30:01.026Z,2.7850,2.7952,100,100,36.6
