TimestampUtc,Price,Size,Exchange
2026-04-21 13:30:00.837Z,3.1204,19,SYNTH
2026-04-21 13:30:01.489Z,3.1206,12,SYNTH
2026-04-21 13:30:02.100Z,3.1220,14,SYNTH
2026-04-21 13:30:03.621Z,3.1213,10,SYNTH
2026-04-21 13:30:04.214Z,3.1178,10,SYNTH
2026-04-21 13:30:05.662Z,3.1210,13,SYNTH
2026-04-21 13:30:06.162Z,3.1190,12,SYNTH
2026-04-21 13:30:07.365Z,3.1219,10,SYNTH
2026-04-21 13:30:08.825Z,3.1189,15,SYNTH
2026-04-21 13:30:09.011Z,3.1221,8,SYNTH
2026-04-21 13:30:10.540Z,3.1186,11,SYNTH
2026-04-21 13:30:11.726Z,3.1209,34,SYNTH
2026-04-21 13:30:12.268Z,3.1195,22,SYNTH
2026-04-21 13:30:13.245Z,3.1188,35,SYNTH
2026-04-21 13:30:14.353Z,3.1181,12,SYNTH
2026-04-21 13:30:15.789Z,3.1221,11,SYNTH
2026-04-21 13:30:16.462Z,3.1181,23,SYNTH
2026-04-21 13:30:17.411Z,3.1179,11,SYNTH
2026-04-21 13:30:18.320Z,3.1178,13,SYNTH
2026-04-21 13:30:19.173Z,3.1200,14,SYNTH
2026-04-21 13:30:20.812Z,3.1211,7,SYNTH
2026-04-21 13:30:21.165Z,3.1222,10,SYNTH
2026-04-21 13:30:22.149Z,3.1180,12,SYNTH
2026-04-21 13:30:23.747Z,3.1221,6,SYNTH
2026-04-21 13:30:24.518Z,3.1183,6,SYNTH
2026-04-21 13:30:25.058Z,3.1226,10,SYNTH
2026-04-21 13:30:26.653Z,3.1198,6,SYNTH
2026-04-21 13:30:27.662Z,3.1175,10,SYNTH
2026-04-21 13:30:28.494Z,3.1210,10,SYNTH
2026-04-21 13:30:29.849Z,3.1224,10,SYNTH
2026-04-21 13:30:30.326Z,3.1192,6,SYNTH
2026-04-21 13:30:31.129Z,3.1206,8,SYNTH
2026-04-21 13:30:32.362Z,3.1184,10,SYNTH
2026-04-21 13:30:33.481Z,3.1221,8,SYNTH
2026-04-21 13:30:34.839Z,3.1184,11,SYNTH
2026-04-21 13:30:35.204Z,3.1220,10,SYNTH
2026-04-21 13:30:36.855Z,3.1192,8,SYNTH
2026-04-21 13:30:37.863Z,3.1178,17,SYNTH
2026-04-21 13:30:38.668Z,3.1185,18,SYNTH
2026-04-21 13:30:39.720Z,3.1216,28,SYNTH
2026-04-21 13:30:40.094Z,3.1211,32,SYNTH
2026-04-21 13:30:41.574Z,3.1174,11,SYNTH
2026-04-21 13:30:42.010Z,3.1207,13,SYNTH
2026-04-21 13:30:43.422Z,3.1180,6,SYNTH
2026-04-21 13:30:44.440Z,3.1202,10,SYNTH
2026-04-21 13:30:45.002Z,3.1207,18,SYNTH
2026-04-21 13:30:46.028Z,3.1211,11,SYNTH
2026-04-21 13:30:47.855Z,3.1196,19,SYNTH
2026-04-21 13:30:48.112Z,3.1190,12,SYNTH
2026-04-21 13:30:49.242Z,3.1212,9,SYNTH
2026-04-21 13:30:50.726Z,3.1194,11,SYNTH
2026-04-21 13:30:51.811Z,3.1210,16,SYNTH
2026-04-21 13:30:52.310Z,3.1214,16,SYNTH
2026-04-21 13:30:53.449Z,3.1201,10,SYNTH
2026-04-21 13:30:54.484Z,3.1190,11,SYNTH
2026-04-21 13:30:55.378Z,3.1190,8,SYNTH
2026-04-21 13:30:56.008Z,3.1214,8,SYNTH
2026-04-21 13:30:57.696Z,3.1220,16,SYNTH
2026-04-21 13:30:58.425Z,3.1205,19,SYNTH
2026-04-21 13:30:59.076Z,3.1182,16,SYNTH
2026-04-21 13:34:00.453Z,3.0006,12,SYNTH
2026-04-21 13:34:01.282Z,3.0016,16,SYNTH
2026-04-21 13:34:02.131Z,2.9993,19,SYNTH
2026-04-21 13:34:03.453Z,3.0025,9,SYNTH
2026-04-21 13:34:04.394Z,2.9984,18,SYNTH
2026-04-21 13:34:05.808Z,3.0011,13,SYNTH
2026-04-21 13:34:06.139Z,3.0010,17,SYNTH
2026-04-21 13:34:07.228Z,2.9995,7,SYNTH
2026-04-21 13:34:08.889Z,2.9974,15,SYNTH
2026-04-21 13:34:09.760Z,3.0012,13,SYNTH
2026-04-21 13:34:10.002Z,3.0010,12,SYNTH
2026-04-21 13:34:11.009Z,2.9981,37,SYNTH
2026-04-21 13:34:12.650Z,3.0009,24,SYNTH
2026-04-21 13:34:13.481Z,2.9995,27,SYNTH
2026-04-21 13:34:14.268Z,3.0024,9,SYNTH
2026-04-21 13:34:15.840Z,2.9986,13,SYNTH
2026-04-21 13:34:16.778Z,3.0003,13,SYNTH
2026-04-21 13:34:17.152Z,2.9978,12,SYNTH
2026-04-21 13:34:18.525Z,3.0012,18,SYNTH
2026-04-21 13:34:19.074Z,2.9995,23,SYNTH
2026-04-21 13:34:20.785Z,3.0023,6,SYNTH
2026-04-21 13:34:21.628Z,2.9983,7,SYNTH
2026-04-21 13:34:22.232Z,2.9975,13,SYNTH
2026-04-21 13:34:23.314Z,3.0004,10,SYNTH
2026-04-21 13:34:24.874Z,3.0008,10,SYNTH
2026-04-21 13:34:25.669Z,3.0018,6,SYNTH
2026-04-21 13:34:26.395Z,2.9987,6,SYNTH
2026-04-21 13:34:27.016Z,2.9979,7,SYNTH
2026-04-21 13:34:28.072Z,2.9995,12,SYNTH
2026-04-21 13:34:29.075Z,3.0001,5,SYNTH
2026-04-21 13:34:30.448Z,3.0024,6,SYNTH
2026-04-21 13:34:31.368Z,2.9990,8,SYNTH
2026-04-21 13:34:32.842Z,2.9997,13,SYNTH
2026-04-21 13:34:33.284Z,3.0024,6,SYNTH
2026-04-21 13:34:34.818Z,2.9991,7,SYNTH
2026-04-21 13:34:35.572Z,3.0008,8,SYNTH
2026-04-21 13:34:36.080Z,3.0022,12,SYNTH
2026-04-21 13:34:37.213Z,3.0005,20,SYNTH
2026-04-21 13:34:38.451Z,3.0017,30,SYNTH
2026-04-21 13:34:39.601Z,3.0024,24,SYNTH
2026-04-21 13:34:40.563Z,2.9996,29,SYNTH
2026-04-21 13:34:41.276Z,2.9980,10,SYNTH
2026-04-21 13:34:42.181Z,3.0015,12,SYNTH
2026-04-21 13:34:43.818Z,2.9985,7,SYNTH
2026-04-21 13:34:44.804Z,3.0011,7,SYNTH
2026-04-21 13:34:45.593Z,3.0009,12,SYNTH
2026-04-21 13:34:46.231Z,2.9987,11,SYNTH
2026-04-21 13:34:47.124Z,3.0011,12,SYNTH
2026-04-21 13:34:48.732Z,2.9989,11,SYNTH
2026-04-21 13:34:49.686Z,3.0016,7,SYNTH
2026-04-21 13:34:50.305Z,3.0000,11,SYNTH
2026-04-21 13:34:51.172Z,2.9985,12,SYNTH
2026-04-21 13:34:52.789Z,3.0003,8,SYNTH
2026-04-21 13:34:53.732Z,3.0001,17,SYNTH
2026-04-21 13:34:54.468Z,3.0025,7,SYNTH
2026-04-21 13:34:55.097Z,2.9991,13,SYNTH
2026-04-21 13:34:56.085Z,2.9984,11,SYNTH
2026-04-21 13:34:57.067Z,3.0004,19,SYNTH
2026-04-21 13:34:58.489Z,2.9989,16,SYNTH
2026-04-21 13:34:59.164Z,3.0007,15,SYNTH
2026-04-21 13:37:00.882Z,3.0006,22,SYNTH
2026-04-21 13:37:01.290Z,2.9994,35,SYNTH
2026-04-21 13:37:02.222Z,2.9992,38,SYNTH
2026-04-21 13:37:03.734Z,3.0023,33,SYNTH
2026-04-21 13:37:04.752Z,2.9993,38,SYNTH
2026-04-21 13:37:05.289Z,3.0014,35,SYNTH
2026-04-21 13:37:06.327Z,2.9994,16,SYNTH
2026-04-21 13:37:07.089Z,2.9984,28,SYNTH
2026-04-21 13:37:08.475Z,3.0008,29,SYNTH
2026-04-21 13:37:09.828Z,3.0012,26,SYNTH
2026-04-21 13:37:10.850Z,3.0015,30,SYNTH
2026-04-21 13:37:11.739Z,2.9989,37,SYNTH
2026-04-21 13:37:12.452Z,2.9993,56,SYNTH
2026-04-21 13:37:13.677Z,3.0026,81,SYNTH
2026-04-21 13:37:14.733Z,3.0000,15,SYNTH
2026-04-21 13:37:15.815Z,3.0021,31,SYNTH
2026-04-21 13:37:16.687Z,2.9982,24,SYNTH
2026-04-21 13:37:17.382Z,3.0015,37,SYNTH
2026-04-21 13:37:18.322Z,2.9993,42,SYNTH
2026-04-21 13:37:19.049Z,3.0003,47,SYNTH
2026-04-21 13:37:20.082Z,2.9996,12,SYNTH
2026-04-21 13:37:21.733Z,3.0009,15,SYNTH
2026-04-21 13:37:22.471Z,2.9997,20,SYNTH
2026-04-21 13:37:23.702Z,2.9979,15,SYNTH
2026-04-21 13:37:24.472Z,3.0014,13,SYNTH
2026-04-21 13:37:25.726Z,3.0018,22,SYNTH
2026-04-21 13:37:26.125Z,3.0022,12,SYNTH
2026-04-21 13:37:27.401Z,2.9978,22,SYNTH
2026-04-21 13:37:28.337Z,3.0016,17,SYNTH
2026-04-21 13:37:29.005Z,2.9981,15,SYNTH
2026-04-21 13:37:30.160Z,3.0018,25,SYNTH
2026-04-21 13:37:31.327Z,2.9985,26,SYNTH
2026-04-21 13:37:32.141Z,3.0000,25,SYNTH
2026-04-21 13:37:33.773Z,3.0010,24,SYNTH
2026-04-21 13:37:34.734Z,2.9985,28,SYNTH
2026-04-21 13:37:35.157Z,2.9989,28,SYNTH
2026-04-21 13:37:36.668Z,3.0010,23,SYNTH
2026-04-21 13:37:37.669Z,2.9995,39,SYNTH
2026-04-21 13:37:38.393Z,3.0002,40,SYNTH
2026-04-21 13:37:39.367Z,2.9993,54,SYNTH
2026-04-21 13:37:40.737Z,3.0016,50,SYNTH
2026-04-21 13:37:41.390Z,3.0014,21,SYNTH
2026-04-21 13:37:42.506Z,2.9989,20,SYNTH
2026-04-21 13:37:43.779Z,3.0011,16,SYNTH
2026-04-21 13:37:44.209Z,2.9979,31,SYNTH
2026-04-21 13:37:45.881Z,2.9993,45,SYNTH
2026-04-21 13:37:46.872Z,3.0014,21,SYNTH
2026-04-21 13:37:47.576Z,3.0021,49,SYNTH
2026-04-21 13:37:48.497Z,2.9987,30,SYNTH
2026-04-21 13:37:49.220Z,3.0003,17,SYNTH
2026-04-21 13:37:50.748Z,3.0013,27,SYNTH
2026-04-21 13:37:51.168Z,3.0002,35,SYNTH
2026-04-21 13:37:52.041Z,2.9989,16,SYNTH
2026-04-21 13:37:53.218Z,3.0008,27,SYNTH
2026-04-21 13:37:54.876Z,2.9997,31,SYNTH
2026-04-21 13:37:55.236Z,3.0013,21,SYNTH
2026-04-21 13:37:56.271Z,3.0013,23,SYNTH
2026-04-21 13:37:57.681Z,2.9993,25,SYNTH
2026-04-21 13:37:58.321Z,2.9990,36,SYNTH
2026-04-21 13:37:59.689Z,2.9987,36,SYNTH
2026-04-21 13:50:00.633Z,3.0051,30,SYNTH
2026-04-21 13:50:01.294Z,3.0045,17,SYNTH
2026-04-21 13:50:02.200Z,3.0061,38,SYNTH
2026-04-21 13:50:03.186Z,3.0030,28,SYNTH
2026-04-21 13:50:04.480Z,3.0059,39,SYNTH
2026-04-21 13:50:05.347Z,3.0043,38,SYNTH
2026-04-21 13:50:06.204Z,3.0064,24,SYNTH
2026-04-21 13:50:07.048Z,3.0025,27,SYNTH
2026-04-21 13:50:08.405Z,3.0070,27,SYNTH
2026-04-21 13:50:09.248Z,3.0031,29,SYNTH
2026-04-21 13:50:10.200Z,3.0068,15,SYNTH
2026-04-21 13:50:11.697Z,3.0074,45,SYNTH
2026-04-21 13:50:12.321Z,3.0042,72,SYNTH
2026-04-21 13:50:13.493Z,3.0049,57,SYNTH
2026-04-21 13:50:14.279Z,3.0027,22,SYNTH
2026-04-21 13:50:15.218Z,3.0077,16,SYNTH
2026-04-21 13:50:16.346Z,3.0053,32,SYNTH
2026-04-21 13:50:17.231Z,3.0040,31,SYNTH
2026-04-21 13:50:18.376Z,3.0034,45,SYNTH
2026-04-21 13:50:19.182Z,3.0064,25,SYNTH
2026-04-21 13:50:20.088Z,3.0086,26,SYNTH
2026-04-21 13:50:21.766Z,3.0121,25,SYNTH
2026-04-21 13:50:22.804Z,3.0180,14,SYNTH
2026-04-21 13:50:23.137Z,3.0219,15,SYNTH
2026-04-21 13:50:24.385Z,3.0267,22,SYNTH
2026-04-21 13:50:25.722Z,3.0342,14,SYNTH
2026-04-21 13:50:26.369Z,3.0385,17,SYNTH
2026-04-21 13:50:27.055Z,3.0480,11,SYNTH
2026-04-21 13:50:28.776Z,3.0542,15,SYNTH
2026-04-21 13:50:29.704Z,3.0599,23,SYNTH
2026-04-21 13:50:30.098Z,3.0672,19,SYNTH
2026-04-21 13:50:31.790Z,3.0746,26,SYNTH
2026-04-21 13:50:32.789Z,3.0784,11,SYNTH
2026-04-21 13:50:33.255Z,3.0855,13,SYNTH
2026-04-21 13:50:34.129Z,3.0905,12,SYNTH
2026-04-21 13:50:35.839Z,3.0932,17,SYNTH
2026-04-21 13:50:36.486Z,3.0968,16,SYNTH
2026-04-21 13:50:37.519Z,3.0993,28,SYNTH
2026-04-21 13:50:38.117Z,3.1006,45,SYNTH
2026-04-21 13:50:39.313Z,3.0989,51,SYNTH
2026-04-21 13:50:40.297Z,3.0983,53,SYNTH
2026-04-21 13:50:41.334Z,3.0971,16,SYNTH
2026-04-21 13:50:42.193Z,3.0940,20,SYNTH
2026-04-21 13:50:43.739Z,3.0945,17,SYNTH
2026-04-21 13:50:44.645Z,3.0902,24,SYNTH
2026-04-21 13:50:45.416Z,3.0904,47,SYNTH
2026-04-21 13:50:46.381Z,3.0892,28,SYNTH
2026-04-21 13:50:47.630Z,3.0911,21,SYNTH
2026-04-21 13:50:48.656Z,3.0930,26,SYNTH
2026-04-21 13:50:49.535Z,3.0941,25,SYNTH
2026-04-21 13:50:50.350Z,3.0903,24,SYNTH
2026-04-21 13:50:51.778Z,3.0953,30,SYNTH
2026-04-21 13:50:52.106Z,3.0970,28,SYNTH
2026-04-21 13:50:53.820Z,3.0965,24,SYNTH
2026-04-21 13:50:54.735Z,3.0993,36,SYNTH
2026-04-21 13:50:55.257Z,3.0997,31,SYNTH
2026-04-21 13:50:56.155Z,3.0996,20,SYNTH
2026-04-21 13:50:57.810Z,3.1010,20,SYNTH
2026-04-21 13:50:58.764Z,3.1020,24,SYNTH
2026-04-21 13:50:59.792Z,3.0996,41,SYNTH
2026-04-21 14:48:00.237Z,3.1154,7,SYNTH
2026-04-21 14:48:01.007Z,3.1125,6,SYNTH
2026-04-21 14:48:02.498Z,3.1152,4,SYNTH
2026-04-21 14:48:03.535Z,3.1170,6,SYNTH
2026-04-21 14:48:04.709Z,3.1173,4,SYNTH
2026-04-21 14:48:05.596Z,3.1146,3,SYNTH
2026-04-21 14:48:06.697Z,3.1157,4,SYNTH
2026-04-21 14:48:07.065Z,3.1129,4,SYNTH
2026-04-21 14:48:08.083Z,3.1149,6,SYNTH
2026-04-21 14:48:09.438Z,3.1165,3,SYNTH
2026-04-21 14:48:10.373Z,3.1127,3,SYNTH
2026-04-21 14:48:11.380Z,3.1171,14,SYNTH
2026-04-21 14:48:12.546Z,3.1157,15,SYNTH
2026-04-21 14:48:13.054Z,3.1142,14,SYNTH
2026-04-21 14:48:14.470Z,3.1170,4,SYNTH
2026-04-21 14:48:15.453Z,3.1164,6,SYNTH
2026-04-21 14:48:16.717Z,3.1143,7,SYNTH
2026-04-21 14:48:17.124Z,3.1172,9,SYNTH
2026-04-21 14:48:18.029Z,3.1131,6,SYNTH
2026-04-21 14:48:19.744Z,3.1137,8,SYNTH
2026-04-21 14:48:20.887Z,3.1121,3,SYNTH
2026-04-21 14:48:21.070Z,3.1079,4,SYNTH
2026-04-21 14:48:22.706Z,3.1054,3,SYNTH
2026-04-21 14:48:23.096Z,3.1001,4,SYNTH
2026-04-21 14:48:24.142Z,3.0964,5,SYNTH
2026-04-21 14:48:25.377Z,3.0901,2,SYNTH
2026-04-21 14:48:26.293Z,3.0840,3,SYNTH
2026-04-21 14:48:27.242Z,3.0797,3,SYNTH
2026-04-21 14:48:28.863Z,3.0726,3,SYNTH
2026-04-21 14:48:29.143Z,3.0676,3,SYNTH
2026-04-21 14:48:30.004Z,3.0610,3,SYNTH
2026-04-21 14:48:31.714Z,3.0570,3,SYNTH
2026-04-21 14:48:32.666Z,3.0509,5,SYNTH
2026-04-21 14:48:33.637Z,3.0465,4,SYNTH
2026-04-21 14:48:34.189Z,3.0414,5,SYNTH
2026-04-21 14:48:35.244Z,3.0380,5,SYNTH
2026-04-21 14:48:36.843Z,3.0358,3,SYNTH
2026-04-21 14:48:37.182Z,3.0349,6,SYNTH
2026-04-21 14:48:38.884Z,3.0335,11,SYNTH
2026-04-21 14:48:39.622Z,3.0350,13,SYNTH
2026-04-21 14:48:40.648Z,3.0367,10,SYNTH
2026-04-21 14:48:41.630Z,3.0380,3,SYNTH
2026-04-21 14:48:42.749Z,3.0398,3,SYNTH
2026-04-21 14:48:43.088Z,3.0413,4,SYNTH
2026-04-21 14:48:44.861Z,3.0430,4,SYNTH
2026-04-21 14:48:45.649Z,3.0446,7,SYNTH
2026-04-21 14:48:46.324Z,3.0447,6,SYNTH
2026-04-21 14:48:47.014Z,3.0409,7,SYNTH
2026-04-21 14:48:48.137Z,3.0414,3,SYNTH
2026-04-21 14:48:49.822Z,3.0445,5,SYNTH
2026-04-21 14:48:50.325Z,3.0398,5,SYNTH
2026-04-21 14:48:51.375Z,3.0413,6,SYNTH
2026-04-21 14:48:52.260Z,3.0399,5,SYNTH
2026-04-21 14:48:53.420Z,3.0374,3,SYNTH
2026-04-21 14:48:54.628Z,3.0373,6,SYNTH
2026-04-21 14:48:55.182Z,3.0360,5,SYNTH
2026-04-21 14:48:56.169Z,3.0356,5,SYNTH
2026-04-21 14:48:57.885Z,3.0343,6,SYNTH
2026-04-21 14:48:58.707Z,3.0328,7,SYNTH
2026-04-21 14:48:59.804Z,3.0343,6,SYNTH
2026-04-21 15:02:00.300Z,3.0417,3,SYNTH
2026-04-21 15:02:01.886Z,3.0378,4,SYNTH
2026-04-21 15:02:02.457Z,3.0393,3,SYNTH
2026-04-21 15:02:03.446Z,3.0411,5,SYNTH
2026-04-21 15:02:04.779Z,3.0375,6,SYNTH
2026-04-21 15:02:05.316Z,3.0420,3,SYNTH
2026-04-21 15:02:06.577Z,3.0377,5,SYNTH
2026-04-21 15:02:07.643Z,3.0414,3,SYNTH
2026-04-21 15:02:08.132Z,3.0414,2,SYNTH
2026-04-21 15:02:09.536Z,3.0376,4,SYNTH
2026-04-21 15:02:10.210Z,3.0404,5,SYNTH
2026-04-21 15:02:11.167Z,3.0403,9,SYNTH
2026-04-21 15:02:12.865Z,3.0391,6,SYNTH
2026-04-21 15:02:13.451Z,3.0410,6,SYNTH
2026-04-21 15:02:14.086Z,3.0397,2,SYNTH
2026-04-21 15:02:15.309Z,3.0383,3,SYNTH
2026-04-21 15:02:16.857Z,3.0421,8,SYNTH
2026-04-21 15:02:17.820Z,3.0406,7,SYNTH
2026-04-21 15:02:18.827Z,3.0378,4,SYNTH
2026-04-21 15:02:19.589Z,3.0414,6,SYNTH
2026-04-21 15:02:20.267Z,3.0420,2,SYNTH
2026-04-21 15:02:21.042Z,3.0374,3,SYNTH
2026-04-21 15:02:22.348Z,3.0410,4,SYNTH
2026-04-21 15:02:23.519Z,3.0407,2,SYNTH
2026-04-21 15:02:24.611Z,3.0391,2,SYNTH
2026-04-21 15:02:25.616Z,3.0383,4,SYNTH
2026-04-21 15:02:26.526Z,3.0415,2,SYNTH
2026-04-21 15:02:27.786Z,3.0393,2,SYNTH
2026-04-21 15:02:28.036Z,3.0381,2,SYNTH
2026-04-21 15:02:29.395Z,3.0389,3,SYNTH
2026-04-21 15:02:30.021Z,3.0415,4,SYNTH
2026-04-21 15:02:31.396Z,3.0413,4,SYNTH
2026-04-21 15:02:32.352Z,3.0400,3,SYNTH
2026-04-21 15:02:33.371Z,3.0406,4,SYNTH
2026-04-21 15:02:34.222Z,3.0394,2,SYNTH
2026-04-21 15:02:35.494Z,3.0383,3,SYNTH
2026-04-21 15:02:36.067Z,3.0414,4,SYNTH
2026-04-21 15:02:37.267Z,3.0378,8,SYNTH
2026-04-21 15:02:38.468Z,3.0421,9,SYNTH
2026-04-21 15:02:39.861Z,3.0390,8,SYNTH
2026-04-21 15:02:40.803Z,3.0413,5,SYNTH
2026-04-21 15:02:41.496Z,3.0395,2,SYNTH
2026-04-21 15:02:42.462Z,3.0380,4,SYNTH
2026-04-21 15:02:43.273Z,3.0418,3,SYNTH
2026-04-21 15:02:44.390Z,3.0397,2,SYNTH
2026-04-21 15:02:45.104Z,3.0417,6,SYNTH
2026-04-21 15:02:46.636Z,3.0397,7,SYNTH
2026-04-21 15:02:47.087Z,3.0412,5,SYNTH
2026-04-21 15:02:48.696Z,3.0415,5,SYNTH
2026-04-21 15:02:49.547Z,3.0375,3,SYNTH
2026-04-21 15:02:50.496Z,3.0407,3,SYNTH
2026-04-21 15:02:51.567Z,3.0384,3,SYNTH
2026-04-21 15:02:52.844Z,3.0416,5,SYNTH
2026-04-21 15:02:53.102Z,3.0409,4,SYNTH
2026-04-21 15:02:54.329Z,3.0385,4,SYNTH
2026-04-21 15:02:55.246Z,3.0375,2,SYNTH
2026-04-21 15:02:56.789Z,3.0405,3,SYNTH
2026-04-21 15:02:57.571Z,3.0384,6,SYNTH
2026-04-21 15:02:58.778Z,3.0386,5,SYNTH
2026-04-21 15:02:59.366Z,3.0408,4,SYNTH
2026-04-21 15:12:00.284Z,3.0705,82,SYNTH
2026-04-21 15:12:01.319Z,3.0692,64,SYNTH
2026-04-21 15:12:02.579Z,3.0704,95,SYNTH
2026-04-21 15:12:03.824Z,3.0714,102,SYNTH
2026-04-21 15:12:04.241Z,3.0709,70,SYNTH
2026-04-21 15:12:05.462Z,3.0692,93,SYNTH
2026-04-21 15:12:06.262Z,3.0711,44,SYNTH
2026-04-21 15:12:07.086Z,3.0699,61,SYNTH
2026-04-21 15:12:08.574Z,3.0691,87,SYNTH
2026-04-21 15:12:09.723Z,3.0706,68,SYNTH
2026-04-21 15:12:10.166Z,3.0713,39,SYNTH
2026-04-21 15:12:11.462Z,3.0685,97,SYNTH
2026-04-21 15:12:12.804Z,3.0710,192,SYNTH
2026-04-21 15:12:13.132Z,3.0678,149,SYNTH
2026-04-21 15:12:14.854Z,3.0719,65,SYNTH
2026-04-21 15:12:15.498Z,3.0719,47,SYNTH
2026-04-21 15:12:16.783Z,3.0686,79,SYNTH
2026-04-21 15:12:17.102Z,3.0709,113,SYNTH
2026-04-21 15:12:18.418Z,3.0716,117,SYNTH
2026-04-21 15:12:19.341Z,3.0699,76,SYNTH
2026-04-21 15:12:20.604Z,3.0693,49,SYNTH
2026-04-21 15:12:21.235Z,3.0709,68,SYNTH
2026-04-21 15:12:22.760Z,3.0689,36,SYNTH
2026-04-21 15:12:23.195Z,3.0719,45,SYNTH
2026-04-21 15:12:24.240Z,3.0693,29,SYNTH
2026-04-21 15:12:25.787Z,3.0706,30,SYNTH
2026-04-21 15:12:26.717Z,3.0687,46,SYNTH
2026-04-21 15:12:27.496Z,3.0703,32,SYNTH
2026-04-21 15:12:28.756Z,3.0712,28,SYNTH
2026-04-21 15:12:29.481Z,3.0688,49,SYNTH
2026-04-21 15:12:30.219Z,3.0689,46,SYNTH
2026-04-21 15:12:31.837Z,3.0708,51,SYNTH
2026-04-21 15:12:32.215Z,3.0703,62,SYNTH
2026-04-21 15:12:33.076Z,3.0711,40,SYNTH
2026-04-21 15:12:34.500Z,3.0726,53,SYNTH
2026-04-21 15:12:35.778Z,3.0694,67,SYNTH
2026-04-21 15:12:36.822Z,3.0680,36,SYNTH
2026-04-21 15:12:37.080Z,3.0689,86,SYNTH
2026-04-21 15:12:38.792Z,3.0704,117,SYNTH
2026-04-21 15:12:39.206Z,3.0696,87,SYNTH
2026-04-21 15:12:40.353Z,3.0692,158,SYNTH
2026-04-21 15:12:41.668Z,3.0713,71,SYNTH
2026-04-21 15:12:42.473Z,3.0717,40,SYNTH
2026-04-21 15:12:43.217Z,3.0685,56,SYNTH
2026-04-21 15:12:44.171Z,3.0723,43,SYNTH
2026-04-21 15:12:45.639Z,3.0695,77,SYNTH
2026-04-21 15:12:46.077Z,3.0719,69,SYNTH
2026-04-21 15:12:47.858Z,3.0685,82,SYNTH
2026-04-21 15:12:48.748Z,3.0711,79,SYNTH
2026-04-21 15:12:49.654Z,3.0700,36,SYNTH
2026-04-21 15:12:50.148Z,3.0680,50,SYNTH
2026-04-21 15:12:51.485Z,3.0705,76,SYNTH
2026-04-21 15:12:52.159Z,3.0711,88,SYNTH
2026-04-21 15:12:53.644Z,3.0714,83,SYNTH
2026-04-21 15:12:54.215Z,3.0685,97,SYNTH
2026-04-21 15:12:55.325Z,3.0712,51,SYNTH
2026-04-21 15:12:56.164Z,3.0710,62,SYNTH
2026-04-21 15:12:57.168Z,3.0684,103,SYNTH
2026-04-21 15:12:58.329Z,3.0716,101,SYNTH
2026-04-21 15:12:59.448Z,3.0681,67,SYNTH
2026-04-21 15:52:00.606Z,3.3669,17,SYNTH
2026-04-21 15:52:01.041Z,3.3686,18,SYNTH
2026-04-21 15:52:02.451Z,3.3644,17,SYNTH
2026-04-21 15:52:03.110Z,3.3667,11,SYNTH
2026-04-21 15:52:04.147Z,3.3679,8,SYNTH
2026-04-21 15:52:05.347Z,3.3657,8,SYNTH
2026-04-21 15:52:06.878Z,3.3658,9,SYNTH
2026-04-21 15:52:07.394Z,3.3669,17,SYNTH
2026-04-21 15:52:08.665Z,3.3638,16,SYNTH
2026-04-21 15:52:09.311Z,3.3685,14,SYNTH
2026-04-21 15:52:10.250Z,3.3651,15,SYNTH
2026-04-21 15:52:11.262Z,3.3652,18,SYNTH
2026-04-21 15:52:12.439Z,3.3649,22,SYNTH
2026-04-21 15:52:13.167Z,3.3667,24,SYNTH
2026-04-21 15:52:14.274Z,3.3651,13,SYNTH
2026-04-21 15:52:15.756Z,3.3677,7,SYNTH
2026-04-21 15:52:16.291Z,3.3683,14,SYNTH
2026-04-21 15:52:17.619Z,3.3648,18,SYNTH
2026-04-21 15:52:18.290Z,3.3665,16,SYNTH
2026-04-21 15:52:19.148Z,3.3680,22,SYNTH
2026-04-21 15:52:20.145Z,3.3649,12,SYNTH
2026-04-21 15:52:21.832Z,3.3679,10,SYNTH
2026-04-21 15:52:22.450Z,3.3676,7,SYNTH
2026-04-21 15:52:23.558Z,3.3668,12,SYNTH
2026-04-21 15:52:24.529Z,3.3643,7,SYNTH
2026-04-21 15:52:25.335Z,3.3659,8,SYNTH
2026-04-21 15:52:26.094Z,3.3669,10,SYNTH
2026-04-21 15:52:27.711Z,3.3640,10,SYNTH
2026-04-21 15:52:28.375Z,3.3642,7,SYNTH
2026-04-21 15:52:29.144Z,3.3653,6,SYNTH
2026-04-21 15:52:30.111Z,3.3664,11,SYNTH
2026-04-21 15:52:31.795Z,3.3677,7,SYNTH
2026-04-21 15:52:32.354Z,3.3660,12,SYNTH
2026-04-21 15:52:33.793Z,3.3652,7,SYNTH
2026-04-21 15:52:34.381Z,3.3676,12,SYNTH
2026-04-21 15:52:35.700Z,3.3684,10,SYNTH
2026-04-21 15:52:36.017Z,3.3637,12,SYNTH
2026-04-21 15:52:37.243Z,3.3668,15,SYNTH
2026-04-21 15:52:38.282Z,3.3675,23,SYNTH
2026-04-21 15:52:39.762Z,3.3654,31,SYNTH
2026-04-21 15:52:40.606Z,3.3639,20,SYNTH
2026-04-21 15:52:41.559Z,3.3638,8,SYNTH
2026-04-21 15:52:42.653Z,3.3684,12,SYNTH
2026-04-21 15:52:43.686Z,3.3640,9,SYNTH
2026-04-21 15:52:44.847Z,3.3670,12,SYNTH
2026-04-21 15:52:45.894Z,3.3652,12,SYNTH
2026-04-21 15:52:46.192Z,3.3667,21,SYNTH
2026-04-21 15:52:47.218Z,3.3677,18,SYNTH
2026-04-21 15:52:48.646Z,3.3666,10,SYNTH
2026-04-21 15:52:49.508Z,3.3657,15,SYNTH
2026-04-21 15:52:50.341Z,3.3671,13,SYNTH
2026-04-21 15:52:51.413Z,3.3655,16,SYNTH
2026-04-21 15:52:52.691Z,3.3645,16,SYNTH
2026-04-21 15:52:53.094Z,3.3678,8,SYNTH
2026-04-21 15:52:54.794Z,3.3646,15,SYNTH
2026-04-21 15:52:55.008Z,3.3650,17,SYNTH
2026-04-21 15:52:56.829Z,3.3637,8,SYNTH
2026-04-21 15:52:57.750Z,3.3671,13,SYNTH
2026-04-21 15:52:58.088Z,3.3671,10,SYNTH
2026-04-21 15:52:59.591Z,3.3652,10,SYNTH
2026-04-21 16:43:00.098Z,3.3908,28,SYNTH
2026-04-21 16:43:01.641Z,3.3897,38,SYNTH
2026-04-21 16:43:02.279Z,3.3892,56,SYNTH
2026-04-21 16:43:03.530Z,3.3910,59,SYNTH
2026-04-21 16:43:04.821Z,3.3926,32,SYNTH
2026-04-21 16:43:05.854Z,3.3888,36,SYNTH
2026-04-21 16:43:06.490Z,3.3913,30,SYNTH
2026-04-21 16:43:07.893Z,3.3895,33,SYNTH
2026-04-21 16:43:08.735Z,3.3918,43,SYNTH
2026-04-21 16:43:09.184Z,3.3887,49,SYNTH
2026-04-21 16:43:10.631Z,3.3892,20,SYNTH
2026-04-21 16:43:11.319Z,3.3920,110,SYNTH
2026-04-21 16:43:12.542Z,3.3877,103,SYNTH
2026-04-21 16:43:13.805Z,3.3926,108,SYNTH
2026-04-21 16:43:14.741Z,3.3886,35,SYNTH
2026-04-21 16:43:15.110Z,3.3907,37,SYNTH
2026-04-21 16:43:16.028Z,3.3889,54,SYNTH
2026-04-21 16:43:17.536Z,3.3907,44,SYNTH
2026-04-21 16:43:18.888Z,3.3889,70,SYNTH
2026-04-21 16:43:19.708Z,3.3916,51,SYNTH
2026-04-21 16:43:20.694Z,3.3864,41,SYNTH
2026-04-21 16:43:21.131Z,3.3819,28,SYNTH
2026-04-21 16:43:22.629Z,3.3802,20,SYNTH
2026-04-21 16:43:23.530Z,3.3746,21,SYNTH
2026-04-21 16:43:24.365Z,3.3712,29,SYNTH
2026-04-21 16:43:25.706Z,3.3670,38,SYNTH
2026-04-21 16:43:26.131Z,3.3601,35,SYNTH
2026-04-21 16:43:27.045Z,3.3548,36,SYNTH
2026-04-21 16:43:28.515Z,3.3494,23,SYNTH
2026-04-21 16:43:29.307Z,3.3441,21,SYNTH
2026-04-21 16:43:30.299Z,3.3366,18,SYNTH
2026-04-21 16:43:31.406Z,3.3320,23,SYNTH
2026-04-21 16:43:32.344Z,3.3270,24,SYNTH
2026-04-21 16:43:33.651Z,3.3236,34,SYNTH
2026-04-21 16:43:34.436Z,3.3186,30,SYNTH
2026-04-21 16:43:35.755Z,3.3140,22,SYNTH
2026-04-21 16:43:36.840Z,3.3123,35,SYNTH
2026-04-21 16:43:37.279Z,3.3116,91,SYNTH
2026-04-21 16:43:38.411Z,3.3088,78,SYNTH
2026-04-21 16:43:39.411Z,3.3104,70,SYNTH
2026-04-21 16:43:40.644Z,3.3127,89,SYNTH
2026-04-21 16:43:41.045Z,3.3131,41,SYNTH
2026-04-21 16:43:42.693Z,3.3155,21,SYNTH
2026-04-21 16:43:43.811Z,3.3185,23,SYNTH
2026-04-21 16:43:44.562Z,3.3210,36,SYNTH
2026-04-21 16:43:45.363Z,3.3213,35,SYNTH
2026-04-21 16:43:46.473Z,3.3204,48,SYNTH
2026-04-21 16:43:47.616Z,3.3229,39,SYNTH
2026-04-21 16:43:48.643Z,3.3196,42,SYNTH
2026-04-21 16:43:49.097Z,3.3177,41,SYNTH
2026-04-21 16:43:50.891Z,3.3177,25,SYNTH
2026-04-21 16:43:51.672Z,3.3155,23,SYNTH
2026-04-21 16:43:52.414Z,3.3156,49,SYNTH
2026-04-21 16:43:53.105Z,3.3155,38,SYNTH
2026-04-21 16:43:54.462Z,3.3127,53,SYNTH
2026-04-21 16:43:55.683Z,3.3113,23,SYNTH
2026-04-21 16:43:56.823Z,3.3111,56,SYNTH
2026-04-21 16:43:57.261Z,3.3089,34,SYNTH
2026-04-21 16:43:58.250Z,3.3108,48,SYNTH
2026-04-21 16:43:59.730Z,3.3097,38,SYNTH
2026-04-21 17:25:00.010Z,3.3109,5,SYNTH
2026-04-21 17:25:01.799Z,3.3115,4,SYNTH
2026-04-21 17:25:02.391Z,3.3087,4,SYNTH
2026-04-21 17:25:03.470Z,3.3108,3,SYNTH
2026-04-21 17:25:04.460Z,3.3080,3,SYNTH
2026-04-21 17:25:05.341Z,3.3121,3,SYNTH
2026-04-21 17:25:06.856Z,3.3118,2,SYNTH
2026-04-21 17:25:07.129Z,3.3080,4,SYNTH
2026-04-21 17:25:08.848Z,3.3117,3,SYNTH
2026-04-21 17:25:09.043Z,3.3107,3,SYNTH
2026-04-21 17:25:10.192Z,3.3122,4,SYNTH
2026-04-21 17:25:11.459Z,3.3122,7,SYNTH
2026-04-21 17:25:12.454Z,3.3090,9,SYNTH
2026-04-21 17:25:13.360Z,3.3107,7,SYNTH
2026-04-21 17:25:14.326Z,3.3081,2,SYNTH
2026-04-21 17:25:15.652Z,3.3106,2,SYNTH
2026-04-21 17:25:16.552Z,3.3116,7,SYNTH
2026-04-21 17:25:17.689Z,3.3122,7,SYNTH
2026-04-21 17:25:18.096Z,3.3088,6,SYNTH
2026-04-21 17:25:19.571Z,3.3110,6,SYNTH
2026-04-21 17:25:20.013Z,3.3077,4,SYNTH
2026-04-21 17:25:21.719Z,3.3125,3,SYNTH
2026-04-21 17:25:22.378Z,3.3092,3,SYNTH
2026-04-21 17:25:23.231Z,3.3104,2,SYNTH
2026-04-21 17:25:24.497Z,3.3082,3,SYNTH
2026-04-21 17:25:25.545Z,3.3111,3,SYNTH
2026-04-21 17:25:26.731Z,3.3121,2,SYNTH
2026-04-21 17:25:27.010Z,3.3112,2,SYNTH
2026-04-21 17:25:28.054Z,3.3102,3,SYNTH
2026-04-21 17:25:29.153Z,3.3085,2,SYNTH
2026-04-21 17:25:30.181Z,3.3108,3,SYNTH
2026-04-21 17:25:31.878Z,3.3106,2,SYNTH
2026-04-21 17:25:32.188Z,3.3091,2,SYNTH
2026-04-21 17:25:33.093Z,3.3111,2,SYNTH
2026-04-21 17:25:34.341Z,3.3086,2,SYNTH
2026-04-21 17:25:35.499Z,3.3091,3,SYNTH
2026-04-21 17:25:36.441Z,3.3097,2,SYNTH
2026-04-21 17:25:37.022Z,3.3104,5,SYNTH
2026-04-21 17:25:38.438Z,3.3077,9,SYNTH
2026-04-21 17:25:39.448Z,3.3113,6,SYNTH
2026-04-21 17:25:40.468Z,3.3076,7,SYNTH
2026-04-21 17:25:41.581Z,3.3076,3,SYNTH
2026-04-21 17:25:42.122Z,3.3121,2,SYNTH
2026-04-21 17:25:43.143Z,3.3114,3,SYNTH
2026-04-21 17:25:44.570Z,3.3088,4,SYNTH
2026-04-21 17:25:45.715Z,3.3118,5,SYNTH
2026-04-21 17:25:46.064Z,3.3105,4,SYNTH
2026-04-21 17:25:47.608Z,3.3095,3,SYNTH
2026-04-21 17:25:48.384Z,3.3089,3,SYNTH
2026-04-21 17:25:49.456Z,3.3113,2,SYNTH
2026-04-21 17:25:50.162Z,3.3108,4,SYNTH
2026-04-21 17:25:51.835Z,3.3096,3,SYNTH
2026-04-21 17:25:52.303Z,3.3076,2,SYNTH
2026-04-21 17:25:53.035Z,3.3117,2,SYNTH
2026-04-21 17:25:54.330Z,3.3081,4,SYNTH
2026-04-21 17:25:55.527Z,3.3111,5,SYNTH
2026-04-21 17:25:56.664Z,3.3102,5,SYNTH
2026-04-21 17:25:57.461Z,3.3126,4,SYNTH
2026-04-21 17:25:58.795Z,3.3100,5,SYNTH
2026-04-21 17:25:59.507Z,3.3091,3,SYNTH
2026-04-21 17:39:00.290Z,3.3101,87,SYNTH
2026-04-21 17:39:01.696Z,3.3111,75,SYNTH
2026-04-21 17:39:02.870Z,3.3109,66,SYNTH
2026-04-21 17:39:03.462Z,3.3085,77,SYNTH
2026-04-21 17:39:04.059Z,3.3110,38,SYNTH
2026-04-21 17:39:05.613Z,3.3127,78,SYNTH
2026-04-21 17:39:06.178Z,3.3079,76,SYNTH
2026-04-21 17:39:07.161Z,3.3105,70,SYNTH
2026-04-21 17:39:08.335Z,3.3115,34,SYNTH
2026-04-21 17:39:09.435Z,3.3121,63,SYNTH
2026-04-21 17:39:10.179Z,3.3094,53,SYNTH
2026-04-21 17:39:11.776Z,3.3089,154,SYNTH
2026-04-21 17:39:12.179Z,3.3082,125,SYNTH
2026-04-21 17:39:13.355Z,3.3109,83,SYNTH
2026-04-21 17:39:14.042Z,3.3124,62,SYNTH
2026-04-21 17:39:15.398Z,3.3087,49,SYNTH
2026-04-21 17:39:16.496Z,3.3094,60,SYNTH
2026-04-21 17:39:17.036Z,3.3108,55,SYNTH
2026-04-21 17:39:18.793Z,3.3087,102,SYNTH
2026-04-21 17:39:19.731Z,3.3081,107,SYNTH
2026-04-21 17:39:20.274Z,3.3043,51,SYNTH
2026-04-21 17:39:21.586Z,3.3024,30,SYNTH
2026-04-21 17:39:22.159Z,3.2964,34,SYNTH
2026-04-21 17:39:23.891Z,3.2898,48,SYNTH
2026-04-21 17:39:24.638Z,3.2850,56,SYNTH
2026-04-21 17:39:25.827Z,3.2773,54,SYNTH
2026-04-21 17:39:26.842Z,3.2694,40,SYNTH
2026-04-21 17:39:27.411Z,3.2612,56,SYNTH
2026-04-21 17:39:28.091Z,3.2548,50,SYNTH
2026-04-21 17:39:29.700Z,3.2450,42,SYNTH
2026-04-21 17:39:30.010Z,3.2390,37,SYNTH
2026-04-21 17:39:31.036Z,3.2324,47,SYNTH
2026-04-21 17:39:32.755Z,3.2234,42,SYNTH
2026-04-21 17:39:33.447Z,3.2162,28,SYNTH
2026-04-21 17:39:34.253Z,3.2107,37,SYNTH
2026-04-21 17:39:35.240Z,3.2071,31,SYNTH
2026-04-21 17:39:36.291Z,3.2025,27,SYNTH
2026-04-21 17:39:37.756Z,3.2002,91,SYNTH
2026-04-21 17:39:38.184Z,3.1986,139,SYNTH
2026-04-21 17:39:39.566Z,3.2009,112,SYNTH
2026-04-21 17:39:40.267Z,3.2021,77,SYNTH
2026-04-21 17:39:41.022Z,3.2045,29,SYNTH
2026-04-21 17:39:42.492Z,3.2055,38,SYNTH
2026-04-21 17:39:43.117Z,3.2075,56,SYNTH
2026-04-21 17:39:44.515Z,3.2096,35,SYNTH
2026-04-21 17:39:45.357Z,3.2101,73,SYNTH
2026-04-21 17:39:46.862Z,3.2113,74,SYNTH
2026-04-21 17:39:47.827Z,3.2085,69,SYNTH
2026-04-21 17:39:48.363Z,3.2103,72,SYNTH
2026-04-21 17:39:49.626Z,3.2072,64,SYNTH
2026-04-21 17:39:50.374Z,3.2069,75,SYNTH
2026-04-21 17:39:51.124Z,3.2062,38,SYNTH
2026-04-21 17:39:52.880Z,3.2030,45,SYNTH
2026-04-21 17:39:53.822Z,3.2025,40,SYNTH
2026-04-21 17:39:54.099Z,3.2025,55,SYNTH
2026-04-21 17:39:55.029Z,3.1998,35,SYNTH
2026-04-21 17:39:56.242Z,3.2037,86,SYNTH
2026-04-21 17:39:57.051Z,3.2004,40,SYNTH
2026-04-21 17:39:58.457Z,3.1991,78,SYNTH
2026-04-21 17:39:59.183Z,3.2003,40,SYNTH
2026-04-21 17:41:00.002Z,3.2631,51,SYNTH
2026-04-21 17:41:01.002Z,3.2647,30,SYNTH
2026-04-21 17:41:02.867Z,3.2651,48,SYNTH
2026-04-21 17:41:03.694Z,3.2689,51,SYNTH
2026-04-21 17:41:04.611Z,3.2727,38,SYNTH
2026-04-21 17:41:05.498Z,3.2779,26,SYNTH
2026-04-21 17:41:06.663Z,3.2823,35,SYNTH
2026-04-21 17:41:07.416Z,3.2879,34,SYNTH
2026-04-21 17:41:08.776Z,3.2910,39,SYNTH
2026-04-21 17:41:09.460Z,3.2958,31,SYNTH
2026-04-21 17:41:10.511Z,3.2981,46,SYNTH
2026-04-21 17:41:11.679Z,3.3013,71,SYNTH
2026-04-21 17:41:12.390Z,3.2988,64,SYNTH
2026-04-21 17:41:13.452Z,3.2978,70,SYNTH
2026-04-21 17:41:14.299Z,3.2955,37,SYNTH
2026-04-21 17:41:15.086Z,3.2930,41,SYNTH
2026-04-21 17:41:16.331Z,3.2895,70,SYNTH
2026-04-21 17:41:17.661Z,3.2879,37,SYNTH
2026-04-21 17:41:18.084Z,3.2907,59,SYNTH
2026-04-21 17:41:19.623Z,3.2849,56,SYNTH
2026-04-21 17:41:20.204Z,3.2843,35,SYNTH
2026-04-21 17:41:21.633Z,3.2823,22,SYNTH
2026-04-21 17:41:22.683Z,3.2761,18,SYNTH
2026-04-21 17:41:23.559Z,3.2726,26,SYNTH
2026-04-21 17:41:24.826Z,3.2673,19,SYNTH
2026-04-21 17:41:25.313Z,3.2607,36,SYNTH
2026-04-21 17:41:26.832Z,3.2547,24,SYNTH
2026-04-21 17:41:27.459Z,3.2494,33,SYNTH
2026-04-21 17:41:28.391Z,3.2444,20,SYNTH
2026-04-21 17:41:29.317Z,3.2357,16,SYNTH
2026-04-21 17:41:30.846Z,3.2303,27,SYNTH
2026-04-21 17:41:31.895Z,3.2242,26,SYNTH
2026-04-21 17:41:32.255Z,3.2207,17,SYNTH
2026-04-21 17:41:33.814Z,3.2131,17,SYNTH
2026-04-21 17:41:34.652Z,3.2084,24,SYNTH
2026-04-21 17:41:35.082Z,3.2056,36,SYNTH
2026-04-21 17:41:36.064Z,3.2030,25,SYNTH
2026-04-21 17:41:37.880Z,3.1998,81,SYNTH
2026-04-21 17:41:38.504Z,3.1978,46,SYNTH
2026-04-21 17:41:39.499Z,3.2011,66,SYNTH
2026-04-21 17:41:40.283Z,3.2031,84,SYNTH
2026-04-21 17:41:41.376Z,3.2025,22,SYNTH
2026-04-21 17:41:42.420Z,3.2044,26,SYNTH
2026-04-21 17:41:43.004Z,3.2051,28,SYNTH
2026-04-21 17:41:44.790Z,3.2065,38,SYNTH
2026-04-21 17:41:45.059Z,3.2093,59,SYNTH
2026-04-21 17:41:46.134Z,3.2077,50,SYNTH
2026-04-21 17:41:47.354Z,3.2090,61,SYNTH
2026-04-21 17:41:48.819Z,3.2069,27,SYNTH
2026-04-21 17:41:49.749Z,3.2080,20,SYNTH
2026-04-21 17:41:50.195Z,3.2061,25,SYNTH
2026-04-21 17:41:51.468Z,3.2062,37,SYNTH
2026-04-21 17:41:52.142Z,3.2043,27,SYNTH
2026-04-21 17:41:53.232Z,3.2034,38,SYNTH
2026-04-21 17:41:54.288Z,3.2015,48,SYNTH
2026-04-21 17:41:55.652Z,3.2001,24,SYNTH
2026-04-21 17:41:56.485Z,3.2021,50,SYNTH
2026-04-21 17:41:57.140Z,3.1994,35,SYNTH
2026-04-21 17:41:58.642Z,3.1995,30,SYNTH
2026-04-21 17:41:59.554Z,3.1982,52,SYNTH
2026-04-21 17:43:00.472Z,3.2378,43,SYNTH
2026-04-21 17:43:01.684Z,3.2348,56,SYNTH
2026-04-21 17:43:02.813Z,3.2377,59,SYNTH
2026-04-21 17:43:03.268Z,3.2373,41,SYNTH
2026-04-21 17:43:04.399Z,3.2384,35,SYNTH
2026-04-21 17:43:05.229Z,3.2359,50,SYNTH
2026-04-21 17:43:06.085Z,3.2348,59,SYNTH
2026-04-21 17:43:07.182Z,3.2381,53,SYNTH
2026-04-21 17:43:08.179Z,3.2361,50,SYNTH
2026-04-21 17:43:09.329Z,3.2351,47,SYNTH
2026-04-21 17:43:10.280Z,3.2385,22,SYNTH
2026-04-21 17:43:11.694Z,3.2359,73,SYNTH
2026-04-21 17:43:12.717Z,3.2379,54,SYNTH
2026-04-21 17:43:13.528Z,3.2358,98,SYNTH
2026-04-21 17:43:14.133Z,3.2378,26,SYNTH
2026-04-21 17:43:15.462Z,3.2360,27,SYNTH
2026-04-21 17:43:16.356Z,3.2377,81,SYNTH
2026-04-21 17:43:17.326Z,3.2356,62,SYNTH
2026-04-21 17:43:18.578Z,3.2388,38,SYNTH
2026-04-21 17:43:19.617Z,3.2371,50,SYNTH
2026-04-21 17:43:20.173Z,3.2355,27,SYNTH
2026-04-21 17:43:21.579Z,3.2359,20,SYNTH
2026-04-21 17:43:22.275Z,3.2388,29,SYNTH
2026-04-21 17:43:23.720Z,3.2347,22,SYNTH
2026-04-21 17:43:24.595Z,3.2368,25,SYNTH
2026-04-21 17:43:25.772Z,3.2378,42,SYNTH
2026-04-21 17:43:26.340Z,3.2344,39,SYNTH
2026-04-21 17:43:27.577Z,3.2386,43,SYNTH
2026-04-21 17:43:28.057Z,3.2357,35,SYNTH
2026-04-21 17:43:29.340Z,3.2353,43,SYNTH
2026-04-21 17:43:30.094Z,3.2388,22,SYNTH
2026-04-21 17:43:31.028Z,3.2390,41,SYNTH
2026-04-21 17:43:32.429Z,3.2363,23,SYNTH
2026-04-21 17:43:33.809Z,3.2361,43,SYNTH
2026-04-21 17:43:34.738Z,3.2378,26,SYNTH
2026-04-21 17:43:35.398Z,3.2360,36,SYNTH
2026-04-21 17:43:36.616Z,3.2372,25,SYNTH
2026-04-21 17:43:37.119Z,3.2371,70,SYNTH
2026-04-21 17:43:38.333Z,3.2347,85,SYNTH
2026-04-21 17:43:39.427Z,3.2370,84,SYNTH
2026-04-21 17:43:40.587Z,3.2387,53,SYNTH
2026-04-21 17:43:41.610Z,3.2387,43,SYNTH
2026-04-21 17:43:42.813Z,3.2355,28,SYNTH
2026-04-21 17:43:43.000Z,3.2359,25,SYNTH
2026-04-21 17:43:44.454Z,3.2364,43,SYNTH
2026-04-21 17:43:45.350Z,3.2369,55,SYNTH
2026-04-21 17:43:46.667Z,3.2377,35,SYNTH
2026-04-21 17:43:47.060Z,3.2356,38,SYNTH
2026-04-21 17:43:48.131Z,3.2368,35,SYNTH
2026-04-21 17:43:49.557Z,3.2381,48,SYNTH
2026-04-21 17:43:50.402Z,3.2384,23,SYNTH
2026-04-21 17:43:51.000Z,3.2367,53,SYNTH
2026-04-21 17:43:52.536Z,3.2378,44,SYNTH
2026-04-21 17:43:53.699Z,3.2342,39,SYNTH
2026-04-21 17:43:54.081Z,3.2374,43,SYNTH
2026-04-21 17:43:55.269Z,3.2384,39,SYNTH
2026-04-21 17:43:56.426Z,3.2354,56,SYNTH
2026-04-21 17:43:57.883Z,3.2347,28,SYNTH
2026-04-21 17:43:58.041Z,3.2392,44,SYNTH
2026-04-21 17:43:59.889Z,3.2350,29,SYNTH
2026-04-21 17:44:00.120Z,3.0608,5,SYNTH
2026-04-21 17:44:01.155Z,3.0587,3,SYNTH
2026-04-21 17:44:02.039Z,3.0603,5,SYNTH
2026-04-21 17:44:03.125Z,3.0585,4,SYNTH
2026-04-21 17:44:04.862Z,3.0617,5,SYNTH
2026-04-21 17:44:05.700Z,3.0617,5,SYNTH
2026-04-21 17:44:06.128Z,3.0587,4,SYNTH
2026-04-21 17:44:07.543Z,3.0586,5,SYNTH
2026-04-21 17:44:08.458Z,3.0622,3,SYNTH
2026-04-21 17:44:09.380Z,3.0582,4,SYNTH
2026-04-21 17:44:10.679Z,3.0620,3,SYNTH
2026-04-21 17:44:11.342Z,3.0585,13,SYNTH
2026-04-21 17:44:12.038Z,3.0614,10,SYNTH
2026-04-21 17:44:13.729Z,3.0595,8,SYNTH
2026-04-21 17:44:14.155Z,3.0612,5,SYNTH
2026-04-21 17:44:15.074Z,3.0583,3,SYNTH
2026-04-21 17:44:16.031Z,3.0603,8,SYNTH
2026-04-21 17:44:17.356Z,3.0586,5,SYNTH
2026-04-21 17:44:18.575Z,3.0581,6,SYNTH
2026-04-21 17:44:19.379Z,3.0578,9,SYNTH
2026-04-21 17:44:20.557Z,3.0621,3,SYNTH
2026-04-21 17:44:21.129Z,3.0581,4,SYNTH
2026-04-21 17:44:22.682Z,3.0612,3,SYNTH
2026-04-21 17:44:23.459Z,3.0584,5,SYNTH
2026-04-21 17:44:24.892Z,3.0608,3,SYNTH
2026-04-21 17:44:25.811Z,3.0585,3,SYNTH
2026-04-21 17:44:26.352Z,3.0607,3,SYNTH
2026-04-21 17:44:27.758Z,3.0600,3,SYNTH
2026-04-21 17:44:28.125Z,3.0583,2,SYNTH
2026-04-21 17:44:29.023Z,3.0620,4,SYNTH
2026-04-21 17:44:30.761Z,3.0593,2,SYNTH
2026-04-21 17:44:31.843Z,3.0581,5,SYNTH
2026-04-21 17:44:32.332Z,3.0613,2,SYNTH
2026-04-21 17:44:33.297Z,3.0582,4,SYNTH
2026-04-21 17:44:34.475Z,3.0606,4,SYNTH
2026-04-21 17:44:35.837Z,3.0610,4,SYNTH
2026-04-21 17:44:36.422Z,3.0594,4,SYNTH
2026-04-21 17:44:37.393Z,3.0590,7,SYNTH
2026-04-21 17:44:38.675Z,3.0612,9,SYNTH
2026-04-21 17:44:39.834Z,3.0581,12,SYNTH
2026-04-21 17:44:40.605Z,3.0621,13,SYNTH
2026-04-21 17:44:41.306Z,3.0600,4,SYNTH
2026-04-21 17:44:42.134Z,3.0594,5,SYNTH
2026-04-21 17:44:43.612Z,3.0585,4,SYNTH
2026-04-21 17:44:44.417Z,3.0605,4,SYNTH
2026-04-21 17:44:45.436Z,3.0580,6,SYNTH
2026-04-21 17:44:46.879Z,3.0617,4,SYNTH
2026-04-21 17:44:47.214Z,3.0620,8,SYNTH
2026-04-21 17:44:48.585Z,3.0582,3,SYNTH
2026-04-21 17:44:49.589Z,3.0580,4,SYNTH
2026-04-21 17:44:50.479Z,3.0613,4,SYNTH
2026-04-21 17:44:51.321Z,3.0616,6,SYNTH
2026-04-21 17:44:52.081Z,3.0583,3,SYNTH
2026-04-21 17:44:53.482Z,3.0607,7,SYNTH
2026-04-21 17:44:54.566Z,3.0587,6,SYNTH
2026-04-21 17:44:55.669Z,3.0604,4,SYNTH
2026-04-21 17:44:56.403Z,3.0614,3,SYNTH
2026-04-21 17:44:57.192Z,3.0582,6,SYNTH
2026-04-21 17:44:58.708Z,3.0607,7,SYNTH
2026-04-21 17:44:59.856Z,3.0580,6,SYNTH
2026-04-21 17:52:00.681Z,3.0800,26,SYNTH
2026-04-21 17:52:01.685Z,3.0784,13,SYNTH
2026-04-21 17:52:02.826Z,3.0814,20,SYNTH
2026-04-21 17:52:03.467Z,3.0805,16,SYNTH
2026-04-21 17:52:04.643Z,3.0782,13,SYNTH
2026-04-21 17:52:05.249Z,3.0814,17,SYNTH
2026-04-21 17:52:06.093Z,3.0817,17,SYNTH
2026-04-21 17:52:07.607Z,3.0788,23,SYNTH
2026-04-21 17:52:08.057Z,3.0781,14,SYNTH
2026-04-21 17:52:09.737Z,3.0823,17,SYNTH
2026-04-21 17:52:10.605Z,3.0783,20,SYNTH
2026-04-21 17:52:11.368Z,3.0810,44,SYNTH
2026-04-21 17:52:12.370Z,3.0820,41,SYNTH
2026-04-21 17:52:13.606Z,3.0774,24,SYNTH
2026-04-21 17:52:14.230Z,3.0811,12,SYNTH
2026-04-21 17:52:15.292Z,3.0791,18,SYNTH
2026-04-21 17:52:16.894Z,3.0794,21,SYNTH
2026-04-21 17:52:17.357Z,3.0813,34,SYNTH
2026-04-21 17:52:18.870Z,3.0782,27,SYNTH
2026-04-21 17:52:19.457Z,3.0817,26,SYNTH
2026-04-21 17:52:20.856Z,3.0790,12,SYNTH
2026-04-21 17:52:21.556Z,3.0809,18,SYNTH
2026-04-21 17:52:22.612Z,3.0811,12,SYNTH
2026-04-21 17:52:23.025Z,3.0785,14,SYNTH
2026-04-21 17:52:24.643Z,3.0811,13,SYNTH
2026-04-21 17:52:25.373Z,3.0772,18,SYNTH
2026-04-21 17:52:26.751Z,3.0818,18,SYNTH
2026-04-21 17:52:27.511Z,3.0782,8,SYNTH
2026-04-21 17:52:28.007Z,3.0806,14,SYNTH
2026-04-21 17:52:29.421Z,3.0792,16,SYNTH
2026-04-21 17:52:30.782Z,3.0792,8,SYNTH
2026-04-21 17:52:31.219Z,3.0806,9,SYNTH
2026-04-21 17:52:32.628Z,3.0794,12,SYNTH
2026-04-21 17:52:33.101Z,3.0804,16,SYNTH
2026-04-21 17:52:34.006Z,3.0780,18,SYNTH
2026-04-21 17:52:35.464Z,3.0792,13,SYNTH
2026-04-21 17:52:36.395Z,3.0811,16,SYNTH
2026-04-21 17:52:37.855Z,3.0785,33,SYNTH
2026-04-21 17:52:38.204Z,3.0790,26,SYNTH
2026-04-21 17:52:39.893Z,3.0817,25,SYNTH
2026-04-21 17:52:40.291Z,3.0787,42,SYNTH
2026-04-21 17:52:41.755Z,3.0803,17,SYNTH
2026-04-21 17:52:42.050Z,3.0782,14,SYNTH
2026-04-21 17:52:43.155Z,3.0805,15,SYNTH
2026-04-21 17:52:44.341Z,3.0792,13,SYNTH
2026-04-21 17:52:45.214Z,3.0811,24,SYNTH
2026-04-21 17:52:46.110Z,3.0809,30,SYNTH
2026-04-21 17:52:47.547Z,3.0785,29,SYNTH
2026-04-21 17:52:48.567Z,3.0805,22,SYNTH
2026-04-21 17:52:49.484Z,3.0815,19,SYNTH
2026-04-21 17:52:50.434Z,3.0792,14,SYNTH
2026-04-21 17:52:51.677Z,3.0825,14,SYNTH
2026-04-21 17:52:52.568Z,3.0788,10,SYNTH
2026-04-21 17:52:53.257Z,3.0795,19,SYNTH
2026-04-21 17:52:54.017Z,3.0781,24,SYNTH
2026-04-21 17:52:55.725Z,3.0775,19,SYNTH
2026-04-21 17:52:56.647Z,3.0812,21,SYNTH
2026-04-21 17:52:57.379Z,3.0786,14,SYNTH
2026-04-21 17:52:58.128Z,3.0775,15,SYNTH
2026-04-21 17:52:59.391Z,3.0809,19,SYNTH
2026-04-21 18:02:00.856Z,3.0055,5,SYNTH
2026-04-21 18:02:01.384Z,3.0057,5,SYNTH
2026-04-21 18:02:02.244Z,3.0042,5,SYNTH
2026-04-21 18:02:03.356Z,3.0054,3,SYNTH
2026-04-21 18:02:04.135Z,3.0056,4,SYNTH
2026-04-21 18:02:05.114Z,3.0036,3,SYNTH
2026-04-21 18:02:06.060Z,3.0053,5,SYNTH
2026-04-21 18:02:07.667Z,3.0054,3,SYNTH
2026-04-21 18:02:08.273Z,3.0073,4,SYNTH
2026-04-21 18:02:09.471Z,3.0036,3,SYNTH
2026-04-21 18:02:10.011Z,3.0043,5,SYNTH
2026-04-21 18:02:11.331Z,3.0044,7,SYNTH
2026-04-21 18:02:12.450Z,3.0074,13,SYNTH
2026-04-21 18:02:13.646Z,3.0038,6,SYNTH
2026-04-21 18:02:14.185Z,3.0028,2,SYNTH
2026-04-21 18:02:15.370Z,3.0072,5,SYNTH
2026-04-21 18:02:16.395Z,3.0043,6,SYNTH
2026-04-21 18:02:17.614Z,3.0068,7,SYNTH
2026-04-21 18:02:18.683Z,3.0038,9,SYNTH
2026-04-21 18:02:19.301Z,3.0039,9,SYNTH
2026-04-21 18:02:20.101Z,3.0071,5,SYNTH
2026-04-21 18:02:21.267Z,3.0058,2,SYNTH
2026-04-21 18:02:22.762Z,3.0057,4,SYNTH
2026-04-21 18:02:23.532Z,3.0038,5,SYNTH
2026-04-21 18:02:24.770Z,3.0031,5,SYNTH
2026-04-21 18:02:25.347Z,3.0054,2,SYNTH
2026-04-21 18:02:26.409Z,3.0024,3,SYNTH
2026-04-21 18:02:27.369Z,3.0053,4,SYNTH
2026-04-21 18:02:28.408Z,3.0036,3,SYNTH
2026-04-21 18:02:29.680Z,3.0058,3,SYNTH
2026-04-21 18:02:30.740Z,3.0037,3,SYNTH
2026-04-21 18:02:31.314Z,3.0032,3,SYNTH
2026-04-21 18:02:32.580Z,3.0067,3,SYNTH
2026-04-21 18:02:33.823Z,3.0032,3,SYNTH
2026-04-21 18:02:34.799Z,3.0064,4,SYNTH
2026-04-21 18:02:35.679Z,3.0067,4,SYNTH
2026-04-21 18:02:36.372Z,3.0030,4,SYNTH
2026-04-21 18:02:37.498Z,3.0048,10,SYNTH
2026-04-21 18:02:38.060Z,3.0052,8,SYNTH
2026-04-21 18:02:39.728Z,3.0059,5,SYNTH
2026-04-21 18:02:40.271Z,3.0061,7,SYNTH
2026-04-21 18:02:41.046Z,3.0036,3,SYNTH
2026-04-21 18:02:42.858Z,3.0063,3,SYNTH
2026-04-21 18:02:43.283Z,3.0066,3,SYNTH
2026-04-21 18:02:44.189Z,3.0041,2,SYNTH
2026-04-21 18:02:45.320Z,3.0026,5,SYNTH
2026-04-21 18:02:46.780Z,3.0050,4,SYNTH
2026-04-21 18:02:47.845Z,3.0049,4,SYNTH
2026-04-21 18:02:48.384Z,3.0055,5,SYNTH
2026-04-21 18:02:49.641Z,3.0068,3,SYNTH
2026-04-21 18:02:50.767Z,3.0037,5,SYNTH
2026-04-21 18:02:51.292Z,3.0065,5,SYNTH
2026-04-21 18:02:52.784Z,3.0051,4,SYNTH
2026-04-21 18:02:53.508Z,3.0041,4,SYNTH
2026-04-21 18:02:54.387Z,3.0075,6,SYNTH
2026-04-21 18:02:55.023Z,3.0033,5,SYNTH
2026-04-21 18:02:56.346Z,3.0053,6,SYNTH
2026-04-21 18:02:57.377Z,3.0061,6,SYNTH
2026-04-21 18:02:58.116Z,3.0028,4,SYNTH
2026-04-21 18:02:59.519Z,3.0052,6,SYNTH
2026-04-21 18:08:00.505Z,3.0651,3,SYNTH
2026-04-21 18:08:01.783Z,3.0630,2,SYNTH
2026-04-21 18:08:02.010Z,3.0668,3,SYNTH
2026-04-21 18:08:03.644Z,3.0635,2,SYNTH
2026-04-21 18:08:04.255Z,3.0659,2,SYNTH
2026-04-21 18:08:05.012Z,3.0666,2,SYNTH
2026-04-21 18:08:06.250Z,3.0658,2,SYNTH
2026-04-21 18:08:07.760Z,3.0625,2,SYNTH
2026-04-21 18:08:08.355Z,3.0658,3,SYNTH
2026-04-21 18:08:09.514Z,3.0658,2,SYNTH
2026-04-21 18:08:10.526Z,3.0643,2,SYNTH
2026-04-21 18:08:11.395Z,3.0665,6,SYNTH
2026-04-21 18:08:12.068Z,3.0627,3,SYNTH
2026-04-21 18:08:13.738Z,3.0671,5,SYNTH
2026-04-21 18:08:14.325Z,3.0639,1,SYNTH
2026-04-21 18:08:15.095Z,3.0631,2,SYNTH
2026-04-21 18:08:16.561Z,3.0642,4,SYNTH
2026-04-21 18:08:17.333Z,3.0676,3,SYNTH
2026-04-21 18:08:18.836Z,3.0638,2,SYNTH
2026-04-21 18:08:19.037Z,3.0632,4,SYNTH
2026-04-21 18:08:20.458Z,3.0635,2,SYNTH
2026-04-21 18:08:21.226Z,3.0665,2,SYNTH
2026-04-21 18:08:22.599Z,3.0632,2,SYNTH
2026-04-21 18:08:23.020Z,3.0630,2,SYNTH
2026-04-21 18:08:24.063Z,3.0671,2,SYNTH
2026-04-21 18:08:25.568Z,3.0671,2,SYNTH
2026-04-21 18:08:26.238Z,3.0630,1,SYNTH
2026-04-21 18:08:27.847Z,3.0639,2,SYNTH
2026-04-21 18:08:28.073Z,3.0673,2,SYNTH
2026-04-21 18:08:29.848Z,3.0642,1,SYNTH
2026-04-21 18:08:30.863Z,3.0625,1,SYNTH
2026-04-21 18:08:31.348Z,3.0670,2,SYNTH
2026-04-21 18:08:32.526Z,3.0649,1,SYNTH
2026-04-21 18:08:33.859Z,3.0644,2,SYNTH
2026-04-21 18:08:34.185Z,3.0650,2,SYNTH
2026-04-21 18:08:35.349Z,3.0640,2,SYNTH
2026-04-21 18:08:36.218Z,3.0668,1,SYNTH
2026-04-21 18:08:37.540Z,3.0657,3,SYNTH
2026-04-21 18:08:38.110Z,3.0648,3,SYNTH
2026-04-21 18:08:39.614Z,3.0637,6,SYNTH
2026-04-21 18:08:40.563Z,3.0664,5,SYNTH
2026-04-21 18:08:41.281Z,3.0633,1,SYNTH
2026-04-21 18:08:42.444Z,3.0659,2,SYNTH
2026-04-21 18:08:43.121Z,3.0630,1,SYNTH
2026-04-21 18:08:44.381Z,3.0663,2,SYNTH
2026-04-21 18:08:45.865Z,3.0641,3,SYNTH
2026-04-21 18:08:46.694Z,3.0649,2,SYNTH
2026-04-21 18:08:47.771Z,3.0657,4,SYNTH
2026-04-21 18:08:48.668Z,3.0645,3,SYNTH
2026-04-21 18:08:49.712Z,3.0671,3,SYNTH
2026-04-21 18:08:50.618Z,3.0662,2,SYNTH
2026-04-21 18:08:51.574Z,3.0651,1,SYNTH
2026-04-21 18:08:52.224Z,3.0646,3,SYNTH
2026-04-21 18:08:53.231Z,3.0635,2,SYNTH
2026-04-21 18:08:54.708Z,3.0663,1,SYNTH
2026-04-21 18:08:55.613Z,3.0631,2,SYNTH
2026-04-21 18:08:56.235Z,3.0670,3,SYNTH
2026-04-21 18:08:57.707Z,3.0636,2,SYNTH
2026-04-21 18:08:58.686Z,3.0636,2,SYNTH
2026-04-21 18:08:59.105Z,3.0668,3,SYNTH
2026-04-21 18:10:00.347Z,3.0018,57,SYNTH
2026-04-21 18:10:01.518Z,3.0005,75,SYNTH
2026-04-21 18:10:02.366Z,3.0013,72,SYNTH
2026-04-21 18:10:03.088Z,2.9985,71,SYNTH
2026-04-21 18:10:04.518Z,3.0009,72,SYNTH
2026-04-21 18:10:05.721Z,2.9986,64,SYNTH
2026-04-21 18:10:06.697Z,2.9986,77,SYNTH
2026-04-21 18:10:07.591Z,2.9991,72,SYNTH
2026-04-21 18:10:08.592Z,3.0010,50,SYNTH
2026-04-21 18:10:09.193Z,3.0003,78,SYNTH
2026-04-21 18:10:10.860Z,2.9993,49,SYNTH
2026-04-21 18:10:11.822Z,3.0013,177,SYNTH
2026-04-21 18:10:12.652Z,2.9980,174,SYNTH
2026-04-21 18:10:13.583Z,3.0018,191,SYNTH
2026-04-21 18:10:14.242Z,2.9992,53,SYNTH
2026-04-21 18:10:15.658Z,3.0001,74,SYNTH
2026-04-21 18:10:16.815Z,3.0007,100,SYNTH
2026-04-21 18:10:17.343Z,3.0017,62,SYNTH
2026-04-21 18:10:18.541Z,2.9978,83,SYNTH
2026-04-21 18:10:19.436Z,2.9979,119,SYNTH
2026-04-21 18:10:20.628Z,2.9923,57,SYNTH
2026-04-21 18:10:21.654Z,2.9857,43,SYNTH
2026-04-21 18:10:22.158Z,2.9803,53,SYNTH
2026-04-21 18:10:23.057Z,2.9689,60,SYNTH
2026-04-21 18:10:24.363Z,2.9588,28,SYNTH
2026-04-21 18:10:25.118Z,2.9462,29,SYNTH
2026-04-21 18:10:26.002Z,2.9354,51,SYNTH
2026-04-21 18:10:27.570Z,2.9238,56,SYNTH
2026-04-21 18:10:28.035Z,2.9093,31,SYNTH
2026-04-21 18:10:29.340Z,2.8966,63,SYNTH
2026-04-21 18:10:30.588Z,2.8836,40,SYNTH
2026-04-21 18:10:31.517Z,2.8703,48,SYNTH
2026-04-21 18:10:32.307Z,2.8603,41,SYNTH
2026-04-21 18:10:33.780Z,2.8486,66,SYNTH
2026-04-21 18:10:34.059Z,2.8402,54,SYNTH
2026-04-21 18:10:35.537Z,2.8323,62,SYNTH
2026-04-21 18:10:36.067Z,2.8245,60,SYNTH
2026-04-21 18:10:37.789Z,2.8219,87,SYNTH
2026-04-21 18:10:38.630Z,2.8177,163,SYNTH
2026-04-21 18:10:39.555Z,2.8216,75,SYNTH
2026-04-21 18:10:40.524Z,2.8242,92,SYNTH
2026-04-21 18:10:41.816Z,2.8283,55,SYNTH
2026-04-21 18:10:42.018Z,2.8318,55,SYNTH
2026-04-21 18:10:43.129Z,2.8353,29,SYNTH
2026-04-21 18:10:44.459Z,2.8400,41,SYNTH
2026-04-21 18:10:45.793Z,2.8437,101,SYNTH
2026-04-21 18:10:46.101Z,2.8455,56,SYNTH
2026-04-21 18:10:47.669Z,2.8412,107,SYNTH
2026-04-21 18:10:48.264Z,2.8410,60,SYNTH
2026-04-21 18:10:49.473Z,2.8379,44,SYNTH
2026-04-21 18:10:50.210Z,2.8364,69,SYNTH
2026-04-21 18:10:51.130Z,2.8353,50,SYNTH
2026-04-21 18:10:52.499Z,2.8323,39,SYNTH
2026-04-21 18:10:53.198Z,2.8295,56,SYNTH
2026-04-21 18:10:54.528Z,2.8281,47,SYNTH
2026-04-21 18:10:55.606Z,2.8239,56,SYNTH
2026-04-21 18:10:56.388Z,2.8230,68,SYNTH
2026-04-21 18:10:57.195Z,2.8203,88,SYNTH
2026-04-21 18:10:58.464Z,2.8186,95,SYNTH
2026-04-21 18:10:59.394Z,2.8210,66,SYNTH
2026-04-21 18:12:00.647Z,2.7605,9,SYNTH
2026-04-21 18:12:01.246Z,2.7625,10,SYNTH
2026-04-21 18:12:02.865Z,2.7596,6,SYNTH
2026-04-21 18:12:03.895Z,2.7605,7,SYNTH
2026-04-21 18:12:04.777Z,2.7622,10,SYNTH
2026-04-21 18:12:05.336Z,2.7617,5,SYNTH
2026-04-21 18:12:06.157Z,2.7578,9,SYNTH
2026-04-21 18:12:07.154Z,2.7585,7,SYNTH
2026-04-21 18:12:08.794Z,2.7614,6,SYNTH
2026-04-21 18:12:09.318Z,2.7621,6,SYNTH
2026-04-21 18:12:10.278Z,2.7585,6,SYNTH
2026-04-21 18:12:11.189Z,2.7612,21,SYNTH
2026-04-21 18:12:12.244Z,2.7594,11,SYNTH
2026-04-21 18:12:13.450Z,2.7607,23,SYNTH
2026-04-21 18:12:14.701Z,2.7600,9,SYNTH
2026-04-21 18:12:15.787Z,2.7612,5,SYNTH
2026-04-21 18:12:16.267Z,2.7589,11,SYNTH
2026-04-21 18:12:17.826Z,2.7593,16,SYNTH
2026-04-21 18:12:18.634Z,2.7610,11,SYNTH
2026-04-21 18:12:19.065Z,2.7620,14,SYNTH
2026-04-21 18:12:20.183Z,2.7590,7,SYNTH
2026-04-21 18:12:21.110Z,2.7615,9,SYNTH
2026-04-21 18:12:22.443Z,2.7624,7,SYNTH
2026-04-21 18:12:23.216Z,2.7580,6,SYNTH
2026-04-21 18:12:24.418Z,2.7598,6,SYNTH
2026-04-21 18:12:25.481Z,2.7623,8,SYNTH
2026-04-21 18:12:26.217Z,2.7594,4,SYNTH
2026-04-21 18:12:27.506Z,2.7614,7,SYNTH
2026-04-21 18:12:28.768Z,2.7619,6,SYNTH
2026-04-21 18:12:29.623Z,2.7597,7,SYNTH
2026-04-21 18:12:30.364Z,2.7602,5,SYNTH
2026-04-21 18:12:31.315Z,2.7585,4,SYNTH
2026-04-21 18:12:32.489Z,2.7624,4,SYNTH
2026-04-21 18:12:33.485Z,2.7595,8,SYNTH
2026-04-21 18:12:34.285Z,2.7626,6,SYNTH
2026-04-21 18:12:35.092Z,2.7594,8,SYNTH
2026-04-21 18:12:36.564Z,2.7601,7,SYNTH
2026-04-21 18:12:37.815Z,2.7610,12,SYNTH
2026-04-21 18:12:38.154Z,2.7597,16,SYNTH
2026-04-21 18:12:39.151Z,2.7586,19,SYNTH
2026-04-21 18:12:40.211Z,2.7603,10,SYNTH
2026-04-21 18:12:41.743Z,2.7584,9,SYNTH
2026-04-21 18:12:42.379Z,2.7602,6,SYNTH
2026-04-21 18:12:43.409Z,2.7621,9,SYNTH
2026-04-21 18:12:44.066Z,2.7619,9,SYNTH
2026-04-21 18:12:45.119Z,2.7622,9,SYNTH
2026-04-21 18:12:46.556Z,2.7592,9,SYNTH
2026-04-21 18:12:47.100Z,2.7577,9,SYNTH
2026-04-21 18:12:48.815Z,2.7611,8,SYNTH
2026-04-21 18:12:49.340Z,2.7596,6,SYNTH
2026-04-21 18:12:50.484Z,2.7617,6,SYNTH
2026-04-21 18:12:51.668Z,2.7617,10,SYNTH
2026-04-21 18:12:52.269Z,2.7621,9,SYNTH
2026-04-21 18:12:53.882Z,2.7600,11,SYNTH
2026-04-21 18:12:54.115Z,2.7583,11,SYNTH
2026-04-21 18:12:55.801Z,2.7608,6,SYNTH
2026-04-21 18:12:56.631Z,2.7610,10,SYNTH
2026-04-21 18:12:57.325Z,2.7617,10,SYNTH
2026-04-21 18:12:58.884Z,2.7585,10,SYNTH
2026-04-21 18:12:59.630Z,2.7621,10,SYNTH
2026-04-21 18:16:00.288Z,2.8808,15,SYNTH
2026-04-21 18:16:01.717Z,2.8783,13,SYNTH
2026-04-21 18:16:02.296Z,2.8803,22,SYNTH
2026-04-21 18:16:03.414Z,2.8784,22,SYNTH
2026-04-21 18:16:04.612Z,2.8783,14,SYNTH
2026-04-21 18:16:05.863Z,2.8775,12,SYNTH
2026-04-21 18:16:06.239Z,2.8817,14,SYNTH
2026-04-21 18:16:07.835Z,2.8818,12,SYNTH
2026-04-21 18:16:08.418Z,2.8787,21,SYNTH
2026-04-21 18:16:09.003Z,2.8782,8,SYNTH
2026-04-21 18:16:10.081Z,2.8809,17,SYNTH
2026-04-21 18:16:11.766Z,2.8806,26,SYNTH
2026-04-21 18:16:12.846Z,2.8784,30,SYNTH
2026-04-21 18:16:13.201Z,2.8802,23,SYNTH
2026-04-21 18:16:14.890Z,2.8815,18,SYNTH
2026-04-21 18:16:15.033Z,2.8774,17,SYNTH
2026-04-21 18:16:16.429Z,2.8812,32,SYNTH
2026-04-21 18:16:17.803Z,2.8812,29,SYNTH
2026-04-21 18:16:18.728Z,2.8787,22,SYNTH
2026-04-21 18:16:19.699Z,2.8798,24,SYNTH
2026-04-21 18:16:20.503Z,2.8802,14,SYNTH
2026-04-21 18:16:21.158Z,2.8802,14,SYNTH
2026-04-21 18:16:22.841Z,2.8809,15,SYNTH
2026-04-21 18:16:23.148Z,2.8798,14,SYNTH
2026-04-21 18:16:24.532Z,2.8786,16,SYNTH
2026-04-21 18:16:25.033Z,2.8807,13,SYNTH
2026-04-21 18:16:26.101Z,2.8785,9,SYNTH
2026-04-21 18:16:27.239Z,2.8811,14,SYNTH
2026-04-21 18:16:28.199Z,2.8809,9,SYNTH
2026-04-21 18:16:29.328Z,2.8801,10,SYNTH
2026-04-21 18:16:30.160Z,2.8787,11,SYNTH
2026-04-21 18:16:31.717Z,2.8820,12,SYNTH
2026-04-21 18:16:32.782Z,2.8788,13,SYNTH
2026-04-21 18:16:33.813Z,2.8827,9,SYNTH
2026-04-21 18:16:34.228Z,2.8794,12,SYNTH
2026-04-21 18:16:35.184Z,2.8810,16,SYNTH
2026-04-21 18:16:36.683Z,2.8808,13,SYNTH
2026-04-21 18:16:37.539Z,2.8799,28,SYNTH
2026-04-21 18:16:38.113Z,2.8800,31,SYNTH
2026-04-21 18:16:39.441Z,2.8808,27,SYNTH
2026-04-21 18:16:40.885Z,2.8794,19,SYNTH
2026-04-21 18:16:41.557Z,2.8807,8,SYNTH
2026-04-21 18:16:42.084Z,2.8822,9,SYNTH
2026-04-21 18:16:43.844Z,2.8791,13,SYNTH
2026-04-21 18:16:44.540Z,2.8815,12,SYNTH
2026-04-21 18:16:45.890Z,2.8793,20,SYNTH
2026-04-21 18:16:46.613Z,2.8808,21,SYNTH
2026-04-21 18:16:47.790Z,2.8808,21,SYNTH
2026-04-21 18:16:48.163Z,2.8787,14,SYNTH
2026-04-21 18:16:49.335Z,2.8815,12,SYNTH
2026-04-21 18:16:50.287Z,2.8806,14,SYNTH
2026-04-21 18:16:51.309Z,2.8784,9,SYNTH
2026-04-21 18:16:52.065Z,2.8789,13,SYNTH
2026-04-21 18:16:53.861Z,2.8784,17,SYNTH
2026-04-21 18:16:54.766Z,2.8814,14,SYNTH
2026-04-21 18:16:55.789Z,2.8780,18,SYNTH
2026-04-21 18:16:56.798Z,2.8804,14,SYNTH
2026-04-21 18:16:57.563Z,2.8816,15,SYNTH
2026-04-21 18:16:58.083Z,2.8791,17,SYNTH
2026-04-21 18:16:59.853Z,2.8816,21,SYNTH
2026-04-21 18:22:00.322Z,2.7603,115,SYNTH
2026-04-21 18:22:01.086Z,2.7585,79,SYNTH
2026-04-21 18:22:02.652Z,2.7592,58,SYNTH
2026-04-21 18:22:03.106Z,2.7610,98,SYNTH
2026-04-21 18:22:04.012Z,2.7616,121,SYNTH
2026-04-21 18:22:05.577Z,2.7578,56,SYNTH
2026-04-21 18:22:06.565Z,2.7616,67,SYNTH
2026-04-21 18:22:07.356Z,2.7611,76,SYNTH
2026-04-21 18:22:08.713Z,2.7591,93,SYNTH
2026-04-21 18:22:09.447Z,2.7595,97,SYNTH
2026-04-21 18:22:10.465Z,2.7586,47,SYNTH
2026-04-21 18:22:11.233Z,2.7616,128,SYNTH
2026-04-21 18:22:12.570Z,2.7588,106,SYNTH
2026-04-21 18:22:13.829Z,2.7593,137,SYNTH
2026-04-21 18:22:14.388Z,2.7606,53,SYNTH
2026-04-21 18:22:15.449Z,2.7616,59,SYNTH
2026-04-21 18:22:16.271Z,2.7592,136,SYNTH
2026-04-21 18:22:17.291Z,2.7619,78,SYNTH
2026-04-21 18:22:18.099Z,2.7592,122,SYNTH
2026-04-21 18:22:19.380Z,2.7578,121,SYNTH
2026-04-21 18:22:20.118Z,2.7600,68,SYNTH
2026-04-21 18:22:21.785Z,2.7609,38,SYNTH
2026-04-21 18:22:22.450Z,2.7607,54,SYNTH
2026-04-21 18:22:23.899Z,2.7620,85,SYNTH
2026-04-21 18:22:24.486Z,2.7590,63,SYNTH
2026-04-21 18:22:25.160Z,2.7612,70,SYNTH
2026-04-21 18:22:26.084Z,2.7613,66,SYNTH
2026-04-21 18:22:27.663Z,2.7588,39,SYNTH
2026-04-21 18:22:28.811Z,2.7580,81,SYNTH
2026-04-21 18:22:29.350Z,2.7605,77,SYNTH
2026-04-21 18:22:30.112Z,2.7592,74,SYNTH
2026-04-21 18:22:31.291Z,2.7614,82,SYNTH
2026-04-21 18:22:32.715Z,2.7582,48,SYNTH
2026-04-21 18:22:33.347Z,2.7580,65,SYNTH
2026-04-21 18:22:34.139Z,2.7612,78,SYNTH
2026-04-21 18:22:35.012Z,2.7593,82,SYNTH
2026-04-21 18:22:36.761Z,2.7615,65,SYNTH
2026-04-21 18:22:37.270Z,2.7587,163,SYNTH
2026-04-21 18:22:38.078Z,2.7612,179,SYNTH
2026-04-21 18:22:39.520Z,2.7614,211,SYNTH
2026-04-21 18:22:40.391Z,2.7613,188,SYNTH
2026-04-21 18:22:41.120Z,2.7579,70,SYNTH
2026-04-21 18:22:42.195Z,2.7610,59,SYNTH
2026-04-21 18:22:43.433Z,2.7618,42,SYNTH
2026-04-21 18:22:44.897Z,2.7619,64,SYNTH
2026-04-21 18:22:45.176Z,2.7587,98,SYNTH
2026-04-21 18:22:46.448Z,2.7625,88,SYNTH
2026-04-21 18:22:47.646Z,2.7595,147,SYNTH
2026-04-21 18:22:48.106Z,2.7612,47,SYNTH
2026-04-21 18:22:49.424Z,2.7585,44,SYNTH
2026-04-21 18:22:50.526Z,2.7580,58,SYNTH
2026-04-21 18:22:51.030Z,2.7604,79,SYNTH
2026-04-21 18:22:52.661Z,2.7598,66,SYNTH
2026-04-21 18:22:53.322Z,2.7624,60,SYNTH
2026-04-21 18:22:54.231Z,2.7607,73,SYNTH
2026-04-21 18:22:55.707Z,2.7593,97,SYNTH
2026-04-21 18:22:56.846Z,2.7618,113,SYNTH
2026-04-21 18:22:57.831Z,2.7618,62,SYNTH
2026-04-21 18:22:58.078Z,2.7592,77,SYNTH
2026-04-21 18:22:59.296Z,2.7617,123,SYNTH
2026-04-21 19:22:00.275Z,2.8953,56,SYNTH
2026-04-21 19:22:01.236Z,2.8971,41,SYNTH
2026-04-21 19:22:02.853Z,2.8949,42,SYNTH
2026-04-21 19:22:03.594Z,2.8963,45,SYNTH
2026-04-21 19:22:04.187Z,2.8940,53,SYNTH
2026-04-21 19:22:05.303Z,2.8939,41,SYNTH
2026-04-21 19:22:06.115Z,2.8961,27,SYNTH
2026-04-21 19:22:07.683Z,2.8929,21,SYNTH
2026-04-21 19:22:08.380Z,2.8954,42,SYNTH
2026-04-21 19:22:09.666Z,2.8961,33,SYNTH
2026-04-21 19:22:10.095Z,2.8939,29,SYNTH
2026-04-21 19:22:11.133Z,2.8928,59,SYNTH
2026-04-21 19:22:12.703Z,2.8951,105,SYNTH
2026-04-21 19:22:13.736Z,2.8932,74,SYNTH
2026-04-21 19:22:14.753Z,2.8955,18,SYNTH
2026-04-21 19:22:15.724Z,2.8950,37,SYNTH
2026-04-21 19:22:16.091Z,2.8929,62,SYNTH
2026-04-21 19:22:17.500Z,2.8936,56,SYNTH
2026-04-21 19:22:18.002Z,2.8966,38,SYNTH
2026-04-21 19:22:19.467Z,2.8958,50,SYNTH
2026-04-21 19:22:20.740Z,2.8963,22,SYNTH
2026-04-21 19:22:21.831Z,2.8962,22,SYNTH
2026-04-21 19:22:22.735Z,2.8961,24,SYNTH
2026-04-21 19:22:23.330Z,2.8956,21,SYNTH
2026-04-21 19:22:24.773Z,2.8940,33,SYNTH
2026-04-21 19:22:25.056Z,2.8956,26,SYNTH
2026-04-21 19:22:26.612Z,2.8936,33,SYNTH
2026-04-21 19:22:27.396Z,2.8945,17,SYNTH
2026-04-21 19:22:28.376Z,2.8943,22,SYNTH
2026-04-21 19:22:29.071Z,2.8933,34,SYNTH
2026-04-21 19:22:30.891Z,2.8963,29,SYNTH
2026-04-21 19:22:31.519Z,2.8961,36,SYNTH
2026-04-21 19:22:32.568Z,2.8964,32,SYNTH
2026-04-21 19:22:33.139Z,2.8946,19,SYNTH
2026-04-21 19:22:34.785Z,2.8965,22,SYNTH
2026-04-21 19:22:35.477Z,2.8943,27,SYNTH
2026-04-21 19:22:36.139Z,2.8965,21,SYNTH
2026-04-21 19:22:37.525Z,2.8934,86,SYNTH
2026-04-21 19:22:38.093Z,2.8967,91,SYNTH
2026-04-21 19:22:39.263Z,2.8934,43,SYNTH
2026-04-21 19:22:40.739Z,2.8934,61,SYNTH
2026-04-21 19:22:41.758Z,2.8953,20,SYNTH
2026-04-21 19:22:42.032Z,2.8975,28,SYNTH
2026-04-21 19:22:43.403Z,2.8944,23,SYNTH
2026-04-21 19:22:44.461Z,2.8961,34,SYNTH
2026-04-21 19:22:45.454Z,2.8944,37,SYNTH
2026-04-21 19:22:46.314Z,2.8951,45,SYNTH
2026-04-21 19:22:47.742Z,2.8974,34,SYNTH
2026-04-21 19:22:48.618Z,2.8976,40,SYNTH
2026-04-21 19:22:49.382Z,2.8931,33,SYNTH
2026-04-21 19:22:50.652Z,2.8969,24,SYNTH
2026-04-21 19:22:51.268Z,2.8931,29,SYNTH
2026-04-21 19:22:52.466Z,2.8963,44,SYNTH
2026-04-21 19:22:53.883Z,2.8977,26,SYNTH
2026-04-21 19:22:54.027Z,2.8971,35,SYNTH
2026-04-21 19:22:55.711Z,2.8937,27,SYNTH
2026-04-21 19:22:56.457Z,2.8962,37,SYNTH
2026-04-21 19:22:57.099Z,2.8940,49,SYNTH
2026-04-21 19:22:58.846Z,2.8960,52,SYNTH
2026-04-21 19:22:59.736Z,2.8944,36,SYNTH
2026-04-21 19:37:00.137Z,2.8212,40,SYNTH
2026-04-21 19:37:01.743Z,2.8214,42,SYNTH
2026-04-21 19:37:02.402Z,2.8180,41,SYNTH
2026-04-21 19:37:03.104Z,2.8209,27,SYNTH
2026-04-21 19:37:04.721Z,2.8216,35,SYNTH
2026-04-21 19:37:05.685Z,2.8184,18,SYNTH
2026-04-21 19:37:06.424Z,2.8211,30,SYNTH
2026-04-21 19:37:07.364Z,2.8191,19,SYNTH
2026-04-21 19:37:08.684Z,2.8189,26,SYNTH
2026-04-21 19:37:09.563Z,2.8218,23,SYNTH
2026-04-21 19:37:10.425Z,2.8196,35,SYNTH
2026-04-21 19:37:11.676Z,2.8219,76,SYNTH
2026-04-21 19:37:12.381Z,2.8191,56,SYNTH
2026-04-21 19:37:13.097Z,2.8187,56,SYNTH
2026-04-21 19:37:14.511Z,2.8215,19,SYNTH
2026-04-21 19:37:15.688Z,2.8221,16,SYNTH
2026-04-21 19:37:16.388Z,2.8190,43,SYNTH
2026-04-21 19:37:17.380Z,2.8175,47,SYNTH
2026-04-21 19:37:18.716Z,2.8218,44,SYNTH
2026-04-21 19:37:19.118Z,2.8180,28,SYNTH
2026-04-21 19:37:20.006Z,2.8202,27,SYNTH
2026-04-21 19:37:21.848Z,2.8218,15,SYNTH
2026-04-21 19:37:22.133Z,2.8219,24,SYNTH
2026-04-21 19:37:23.384Z,2.8193,23,SYNTH
2026-04-21 19:37:24.681Z,2.8192,28,SYNTH
2026-04-21 19:37:25.646Z,2.8217,16,SYNTH
2026-04-21 19:37:26.181Z,2.8209,18,SYNTH
2026-04-21 19:37:27.060Z,2.8191,16,SYNTH
2026-04-21 19:37:28.188Z,2.8182,20,SYNTH
2026-04-21 19:37:29.656Z,2.8210,12,SYNTH
2026-04-21 19:37:30.346Z,2.8209,23,SYNTH
2026-04-21 19:37:31.244Z,2.8175,15,SYNTH
2026-04-21 19:37:32.833Z,2.8214,16,SYNTH
2026-04-21 19:37:33.125Z,2.8200,28,SYNTH
2026-04-21 19:37:34.341Z,2.8188,27,SYNTH
2026-04-21 19:37:35.220Z,2.8190,25,SYNTH
2026-04-21 19:37:36.093Z,2.8225,18,SYNTH
2026-04-21 19:37:37.389Z,2.8181,64,SYNTH
2026-04-21 19:37:38.606Z,2.8222,33,SYNTH
2026-04-21 19:37:39.525Z,2.8192,44,SYNTH
2026-04-21 19:37:40.200Z,2.8222,62,SYNTH
2026-04-21 19:37:41.711Z,2.8197,30,SYNTH
2026-04-21 19:37:42.769Z,2.8216,22,SYNTH
2026-04-21 19:37:43.502Z,2.8191,16,SYNTH
2026-04-21 19:37:44.411Z,2.8183,14,SYNTH
2026-04-21 19:37:45.229Z,2.8183,44,SYNTH
2026-04-21 19:37:46.822Z,2.8185,31,SYNTH
2026-04-21 19:37:47.115Z,2.8201,36,SYNTH
2026-04-21 19:37:48.137Z,2.8210,26,SYNTH
2026-04-21 19:37:49.370Z,2.8207,23,SYNTH
2026-04-21 19:37:50.580Z,2.8182,17,SYNTH
2026-04-21 19:37:51.453Z,2.8204,31,SYNTH
2026-04-21 19:37:52.607Z,2.8223,29,SYNTH
2026-04-21 19:37:53.780Z,2.8195,35,SYNTH
2026-04-21 19:37:54.799Z,2.8189,28,SYNTH
2026-04-21 19:37:55.565Z,2.8211,22,SYNTH
2026-04-21 19:37:56.729Z,2.8224,28,SYNTH
2026-04-21 19:37:57.517Z,2.8185,34,SYNTH
2026-04-21 19:37:58.508Z,2.8201,30,SYNTH
2026-04-21 19:37:59.401Z,2.8203,45,SYNTH
2026-04-21 19:42:00.564Z,2.7505,8,SYNTH
2026-04-21 19:42:01.771Z,2.7485,10,SYNTH
2026-04-21 19:42:02.820Z,2.7514,8,SYNTH
2026-04-21 19:42:03.151Z,2.7485,6,SYNTH
2026-04-21 19:42:04.414Z,2.7485,9,SYNTH
2026-04-21 19:42:05.447Z,2.7510,9,SYNTH
2026-04-21 19:42:06.140Z,2.7498,4,SYNTH
2026-04-21 19:42:07.526Z,2.7487,5,SYNTH
2026-04-21 19:42:08.488Z,2.7490,4,SYNTH
2026-04-21 19:42:09.438Z,2.7518,8,SYNTH
2026-04-21 19:42:10.845Z,2.7487,8,SYNTH
2026-04-21 19:42:11.116Z,2.7511,8,SYNTH
2026-04-21 19:42:12.313Z,2.7517,13,SYNTH
2026-04-21 19:42:13.514Z,2.7510,12,SYNTH
2026-04-21 19:42:14.519Z,2.7491,6,SYNTH
2026-04-21 19:42:15.425Z,2.7515,4,SYNTH
2026-04-21 19:42:16.567Z,2.7480,12,SYNTH
2026-04-21 19:42:17.247Z,2.7501,11,SYNTH
2026-04-21 19:42:18.713Z,2.7513,9,SYNTH
2026-04-21 19:42:19.490Z,2.7485,7,SYNTH
2026-04-21 19:42:20.437Z,2.7517,7,SYNTH
2026-04-21 19:42:21.164Z,2.7511,6,SYNTH
2026-04-21 19:42:22.344Z,2.7485,3,SYNTH
2026-04-21 19:42:23.641Z,2.7509,4,SYNTH
2026-04-21 19:42:24.870Z,2.7478,5,SYNTH
2026-04-21 19:42:25.510Z,2.7508,5,SYNTH
2026-04-21 19:42:26.069Z,2.7513,3,SYNTH
2026-04-21 19:42:27.167Z,2.7493,4,SYNTH
2026-04-21 19:42:28.256Z,2.7523,4,SYNTH
2026-04-21 19:42:29.890Z,2.7497,6,SYNTH
2026-04-21 19:42:30.248Z,2.7525,4,SYNTH
2026-04-21 19:42:31.227Z,2.7484,6,SYNTH
2026-04-21 19:42:32.665Z,2.7507,5,SYNTH
2026-04-21 19:42:33.701Z,2.7503,4,SYNTH
2026-04-21 19:42:34.727Z,2.7509,5,SYNTH
2026-04-21 19:42:35.044Z,2.7490,6,SYNTH
2026-04-21 19:42:36.847Z,2.7513,5,SYNTH
2026-04-21 19:42:37.491Z,2.7509,9,SYNTH
2026-04-21 19:42:38.112Z,2.7486,16,SYNTH
2026-04-21 19:42:39.768Z,2.7518,9,SYNTH
2026-04-21 19:42:40.741Z,2.7481,16,SYNTH
2026-04-21 19:42:41.142Z,2.7507,6,SYNTH
2026-04-21 19:42:42.414Z,2.7503,6,SYNTH
2026-04-21 19:42:43.310Z,2.7496,7,SYNTH
2026-04-21 19:42:44.050Z,2.7480,5,SYNTH
2026-04-21 19:42:45.791Z,2.7501,11,SYNTH
2026-04-21 19:42:46.100Z,2.7515,6,SYNTH
2026-04-21 19:42:47.614Z,2.7511,10,SYNTH
2026-04-21 19:42:48.435Z,2.7489,7,SYNTH
2026-04-21 19:42:49.129Z,2.7506,5,SYNTH
2026-04-21 19:42:50.668Z,2.7480,6,SYNTH
2026-04-21 19:42:51.886Z,2.7510,7,SYNTH
2026-04-21 19:42:52.195Z,2.7488,5,SYNTH
2026-04-21 19:42:53.694Z,2.7519,9,SYNTH
2026-04-21 19:42:54.215Z,2.7483,6,SYNTH
2026-04-21 19:42:55.879Z,2.7508,6,SYNTH
2026-04-21 19:42:56.887Z,2.7490,6,SYNTH
2026-04-21 19:42:57.521Z,2.7520,5,SYNTH
2026-04-21 19:42:58.520Z,2.7484,9,SYNTH
2026-04-21 19:42:59.416Z,2.7503,10,SYNTH
2026-04-21 19:47:00.073Z,2.7503,2,SYNTH
2026-04-21 19:47:01.183Z,2.7488,2,SYNTH
2026-04-21 19:47:02.255Z,2.7509,3,SYNTH
2026-04-21 19:47:03.213Z,2.7520,2,SYNTH
2026-04-21 19:47:04.874Z,2.7492,3,SYNTH
2026-04-21 19:47:05.634Z,2.7516,3,SYNTH
2026-04-21 19:47:06.814Z,2.7495,2,SYNTH
2026-04-21 19:47:07.872Z,2.7507,1,SYNTH
2026-04-21 19:47:08.481Z,2.7515,3,SYNTH
2026-04-21 19:47:09.171Z,2.7514,2,SYNTH
2026-04-21 19:47:10.627Z,2.7480,3,SYNTH
2026-04-21 19:47:11.180Z,2.7479,4,SYNTH
2026-04-21 19:47:12.390Z,2.7517,7,SYNTH
2026-04-21 19:47:13.433Z,2.7515,5,SYNTH
2026-04-21 19:47:14.190Z,2.7485,2,SYNTH
2026-04-21 19:47:15.703Z,2.7517,2,SYNTH
2026-04-21 19:47:16.385Z,2.7508,3,SYNTH
2026-04-21 19:47:17.065Z,2.7510,3,SYNTH
2026-04-21 19:47:18.210Z,2.7492,2,SYNTH
2026-04-21 19:47:19.780Z,2.7477,4,SYNTH
2026-04-21 19:47:20.287Z,2.7507,2,SYNTH
2026-04-21 19:47:21.279Z,2.7506,1,SYNTH
2026-04-21 19:47:22.029Z,2.7509,2,SYNTH
2026-04-21 19:47:23.658Z,2.7490,1,SYNTH
2026-04-21 19:47:24.050Z,2.7511,1,SYNTH
2026-04-21 19:47:25.134Z,2.7521,2,SYNTH
2026-04-21 19:47:26.569Z,2.7478,1,SYNTH
2026-04-21 19:47:27.038Z,2.7516,1,SYNTH
2026-04-21 19:47:28.349Z,2.7494,2,SYNTH
2026-04-21 19:47:29.308Z,2.7499,1,SYNTH
2026-04-21 19:47:30.769Z,2.7515,1,SYNTH
2026-04-21 19:47:31.269Z,2.7524,1,SYNTH
2026-04-21 19:47:32.033Z,2.7500,2,SYNTH
2026-04-21 19:47:33.303Z,2.7482,2,SYNTH
2026-04-21 19:47:34.580Z,2.7508,2,SYNTH
2026-04-21 19:47:35.261Z,2.7494,2,SYNTH
2026-04-21 19:47:36.838Z,2.7496,1,SYNTH
2026-04-21 19:47:37.779Z,2.7519,4,SYNTH
2026-04-21 19:47:38.313Z,2.7484,5,SYNTH
2026-04-21 19:47:39.751Z,2.7476,3,SYNTH
2026-04-21 19:47:40.569Z,2.7515,3,SYNTH
2026-04-21 19:47:41.650Z,2.7511,2,SYNTH
2026-04-21 19:47:42.629Z,2.7513,1,SYNTH
2026-04-21 19:47:43.253Z,2.7481,2,SYNTH
2026-04-21 19:47:44.075Z,2.7512,2,SYNTH
2026-04-21 19:47:45.542Z,2.7484,4,SYNTH
2026-04-21 19:47:46.629Z,2.7508,3,SYNTH
2026-04-21 19:47:47.001Z,2.7492,4,SYNTH
2026-04-21 19:47:48.669Z,2.7514,2,SYNTH
2026-04-21 19:47:49.766Z,2.7498,1,SYNTH
2026-04-21 19:47:50.079Z,2.7487,2,SYNTH
2026-04-21 19:47:51.697Z,2.7522,3,SYNTH
2026-04-21 19:47:52.121Z,2.7481,3,SYNTH
2026-04-21 19:47:53.763Z,2.7511,2,SYNTH
2026-04-21 19:47:54.128Z,2.7482,2,SYNTH
2026-04-21 19:47:55.373Z,2.7513,3,SYNTH
2026-04-21 19:47:56.065Z,2.7482,2,SYNTH
2026-04-21 19:47:57.428Z,2.7484,2,SYNTH
2026-04-21 19:47:58.116Z,2.7514,2,SYNTH
2026-04-21 19:47:59.253Z,2.7502,2,SYNTH
2026-04-21 19:48:00.662Z,2.7548,53,SYNTH
2026-04-21 19:48:01.746Z,2.7547,45,SYNTH
2026-04-21 19:48:02.787Z,2.7528,33,SYNTH
2026-04-21 19:48:03.145Z,2.7510,46,SYNTH
2026-04-21 19:48:04.290Z,2.7544,23,SYNTH
2026-04-21 19:48:05.670Z,2.7538,46,SYNTH
2026-04-21 19:48:06.149Z,2.7547,44,SYNTH
2026-04-21 19:48:07.722Z,2.7521,21,SYNTH
2026-04-21 19:48:08.103Z,2.7552,20,SYNTH
2026-04-21 19:48:09.132Z,2.7520,43,SYNTH
2026-04-21 19:48:10.508Z,2.7548,42,SYNTH
2026-04-21 19:48:11.693Z,2.7523,94,SYNTH
2026-04-21 19:48:12.753Z,2.7520,65,SYNTH
2026-04-21 19:48:13.348Z,2.7506,53,SYNTH
2026-04-21 19:48:14.498Z,2.7545,25,SYNTH
2026-04-21 19:48:15.804Z,2.7535,22,SYNTH
2026-04-21 19:48:16.645Z,2.7549,31,SYNTH
2026-04-21 19:48:17.800Z,2.7528,49,SYNTH
2026-04-21 19:48:18.118Z,2.7514,38,SYNTH
2026-04-21 19:48:19.718Z,2.7512,48,SYNTH
2026-04-21 19:48:20.740Z,2.7539,32,SYNTH
2026-04-21 19:48:21.517Z,2.7528,15,SYNTH
2026-04-21 19:48:22.554Z,2.7522,19,SYNTH
2026-04-21 19:48:23.239Z,2.7528,26,SYNTH
2026-04-21 19:48:24.564Z,2.7515,22,SYNTH
2026-04-21 19:48:25.373Z,2.7534,23,SYNTH
2026-04-21 19:48:26.130Z,2.7540,20,SYNTH
2026-04-21 19:48:27.016Z,2.7497,28,SYNTH
2026-04-21 19:48:28.032Z,2.7529,24,SYNTH
2026-04-21 19:48:29.075Z,2.7528,16,SYNTH
2026-04-21 19:48:30.325Z,2.7503,23,SYNTH
2026-04-21 19:48:31.186Z,2.7500,24,SYNTH
2026-04-21 19:48:32.856Z,2.7495,22,SYNTH
2026-04-21 19:48:33.854Z,2.7522,30,SYNTH
2026-04-21 19:48:34.213Z,2.7492,27,SYNTH
2026-04-21 19:48:35.549Z,2.7479,21,SYNTH
2026-04-21 19:48:36.368Z,2.7497,32,SYNTH
2026-04-21 19:48:37.054Z,2.7511,67,SYNTH
2026-04-21 19:48:38.851Z,2.7479,68,SYNTH
2026-04-21 19:48:39.293Z,2.7494,68,SYNTH
2026-04-21 19:48:40.423Z,2.7513,50,SYNTH
2026-04-21 19:48:41.069Z,2.7516,31,SYNTH
2026-04-21 19:48:42.369Z,2.7484,32,SYNTH
2026-04-21 19:48:43.223Z,2.7491,19,SYNTH
2026-04-21 19:48:44.767Z,2.7521,16,SYNTH
2026-04-21 19:48:45.467Z,2.7492,58,SYNTH
2026-04-21 19:48:46.263Z,2.7513,54,SYNTH
2026-04-21 19:48:47.006Z,2.7527,44,SYNTH
2026-04-21 19:48:48.897Z,2.7484,23,SYNTH
2026-04-21 19:48:49.146Z,2.7522,43,SYNTH
2026-04-21 19:48:50.317Z,2.7492,37,SYNTH
2026-04-21 19:48:51.390Z,2.7501,39,SYNTH
2026-04-21 19:48:52.259Z,2.7489,21,SYNTH
2026-04-21 19:48:53.373Z,2.7516,31,SYNTH
2026-04-21 19:48:54.164Z,2.7517,22,SYNTH
2026-04-21 19:48:55.321Z,2.7499,49,SYNTH
2026-04-21 19:48:56.497Z,2.7487,51,SYNTH
2026-04-21 19:48:57.151Z,2.7510,43,SYNTH
2026-04-21 19:48:58.604Z,2.7525,39,SYNTH
2026-04-21 19:48:59.674Z,2.7492,36,SYNTH
2026-04-21 19:50:00.705Z,2.7587,7,SYNTH
2026-04-21 19:50:01.218Z,2.7582,8,SYNTH
2026-04-21 19:50:02.147Z,2.7564,5,SYNTH
2026-04-21 19:50:03.285Z,2.7559,10,SYNTH
2026-04-21 19:50:04.670Z,2.7596,7,SYNTH
2026-04-21 19:50:05.676Z,2.7576,6,SYNTH
2026-04-21 19:50:06.287Z,2.7562,6,SYNTH
2026-04-21 19:50:07.428Z,2.7590,8,SYNTH
2026-04-21 19:50:08.865Z,2.7564,5,SYNTH
2026-04-21 19:50:09.734Z,2.7578,4,SYNTH
2026-04-21 19:50:10.397Z,2.7561,6,SYNTH
2026-04-21 19:50:11.444Z,2.7592,15,SYNTH
2026-04-21 19:50:12.430Z,2.7572,18,SYNTH
2026-04-21 19:50:13.290Z,2.7591,14,SYNTH
2026-04-21 19:50:14.818Z,2.7565,6,SYNTH
2026-04-21 19:50:15.404Z,2.7570,7,SYNTH
2026-04-21 19:50:16.168Z,2.7586,10,SYNTH
2026-04-21 19:50:17.121Z,2.7590,13,SYNTH
2026-04-21 19:50:18.570Z,2.7568,8,SYNTH
2026-04-21 19:50:19.166Z,2.7557,12,SYNTH
2026-04-21 19:50:20.186Z,2.7583,6,SYNTH
2026-04-21 19:50:21.707Z,2.7545,7,SYNTH
2026-04-21 19:50:22.801Z,2.7545,7,SYNTH
2026-04-21 19:50:23.426Z,2.7535,6,SYNTH
2026-04-21 19:50:24.599Z,2.7528,5,SYNTH
2026-04-21 19:50:25.221Z,2.7507,6,SYNTH
2026-04-21 19:50:26.178Z,2.7514,4,SYNTH
2026-04-21 19:50:27.232Z,2.7502,3,SYNTH
2026-04-21 19:50:28.357Z,2.7475,4,SYNTH
2026-04-21 19:50:29.193Z,2.7460,7,SYNTH
2026-04-21 19:50:30.220Z,2.7437,5,SYNTH
2026-04-21 19:50:31.236Z,2.7460,3,SYNTH
2026-04-21 19:50:32.206Z,2.7422,6,SYNTH
2026-04-21 19:50:33.188Z,2.7432,5,SYNTH
2026-04-21 19:50:34.316Z,2.7413,3,SYNTH
2026-04-21 19:50:35.692Z,2.7389,4,SYNTH
2026-04-21 19:50:36.300Z,2.7406,6,SYNTH
2026-04-21 19:50:37.874Z,2.7384,14,SYNTH
2026-04-21 19:50:38.128Z,2.7406,12,SYNTH
2026-04-21 19:50:39.410Z,2.7394,17,SYNTH
2026-04-21 19:50:40.013Z,2.7406,11,SYNTH
2026-04-21 19:50:41.523Z,2.7420,4,SYNTH
2026-04-21 19:50:42.289Z,2.7402,4,SYNTH
2026-04-21 19:50:43.460Z,2.7423,5,SYNTH
2026-04-21 19:50:44.003Z,2.7415,8,SYNTH
2026-04-21 19:50:45.821Z,2.7432,9,SYNTH
2026-04-21 19:50:46.111Z,2.7417,6,SYNTH
2026-04-21 19:50:47.884Z,2.7441,7,SYNTH
2026-04-21 19:50:48.620Z,2.7431,5,SYNTH
2026-04-21 19:50:49.316Z,2.7408,5,SYNTH
2026-04-21 19:50:50.206Z,2.7431,6,SYNTH
2026-04-21 19:50:51.465Z,2.7400,7,SYNTH
2026-04-21 19:50:52.069Z,2.7423,8,SYNTH
2026-04-21 19:50:53.554Z,2.7407,5,SYNTH
2026-04-21 19:50:54.398Z,2.7397,7,SYNTH
2026-04-21 19:50:55.689Z,2.7389,8,SYNTH
2026-04-21 19:50:56.035Z,2.7421,4,SYNTH
2026-04-21 19:50:57.620Z,2.7387,8,SYNTH
2026-04-21 19:50:58.822Z,2.7392,5,SYNTH
2026-04-21 19:50:59.811Z,2.7414,6,SYNTH
2026-04-21 19:53:00.769Z,2.7236,9,SYNTH
2026-04-21 19:53:01.064Z,2.7212,14,SYNTH
2026-04-21 19:53:02.348Z,2.7228,8,SYNTH
2026-04-21 19:53:03.700Z,2.7241,10,SYNTH
2026-04-21 19:53:04.440Z,2.7245,8,SYNTH
2026-04-21 19:53:05.742Z,2.7225,6,SYNTH
2026-04-21 19:53:06.682Z,2.7251,9,SYNTH
2026-04-21 19:53:07.764Z,2.7242,10,SYNTH
2026-04-21 19:53:08.062Z,2.7240,9,SYNTH
2026-04-21 19:53:09.359Z,2.7222,6,SYNTH
2026-04-21 19:53:10.056Z,2.7258,11,SYNTH
2026-04-21 19:53:11.236Z,2.7224,15,SYNTH
2026-04-21 19:53:12.344Z,2.7257,11,SYNTH
2026-04-21 19:53:13.856Z,2.7227,24,SYNTH
2026-04-21 19:53:14.072Z,2.7240,4,SYNTH
2026-04-21 19:53:15.019Z,2.7249,9,SYNTH
2026-04-21 19:53:16.448Z,2.7243,17,SYNTH
2026-04-21 19:53:17.243Z,2.7216,10,SYNTH
2026-04-21 19:53:18.510Z,2.7258,17,SYNTH
2026-04-21 19:53:19.341Z,2.7218,9,SYNTH
2026-04-21 19:53:20.876Z,2.7247,10,SYNTH
2026-04-21 19:53:21.653Z,2.7221,6,SYNTH
2026-04-21 19:53:22.138Z,2.7238,8,SYNTH
2026-04-21 19:53:23.250Z,2.7229,4,SYNTH
2026-04-21 19:53:24.042Z,2.7246,7,SYNTH
2026-04-21 19:53:25.506Z,2.7242,6,SYNTH
2026-04-21 19:53:26.872Z,2.7223,7,SYNTH
2026-04-21 19:53:27.279Z,2.7230,9,SYNTH
2026-04-21 19:53:28.261Z,2.7246,4,SYNTH
2026-04-21 19:53:29.307Z,2.7213,8,SYNTH
2026-04-21 19:53:30.843Z,2.7258,5,SYNTH
2026-04-21 19:53:31.776Z,2.7227,5,SYNTH
2026-04-21 19:53:32.607Z,2.7226,5,SYNTH
2026-04-21 19:53:33.182Z,2.7245,8,SYNTH
2026-04-21 19:53:34.696Z,2.7225,4,SYNTH
2026-04-21 19:53:35.866Z,2.7237,9,SYNTH
2026-04-21 19:53:36.662Z,2.7248,9,SYNTH
2026-04-21 19:53:37.748Z,2.7237,22,SYNTH
2026-04-21 19:53:38.754Z,2.7232,22,SYNTH
2026-04-21 19:53:39.085Z,2.7243,13,SYNTH
2026-04-21 19:53:40.441Z,2.7252,19,SYNTH
2026-04-21 19:53:41.610Z,2.7256,8,SYNTH
2026-04-21 19:53:42.593Z,2.7210,8,SYNTH
2026-04-21 19:53:43.370Z,2.7233,6,SYNTH
2026-04-21 19:53:44.466Z,2.7224,8,SYNTH
2026-04-21 19:53:45.221Z,2.7212,9,SYNTH
2026-04-21 19:53:46.162Z,2.7255,12,SYNTH
2026-04-21 19:53:47.129Z,2.7225,7,SYNTH
2026-04-21 19:53:48.892Z,2.7224,11,SYNTH
2026-04-21 19:53:49.392Z,2.7237,8,SYNTH
2026-04-21 19:53:50.786Z,2.7220,5,SYNTH
2026-04-21 19:53:51.026Z,2.7254,6,SYNTH
2026-04-21 19:53:52.786Z,2.7227,8,SYNTH
2026-04-21 19:53:53.043Z,2.7236,9,SYNTH
2026-04-21 19:53:54.630Z,2.7221,5,SYNTH
2026-04-21 19:53:55.765Z,2.7249,7,SYNTH
2026-04-21 19:53:56.247Z,2.7248,11,SYNTH
2026-04-21 19:53:57.096Z,2.7232,11,SYNTH
2026-04-21 19:53:58.394Z,2.7249,9,SYNTH
2026-04-21 19:53:59.800Z,2.7221,10,SYNTH
2026-04-21 19:54:00.147Z,2.6918,10,SYNTH
2026-04-21 19:54:01.818Z,2.6904,10,SYNTH
2026-04-21 19:54:02.881Z,2.6920,8,SYNTH
2026-04-21 19:54:03.880Z,2.6925,11,SYNTH
2026-04-21 19:54:04.483Z,2.6909,11,SYNTH
2026-04-21 19:54:05.174Z,2.6894,9,SYNTH
2026-04-21 19:54:06.420Z,2.6889,11,SYNTH
2026-04-21 19:54:07.889Z,2.6876,10,SYNTH
2026-04-21 19:54:08.679Z,2.6923,11,SYNTH
2026-04-21 19:54:09.652Z,2.6881,11,SYNTH
2026-04-21 19:54:10.239Z,2.6922,11,SYNTH
2026-04-21 19:54:11.273Z,2.6908,20,SYNTH
2026-04-21 19:54:12.854Z,2.6892,25,SYNTH
2026-04-21 19:54:13.562Z,2.6902,23,SYNTH
2026-04-21 19:54:14.625Z,2.6879,11,SYNTH
2026-04-21 19:54:15.100Z,2.6901,12,SYNTH
2026-04-21 19:54:16.777Z,2.6884,16,SYNTH
2026-04-21 19:54:17.679Z,2.6913,12,SYNTH
2026-04-21 19:54:18.737Z,2.6888,19,SYNTH
2026-04-21 19:54:19.859Z,2.6880,16,SYNTH
2026-04-21 19:54:20.483Z,2.6911,8,SYNTH
2026-04-21 19:54:21.567Z,2.6914,7,SYNTH
2026-04-21 19:54:22.184Z,2.6899,8,SYNTH
2026-04-21 19:54:23.467Z,2.6921,7,SYNTH
2026-04-21 19:54:24.077Z,2.6927,9,SYNTH
2026-04-21 19:54:25.111Z,2.6939,10,SYNTH
2026-04-21 19:54:26.740Z,2.6917,5,SYNTH
2026-04-21 19:54:27.506Z,2.6963,6,SYNTH
2026-04-21 19:54:28.143Z,2.6961,8,SYNTH
2026-04-21 19:54:29.808Z,2.6961,9,SYNTH
2026-04-21 19:54:30.896Z,2.6975,5,SYNTH
2026-04-21 19:54:31.465Z,2.6986,7,SYNTH
2026-04-21 19:54:32.501Z,2.6988,6,SYNTH
2026-04-21 19:54:33.535Z,2.6987,10,SYNTH
2026-04-21 19:54:34.142Z,2.7007,9,SYNTH
2026-04-21 19:54:35.130Z,2.7014,10,SYNTH
2026-04-21 19:54:36.019Z,2.6984,7,SYNTH
2026-04-21 19:54:37.613Z,2.7006,13,SYNTH
2026-04-21 19:54:38.494Z,2.6992,16,SYNTH
2026-04-21 19:54:39.556Z,2.6991,23,SYNTH
2026-04-21 19:54:40.675Z,2.7011,16,SYNTH
2026-04-21 19:54:41.720Z,2.7016,11,SYNTH
2026-04-21 19:54:42.085Z,2.6989,10,SYNTH
2026-04-21 19:54:43.275Z,2.6987,6,SYNTH
2026-04-21 19:54:44.078Z,2.7003,12,SYNTH
2026-04-21 19:54:45.641Z,2.7001,14,SYNTH
2026-04-21 19:54:46.464Z,2.6998,12,SYNTH
2026-04-21 19:54:47.147Z,2.6994,19,SYNTH
2026-04-21 19:54:48.669Z,2.6970,5,SYNTH
2026-04-21 19:54:49.640Z,2.7005,12,SYNTH
2026-04-21 19:54:50.616Z,2.6969,6,SYNTH
2026-04-21 19:54:51.513Z,2.7000,11,SYNTH
2026-04-21 19:54:52.632Z,2.7015,9,SYNTH
2026-04-21 19:54:53.291Z,2.6986,7,SYNTH
2026-04-21 19:54:54.248Z,2.7009,12,SYNTH
2026-04-21 19:54:55.610Z,2.7003,11,SYNTH
2026-04-21 19:54:56.029Z,2.7019,12,SYNTH
2026-04-21 19:54:57.184Z,2.6995,10,SYNTH
2026-04-21 19:54:58.519Z,2.7017,9,SYNTH
2026-04-21 19:54:59.632Z,2.6993,13,SYNTH
2026-04-21 19:57:00.795Z,2.6664,7,SYNTH
2026-04-21 19:57:01.547Z,2.6639,9,SYNTH
2026-04-21 19:57:02.723Z,2.6648,8,SYNTH
2026-04-21 19:57:03.006Z,2.6657,5,SYNTH
2026-04-21 19:57:04.006Z,2.6664,9,SYNTH
2026-04-21 19:57:05.320Z,2.6636,6,SYNTH
2026-04-21 19:57:06.174Z,2.6662,4,SYNTH
2026-04-21 19:57:07.387Z,2.6665,4,SYNTH
2026-04-21 19:57:08.228Z,2.6656,9,SYNTH
2026-04-21 19:57:09.122Z,2.6626,7,SYNTH
2026-04-21 19:57:10.524Z,2.6663,5,SYNTH
2026-04-21 19:57:11.134Z,2.6660,16,SYNTH
2026-04-21 19:57:12.808Z,2.6632,9,SYNTH
2026-04-21 19:57:13.126Z,2.6654,12,SYNTH
2026-04-21 19:57:14.024Z,2.6635,5,SYNTH
2026-04-21 19:57:15.144Z,2.6631,7,SYNTH
2026-04-21 19:57:16.620Z,2.6641,7,SYNTH
2026-04-21 19:57:17.070Z,2.6659,10,SYNTH
2026-04-21 19:57:18.152Z,2.6660,7,SYNTH
2026-04-21 19:57:19.382Z,2.6666,5,SYNTH
2026-04-21 19:57:20.140Z,2.6657,6,SYNTH
2026-04-21 19:57:21.765Z,2.6636,6,SYNTH
2026-04-21 19:57:22.143Z,2.6626,5,SYNTH
2026-04-21 19:57:23.457Z,2.6653,5,SYNTH
2026-04-21 19:57:24.786Z,2.6632,6,SYNTH
2026-04-21 19:57:25.349Z,2.6657,3,SYNTH
2026-04-21 19:57:26.432Z,2.6635,4,SYNTH
2026-04-21 19:57:27.874Z,2.6628,6,SYNTH
2026-04-21 19:57:28.388Z,2.6654,5,SYNTH
2026-04-21 19:57:29.895Z,2.6639,4,SYNTH
2026-04-21 19:57:30.853Z,2.6632,3,SYNTH
2026-04-21 19:57:31.793Z,2.6650,6,SYNTH
2026-04-21 19:57:32.437Z,2.6644,5,SYNTH
2026-04-21 19:57:33.247Z,2.6667,6,SYNTH
2026-04-21 19:57:34.228Z,2.6650,7,SYNTH
2026-04-21 19:57:35.187Z,2.6635,6,SYNTH
2026-04-21 19:57:36.462Z,2.6653,5,SYNTH
2026-04-21 19:57:37.315Z,2.6642,13,SYNTH
2026-04-21 19:57:38.872Z,2.6654,17,SYNTH
2026-04-21 19:57:39.406Z,2.6671,11,SYNTH
2026-04-21 19:57:40.134Z,2.6652,15,SYNTH
2026-04-21 19:57:41.853Z,2.6635,4,SYNTH
2026-04-21 19:57:42.646Z,2.6636,7,SYNTH
2026-04-21 19:57:43.472Z,2.6665,4,SYNTH
2026-04-21 19:57:44.513Z,2.6632,7,SYNTH
2026-04-21 19:57:45.220Z,2.6655,12,SYNTH
2026-04-21 19:57:46.114Z,2.6664,11,SYNTH
2026-04-21 19:57:47.275Z,2.6662,9,SYNTH
2026-04-21 19:57:48.524Z,2.6649,8,SYNTH
2026-04-21 19:57:49.174Z,2.6662,8,SYNTH
2026-04-21 19:57:50.180Z,2.6629,7,SYNTH
2026-04-21 19:57:51.214Z,2.6667,9,SYNTH
2026-04-21 19:57:52.701Z,2.6629,5,SYNTH
2026-04-21 19:57:53.245Z,2.6636,8,SYNTH
2026-04-21 19:57:54.878Z,2.6662,9,SYNTH
2026-04-21 19:57:55.789Z,2.6645,10,SYNTH
2026-04-21 19:57:56.022Z,2.6665,8,SYNTH
2026-04-21 19:57:57.802Z,2.6670,5,SYNTH
2026-04-21 19:57:58.488Z,2.6644,5,SYNTH
2026-04-21 19:57:59.635Z,2.6660,9,SYNTH
2026-04-21 19:58:00.118Z,2.7115,25,SYNTH
2026-04-21 19:58:01.484Z,2.7088,14,SYNTH
2026-04-21 19:58:02.582Z,2.7053,27,SYNTH
2026-04-21 19:58:03.756Z,2.7015,25,SYNTH
2026-04-21 19:58:04.233Z,2.6969,18,SYNTH
2026-04-21 19:58:05.803Z,2.6922,26,SYNTH
2026-04-21 19:58:06.897Z,2.6866,16,SYNTH
2026-04-21 19:58:07.096Z,2.6811,25,SYNTH
2026-04-21 19:58:08.800Z,2.6758,20,SYNTH
2026-04-21 19:58:09.052Z,2.6711,17,SYNTH
2026-04-21 19:58:10.679Z,2.6677,20,SYNTH
2026-04-21 19:58:11.706Z,2.6666,33,SYNTH
2026-04-21 19:58:12.438Z,2.6647,45,SYNTH
2026-04-21 19:58:13.589Z,2.6693,42,SYNTH
2026-04-21 19:58:14.347Z,2.6712,10,SYNTH
2026-04-21 19:58:15.411Z,2.6752,22,SYNTH
2026-04-21 19:58:16.840Z,2.6773,28,SYNTH
2026-04-21 19:58:17.656Z,2.6788,36,SYNTH
2026-04-21 19:58:18.409Z,2.6785,19,SYNTH
2026-04-21 19:58:19.085Z,2.6758,36,SYNTH
2026-04-21 19:58:20.420Z,2.6790,12,SYNTH
2026-04-21 19:58:21.209Z,2.6803,12,SYNTH
2026-04-21 19:58:22.592Z,2.6812,12,SYNTH
2026-04-21 19:58:23.843Z,2.6826,16,SYNTH
2026-04-21 19:58:24.258Z,2.6846,12,SYNTH
2026-04-21 19:58:25.081Z,2.6873,13,SYNTH
2026-04-21 19:58:26.207Z,2.6908,8,SYNTH
2026-04-21 19:58:27.830Z,2.6933,16,SYNTH
2026-04-21 19:58:28.030Z,2.6939,14,SYNTH
2026-04-21 19:58:29.456Z,2.6975,18,SYNTH
2026-04-21 19:58:30.507Z,2.6989,9,SYNTH
2026-04-21 19:58:31.041Z,2.7003,10,SYNTH
2026-04-21 19:58:32.859Z,2.7034,17,SYNTH
2026-04-21 19:58:33.131Z,2.7050,11,SYNTH
2026-04-21 19:58:34.525Z,2.7063,10,SYNTH
2026-04-21 19:58:35.881Z,2.7098,18,SYNTH
2026-04-21 19:58:36.129Z,2.7097,14,SYNTH
2026-04-21 19:58:37.419Z,2.7088,26,SYNTH
2026-04-21 19:58:38.491Z,2.7123,47,SYNTH
2026-04-21 19:58:39.803Z,2.7082,35,SYNTH
2026-04-21 19:58:40.259Z,2.7116,45,SYNTH
2026-04-21 19:58:41.498Z,2.7086,11,SYNTH
2026-04-21 19:58:42.013Z,2.7117,16,SYNTH
2026-04-21 19:58:43.162Z,2.7087,11,SYNTH
2026-04-21 19:58:44.057Z,2.7086,20,SYNTH
2026-04-21 19:58:45.402Z,2.7109,33,SYNTH
2026-04-21 19:58:46.434Z,2.7092,33,SYNTH
2026-04-21 19:58:47.736Z,2.7089,33,SYNTH
2026-04-21 19:58:48.581Z,2.7109,20,SYNTH
2026-04-21 19:58:49.810Z,2.7097,25,SYNTH
2026-04-21 19:58:50.635Z,2.7100,11,SYNTH
2026-04-21 19:58:51.032Z,2.7084,13,SYNTH
2026-04-21 19:58:52.275Z,2.7125,15,SYNTH
2026-04-21 19:58:53.800Z,2.7092,13,SYNTH
2026-04-21 19:58:54.363Z,2.7121,14,SYNTH
2026-04-21 19:58:55.759Z,2.7095,25,SYNTH
2026-04-21 19:58:56.185Z,2.7083,17,SYNTH
2026-04-21 19:58:57.373Z,2.7099,16,SYNTH
2026-04-21 19:58:58.064Z,2.7113,30,SYNTH
2026-04-21 19:58:59.300Z,2.7115,24,SYNTH
2026-04-21 19:59:00.432Z,2.7218,20,SYNTH
2026-04-21 19:59:01.627Z,2.7185,22,SYNTH
2026-04-21 19:59:02.847Z,2.7193,29,SYNTH
2026-04-21 19:59:03.266Z,2.7217,41,SYNTH
2026-04-21 19:59:04.058Z,2.7177,26,SYNTH
2026-04-21 19:59:05.380Z,2.7204,17,SYNTH
2026-04-21 19:59:06.101Z,2.7207,35,SYNTH
2026-04-21 19:59:07.528Z,2.7187,20,SYNTH
2026-04-21 19:59:08.842Z,2.7178,36,SYNTH
2026-04-21 19:59:09.651Z,2.7208,23,SYNTH
2026-04-21 19:59:10.479Z,2.7213,32,SYNTH
2026-04-21 19:59:11.218Z,2.7183,40,SYNTH
2026-04-21 19:59:12.119Z,2.7190,76,SYNTH
2026-04-21 19:59:13.214Z,2.7214,34,SYNTH
2026-04-21 19:59:14.598Z,2.7181,18,SYNTH
2026-04-21 19:59:15.639Z,2.7212,23,SYNTH
2026-04-21 19:59:16.078Z,2.7180,24,SYNTH
2026-04-21 19:59:17.027Z,2.7191,41,SYNTH
2026-04-21 19:59:18.686Z,2.7211,34,SYNTH
2026-04-21 19:59:19.295Z,2.7217,26,SYNTH
2026-04-21 19:59:20.735Z,2.7169,26,SYNTH
2026-04-21 19:59:21.570Z,2.7141,26,SYNTH
2026-04-21 19:59:22.639Z,2.7132,22,SYNTH
2026-04-21 19:59:23.633Z,2.7099,18,SYNTH
2026-04-21 19:59:24.823Z,2.7059,13,SYNTH
2026-04-21 19:59:25.298Z,2.7015,13,SYNTH
2026-04-21 19:59:26.706Z,2.6969,17,SYNTH
2026-04-21 19:59:27.355Z,2.6925,27,SYNTH
2026-04-21 19:59:28.750Z,2.6897,15,SYNTH
2026-04-21 19:59:29.646Z,2.6840,12,SYNTH
2026-04-21 19:59:30.281Z,2.6809,19,SYNTH
2026-04-21 19:59:31.608Z,2.6769,15,SYNTH
2026-04-21 19:59:32.214Z,2.6738,19,SYNTH
2026-04-21 19:59:33.482Z,2.6697,12,SYNTH
2026-04-21 19:59:34.045Z,2.6655,21,SYNTH
2026-04-21 19:59:35.203Z,2.6623,18,SYNTH
2026-04-21 19:59:36.640Z,2.6607,22,SYNTH
2026-04-21 19:59:37.646Z,2.6597,40,SYNTH
2026-04-21 19:59:38.782Z,2.6579,47,SYNTH
2026-04-21 19:59:39.043Z,2.6614,46,SYNTH
2026-04-21 19:59:40.813Z,2.6583,47,SYNTH
2026-04-21 19:59:41.749Z,2.6622,20,SYNTH
2026-04-21 19:59:42.506Z,2.6629,14,SYNTH
2026-04-21 19:59:43.811Z,2.6638,19,SYNTH
2026-04-21 19:59:44.557Z,2.6669,28,SYNTH
2026-04-21 19:59:45.150Z,2.6665,21,SYNTH
2026-04-21 19:59:46.866Z,2.6640,41,SYNTH
2026-04-21 19:59:47.596Z,2.6643,24,SYNTH
2026-04-21 19:59:48.331Z,2.6669,33,SYNTH
2026-04-21 19:59:49.521Z,2.6648,27,SYNTH
2026-04-21 19:59:50.053Z,2.6635,24,SYNTH
2026-04-21 19:59:51.825Z,2.6619,16,SYNTH
2026-04-21 19:59:52.114Z,2.6644,34,SYNTH
2026-04-21 19:59:53.140Z,2.6605,32,SYNTH
2026-04-21 19:59:54.482Z,2.6602,39,SYNTH
2026-04-21 19:59:55.752Z,2.6604,23,SYNTH
2026-04-21 19:59:56.880Z,2.6604,33,SYNTH
2026-04-21 19:59:57.392Z,2.6592,24,SYNTH
2026-04-21 19:59:58.675Z,2.6620,41,SYNTH
2026-04-21 19:59:59.747Z,2.6595,41,SYNTH
2026-04-22 13:30:00.581Z,2.7904,45,SYNTH
2026-04-22 13:30:01.026Z,2.7907,81,SYNTH
2026-04-22 13:30:02.288Z,2.7881,84,SYNTH
2026-04-22 13:30:03.703Z,2.7913,97,SYNTH
2026-04-22 13:30:04.191Z,2.7919,42,SYNTH
2026-04-22 13:30:05.060Z,2.7912,93,SYNTH
2026-04-22 13:30:06.150Z,2.7886,69,SYNTH
2026-04-22 13:30:07.486Z,2.7916,50,SYNTH
2026-04-22 13:30:08.793Z,2.7919,43,SYNTH
2026-04-22 13:30:09.428Z,2.7893,58,SYNTH
2026-04-22 13:30:10.380Z,2.7912,42,SYNTH
2026-04-22 13:30:11.522Z,2.7919,174,SYNTH
2026-04-22 13:30:12.587Z,2.7881,144,SYNTH
2026-04-22 13:30:13.109Z,2.7903,133,SYNTH
2026-04-22 13:30:14.799Z,2.7899,39,SYNTH
2026-04-22 13:30:15.892Z,2.7890,50,SYNTH
2026-04-22 13:30:16.338Z,2.7914,95,SYNTH
2026-04-22 13:30:17.661Z,2.7896,66,SYNTH
2026-04-22 13:30:18.848Z,2.7903,55,SYNTH
2026-04-22 13:30:19.842Z,2.7886,124,SYNTH
2026-04-22 13:30:20.869Z,2.7887,36,SYNTH
2026-04-22 13:30:21.687Z,2.7918,49,SYNTH
2026-04-22 13:30:22.362Z,2.7887,67,SYNTH
2026-04-22 13:30:23.508Z,2.7907,65,SYNTH
2026-04-22 13:30:24.851Z,2.7883,57,SYNTH
2026-04-22 13:30:25.129Z,2.7904,33,SYNTH
2026-04-22 13:30:26.364Z,2.7880,28,SYNTH
2026-04-22 13:30:27.353Z,2.7906,29,SYNTH
2026-04-22 13:30:28.070Z,2.7904,60,SYNTH
2026-04-22 13:30:29.050Z,2.7905,57,SYNTH
2026-04-22 13:30:30.302Z,2.7884,46,SYNTH
2026-04-22 13:30:31.055Z,2.7911,32,SYNTH
2026-04-22 13:30:32.337Z,2.7888,37,SYNTH
2026-04-22 13:30:33.440Z,2.7921,53,SYNTH
2026-04-22 13:30:34.572Z,2.7910,54,SYNTH
2026-04-22 13:30:35.416Z,2.7887,45,SYNTH
2026-04-22 13:30:36.716Z,2.7900,39,SYNTH
2026-04-22 13:30:37.337Z,2.7881,79,SYNTH
2026-04-22 13:30:38.102Z,2.7918,70,SYNTH
2026-04-22 13:30:39.294Z,2.7910,158,SYNTH
2026-04-22 13:30:40.223Z,2.7889,78,SYNTH
2026-04-22 13:30:41.794Z,2.7891,64,SYNTH
2026-04-22 13:30:42.544Z,2.7907,71,SYNTH
2026-04-22 13:30:43.095Z,2.7925,55,SYNTH
2026-04-22 13:30:44.274Z,2.7898,45,SYNTH
2026-04-22 13:30:45.766Z,2.7888,81,SYNTH
2026-04-22 13:30:46.070Z,2.7891,97,SYNTH
2026-04-22 13:30:47.775Z,2.7913,49,SYNTH
2026-04-22 13:30:48.577Z,2.7882,39,SYNTH
2026-04-22 13:30:49.765Z,2.7909,44,SYNTH
2026-04-22 13:30:50.348Z,2.7887,49,SYNTH
2026-04-22 13:30:51.344Z,2.7921,44,SYNTH
2026-04-22 13:30:52.706Z,2.7917,83,SYNTH
2026-04-22 13:30:53.090Z,2.7901,41,SYNTH
2026-04-22 13:30:54.710Z,2.7896,43,SYNTH
2026-04-22 13:30:55.146Z,2.7912,81,SYNTH
2026-04-22 13:30:56.296Z,2.7881,62,SYNTH
2026-04-22 13:30:57.634Z,2.7890,73,SYNTH
2026-04-22 13:30:58.140Z,2.7901,62,SYNTH
2026-04-22 13:30:59.261Z,2.7919,91,SYNTH
2026-04-22 13:32:00.646Z,2.9408,71,SYNTH
2026-04-22 13:32:01.033Z,2.9420,79,SYNTH
2026-04-22 13:32:02.226Z,2.9389,47,SYNTH
2026-04-22 13:32:03.708Z,2.9387,89,SYNTH
2026-04-22 13:32:04.252Z,2.9389,64,SYNTH
2026-04-22 13:32:05.151Z,2.9413,39,SYNTH
2026-04-22 13:32:06.231Z,2.9376,52,SYNTH
2026-04-22 13:32:07.881Z,2.9412,49,SYNTH
2026-04-22 13:32:08.740Z,2.9401,65,SYNTH
2026-04-22 13:32:09.495Z,2.9402,43,SYNTH
2026-04-22 13:32:10.464Z,2.9419,43,SYNTH
2026-04-22 13:32:11.105Z,2.9394,130,SYNTH
2026-04-22 13:32:12.306Z,2.9386,105,SYNTH
2026-04-22 13:32:13.784Z,2.9385,167,SYNTH
2026-04-22 13:32:14.871Z,2.9418,39,SYNTH
2026-04-22 13:32:15.408Z,2.9391,59,SYNTH
2026-04-22 13:32:16.809Z,2.9394,118,SYNTH
2026-04-22 13:32:17.697Z,2.9396,109,SYNTH
2026-04-22 13:32:18.306Z,2.9414,116,SYNTH
2026-04-22 13:32:19.072Z,2.9377,68,SYNTH
2026-04-22 13:32:20.284Z,2.9353,37,SYNTH
2026-04-22 13:32:21.688Z,2.9300,27,SYNTH
2026-04-22 13:32:22.364Z,2.9254,48,SYNTH
2026-04-22 13:32:23.194Z,2.9183,34,SYNTH
2026-04-22 13:32:24.564Z,2.9108,54,SYNTH
2026-04-22 13:32:25.446Z,2.9029,25,SYNTH
2026-04-22 13:32:26.738Z,2.8921,49,SYNTH
2026-04-22 13:32:27.782Z,2.8820,36,SYNTH
2026-04-22 13:32:28.016Z,2.8742,54,SYNTH
2026-04-22 13:32:29.822Z,2.8648,42,SYNTH
2026-04-22 13:32:30.658Z,2.8549,25,SYNTH
2026-04-22 13:32:31.016Z,2.8467,47,SYNTH
2026-04-22 13:32:32.455Z,2.8386,26,SYNTH
2026-04-22 13:32:33.882Z,2.8314,52,SYNTH
2026-04-22 13:32:34.440Z,2.8239,29,SYNTH
2026-04-22 13:32:35.562Z,2.8176,29,SYNTH
2026-04-22 13:32:36.552Z,2.8141,29,SYNTH
2026-04-22 13:32:37.122Z,2.8109,109,SYNTH
2026-04-22 13:32:38.544Z,2.8100,111,SYNTH
2026-04-22 13:32:39.594Z,2.8116,133,SYNTH
2026-04-22 13:32:40.389Z,2.8124,90,SYNTH
2026-04-22 13:32:41.121Z,2.8166,42,SYNTH
2026-04-22 13:32:42.208Z,2.8187,29,SYNTH
2026-04-22 13:32:43.882Z,2.8225,34,SYNTH
2026-04-22 13:32:44.330Z,2.8267,64,SYNTH
2026-04-22 13:32:45.503Z,2.8279,80,SYNTH
2026-04-22 13:32:46.030Z,2.8277,43,SYNTH
2026-04-22 13:32:47.286Z,2.8289,86,SYNTH
2026-04-22 13:32:48.627Z,2.8254,73,SYNTH
2026-04-22 13:32:49.080Z,2.8238,64,SYNTH
2026-04-22 13:32:50.571Z,2.8221,69,SYNTH
2026-04-22 13:32:51.504Z,2.8205,66,SYNTH
2026-04-22 13:32:52.374Z,2.8193,43,SYNTH
2026-04-22 13:32:53.554Z,2.8178,68,SYNTH
2026-04-22 13:32:54.455Z,2.8139,34,SYNTH
2026-04-22 13:32:55.364Z,2.8130,69,SYNTH
2026-04-22 13:32:56.308Z,2.8109,37,SYNTH
2026-04-22 13:32:57.064Z,2.8108,67,SYNTH
2026-04-22 13:32:58.146Z,2.8094,57,SYNTH
2026-04-22 13:32:59.414Z,2.8118,77,SYNTH
2026-04-22 13:33:00.643Z,2.8205,67,SYNTH
2026-04-22 13:33:01.220Z,2.8213,106,SYNTH
2026-04-22 13:33:02.886Z,2.8209,93,SYNTH
2026-04-22 13:33:03.718Z,2.8222,50,SYNTH
2026-04-22 13:33:04.574Z,2.8215,53,SYNTH
2026-04-22 13:33:05.712Z,2.8190,91,SYNTH
2026-04-22 13:33:06.768Z,2.8193,42,SYNTH
2026-04-22 13:33:07.841Z,2.8181,41,SYNTH
2026-04-22 13:33:08.186Z,2.8206,47,SYNTH
2026-04-22 13:33:09.767Z,2.8190,49,SYNTH
2026-04-22 13:33:10.616Z,2.8213,69,SYNTH
2026-04-22 13:33:11.464Z,2.8183,202,SYNTH
2026-04-22 13:33:12.713Z,2.8218,154,SYNTH
2026-04-22 13:33:13.877Z,2.8208,129,SYNTH
2026-04-22 13:33:14.812Z,2.8176,64,SYNTH
2026-04-22 13:33:15.061Z,2.8209,51,SYNTH
2026-04-22 13:33:16.217Z,2.8198,118,SYNTH
2026-04-22 13:33:17.503Z,2.8218,110,SYNTH
2026-04-22 13:33:18.067Z,2.8193,79,SYNTH
2026-04-22 13:33:19.701Z,2.8182,125,SYNTH
2026-04-22 13:33:20.623Z,2.8150,34,SYNTH
2026-04-22 13:33:21.046Z,2.8154,62,SYNTH
2026-04-22 13:33:22.374Z,2.8114,66,SYNTH
2026-04-22 13:33:23.302Z,2.8089,44,SYNTH
2026-04-22 13:33:24.363Z,2.8042,55,SYNTH
2026-04-22 13:33:25.474Z,2.7985,43,SYNTH
2026-04-22 13:33:26.678Z,2.7948,66,SYNTH
2026-04-22 13:33:27.453Z,2.7882,73,SYNTH
2026-04-22 13:33:28.536Z,2.7848,44,SYNTH
2026-04-22 13:33:29.553Z,2.7779,48,SYNTH
2026-04-22 13:33:30.041Z,2.7730,46,SYNTH
2026-04-22 13:33:31.147Z,2.7690,36,SYNTH
2026-04-22 13:33:32.488Z,2.7649,41,SYNTH
2026-04-22 13:33:33.324Z,2.7597,60,SYNTH
2026-04-22 13:33:34.829Z,2.7556,65,SYNTH
2026-04-22 13:33:35.837Z,2.7534,42,SYNTH
2026-04-22 13:33:36.451Z,2.7523,33,SYNTH
2026-04-22 13:33:37.473Z,2.7496,178,SYNTH
2026-04-22 13:33:38.788Z,2.7485,189,SYNTH
2026-04-22 13:33:39.558Z,2.7505,145,SYNTH
2026-04-22 13:33:40.613Z,2.7523,133,SYNTH
2026-04-22 13:33:41.507Z,2.7546,61,SYNTH
2026-04-22 13:33:42.112Z,2.7564,37,SYNTH
2026-04-22 13:33:43.826Z,2.7581,63,SYNTH
2026-04-22 13:33:44.371Z,2.7603,39,SYNTH
2026-04-22 13:33:45.527Z,2.7596,105,SYNTH
2026-04-22 13:33:46.381Z,2.7617,68,SYNTH
2026-04-22 13:33:47.311Z,2.7588,118,SYNTH
2026-04-22 13:33:48.399Z,2.7580,40,SYNTH
2026-04-22 13:33:49.732Z,2.7577,65,SYNTH
2026-04-22 13:33:50.562Z,2.7551,78,SYNTH
2026-04-22 13:33:51.691Z,2.7559,91,SYNTH
2026-04-22 13:33:52.396Z,2.7542,54,SYNTH
2026-04-22 13:33:53.548Z,2.7548,96,SYNTH
2026-04-22 13:33:54.035Z,2.7518,67,SYNTH
2026-04-22 13:33:55.837Z,2.7512,67,SYNTH
2026-04-22 13:33:56.672Z,2.7506,71,SYNTH
2026-04-22 13:33:57.400Z,2.7483,67,SYNTH
2026-04-22 13:33:58.390Z,2.7515,82,SYNTH
2026-04-22 13:33:59.894Z,2.7487,55,SYNTH
2026-04-22 13:38:00.540Z,3.1006,5,SYNTH
2026-04-22 13:38:01.758Z,3.1019,7,SYNTH
2026-04-22 13:38:02.750Z,3.0982,5,SYNTH
2026-04-22 13:38:03.538Z,3.1015,4,SYNTH
2026-04-22 13:38:04.665Z,3.0976,4,SYNTH
2026-04-22 13:38:05.524Z,3.1024,5,SYNTH
2026-04-22 13:38:06.131Z,3.0994,4,SYNTH
2026-04-22 13:38:07.801Z,3.0997,3,SYNTH
2026-04-22 13:38:08.192Z,3.1009,4,SYNTH
2026-04-22 13:38:09.546Z,3.0983,5,SYNTH
2026-04-22 13:38:10.831Z,3.1024,4,SYNTH
2026-04-22 13:38:11.648Z,3.1007,7,SYNTH
2026-04-22 13:38:12.816Z,3.0988,13,SYNTH
2026-04-22 13:38:13.043Z,3.0993,10,SYNTH
2026-04-22 13:38:14.034Z,3.0980,4,SYNTH
2026-04-22 13:38:15.534Z,3.1001,3,SYNTH
2026-04-22 13:38:16.216Z,3.1018,7,SYNTH
2026-04-22 13:38:17.739Z,3.1009,5,SYNTH
2026-04-22 13:38:18.163Z,3.0993,7,SYNTH
2026-04-22 13:38:19.559Z,3.0993,9,SYNTH
2026-04-22 13:38:20.738Z,3.1011,5,SYNTH
2026-04-22 13:38:21.862Z,3.1006,5,SYNTH
2026-04-22 13:38:22.681Z,3.0985,2,SYNTH
2026-04-22 13:38:23.661Z,3.1003,3,SYNTH
2026-04-22 13:38:24.494Z,3.1010,3,SYNTH
2026-04-22 13:38:25.894Z,3.0976,4,SYNTH
2026-04-22 13:38:26.810Z,3.1011,4,SYNTH
2026-04-22 13:38:27.670Z,3.0985,4,SYNTH
2026-04-22 13:38:28.728Z,3.1019,3,SYNTH
2026-04-22 13:38:29.235Z,3.0982,4,SYNTH
2026-04-22 13:38:30.892Z,3.0986,4,SYNTH
2026-04-22 13:38:31.107Z,3.1002,3,SYNTH
2026-04-22 13:38:32.884Z,3.1007,4,SYNTH
2026-04-22 13:38:33.795Z,3.0989,3,SYNTH
2026-04-22 13:38:34.549Z,3.1020,4,SYNTH
2026-04-22 13:38:35.705Z,3.0998,3,SYNTH
2026-04-22 13:38:36.585Z,3.0991,5,SYNTH
2026-04-22 13:38:37.038Z,3.1010,10,SYNTH
2026-04-22 13:38:38.691Z,3.0992,12,SYNTH
2026-04-22 13:38:39.610Z,3.1014,12,SYNTH
2026-04-22 13:38:40.473Z,3.0993,5,SYNTH
2026-04-22 13:38:41.794Z,3.0989,3,SYNTH
2026-04-22 13:38:42.001Z,3.1023,4,SYNTH
2026-04-22 13:38:43.602Z,3.0990,3,SYNTH
2026-04-22 13:38:44.261Z,3.1011,3,SYNTH
2026-04-22 13:38:45.108Z,3.0987,5,SYNTH
2026-04-22 13:38:46.171Z,3.1003,4,SYNTH
2026-04-22 13:38:47.240Z,3.1026,8,SYNTH
2026-04-22 13:38:48.717Z,3.1007,4,SYNTH
2026-04-22 13:38:49.242Z,3.0987,5,SYNTH
2026-04-22 13:38:50.375Z,3.1015,3,SYNTH
2026-04-22 13:38:51.658Z,3.0989,3,SYNTH
2026-04-22 13:38:52.859Z,3.1011,6,SYNTH
2026-04-22 13:38:53.811Z,3.1023,4,SYNTH
2026-04-22 13:38:54.855Z,3.1010,5,SYNTH
2026-04-22 13:38:55.773Z,3.0979,6,SYNTH
2026-04-22 13:38:56.015Z,3.1019,4,SYNTH
2026-04-22 13:38:57.389Z,3.1018,7,SYNTH
2026-04-22 13:38:58.698Z,3.0991,3,SYNTH
2026-04-22 13:38:59.393Z,3.0987,6,SYNTH
2026-04-22 13:43:00.503Z,2.8510,27,SYNTH
2026-04-22 13:43:01.153Z,2.8501,24,SYNTH
2026-04-22 13:43:02.271Z,2.8485,17,SYNTH
2026-04-22 13:43:03.691Z,2.8521,17,SYNTH
2026-04-22 13:43:04.629Z,2.8476,18,SYNTH
2026-04-22 13:43:05.357Z,2.8490,25,SYNTH
2026-04-22 13:43:06.441Z,2.8509,24,SYNTH
2026-04-22 13:43:07.679Z,2.8489,23,SYNTH
2026-04-22 13:43:08.284Z,2.8508,21,SYNTH
2026-04-22 13:43:09.666Z,2.8488,21,SYNTH
2026-04-22 13:43:10.427Z,2.8521,19,SYNTH
2026-04-22 13:43:11.773Z,2.8478,51,SYNTH
2026-04-22 13:43:12.387Z,2.8515,33,SYNTH
2026-04-22 13:43:13.377Z,2.8520,26,SYNTH
2026-04-22 13:43:14.699Z,2.8485,9,SYNTH
2026-04-22 13:43:15.543Z,2.8517,12,SYNTH
2026-04-22 13:43:16.062Z,2.8478,15,SYNTH
2026-04-22 13:43:17.203Z,2.8478,19,SYNTH
2026-04-22 13:43:18.594Z,2.8505,30,SYNTH
2026-04-22 13:43:19.199Z,2.8509,32,SYNTH
2026-04-22 13:43:20.147Z,2.8483,16,SYNTH
2026-04-22 13:43:21.237Z,2.8500,8,SYNTH
2026-04-22 13:43:22.583Z,2.8512,15,SYNTH
2026-04-22 13:43:23.634Z,2.8481,11,SYNTH
2026-04-22 13:43:24.011Z,2.8511,12,SYNTH
2026-04-22 13:43:25.792Z,2.8515,14,SYNTH
2026-04-22 13:43:26.435Z,2.8505,16,SYNTH
2026-04-22 13:43:27.161Z,2.8491,17,SYNTH
2026-04-22 13:43:28.709Z,2.8517,12,SYNTH
2026-04-22 13:43:29.092Z,2.8513,17,SYNTH
2026-04-22 13:43:30.317Z,2.8490,14,SYNTH
2026-04-22 13:43:31.440Z,2.8503,10,SYNTH
2026-04-22 13:43:32.579Z,2.8511,11,SYNTH
2026-04-22 13:43:33.272Z,2.8513,16,SYNTH
2026-04-22 13:43:34.544Z,2.8493,15,SYNTH
2026-04-22 13:43:35.298Z,2.8508,10,SYNTH
2026-04-22 13:43:36.745Z,2.8482,16,SYNTH
2026-04-22 13:43:37.652Z,2.8523,31,SYNTH
2026-04-22 13:43:38.623Z,2.8488,20,SYNTH
2026-04-22 13:43:39.353Z,2.8502,40,SYNTH
2026-04-22 13:43:40.131Z,2.8507,23,SYNTH
2026-04-22 13:43:41.177Z,2.8512,13,SYNTH
2026-04-22 13:43:42.270Z,2.8478,13,SYNTH
2026-04-22 13:43:43.278Z,2.8509,19,SYNTH
2026-04-22 13:43:44.662Z,2.8509,12,SYNTH
2026-04-22 13:43:45.465Z,2.8505,13,SYNTH
2026-04-22 13:43:46.412Z,2.8519,31,SYNTH
2026-04-22 13:43:47.458Z,2.8483,22,SYNTH
2026-04-22 13:43:48.282Z,2.8519,19,SYNTH
2026-04-22 13:43:49.017Z,2.8504,20,SYNTH
2026-04-22 13:43:50.664Z,2.8514,22,SYNTH
2026-04-22 13:43:51.276Z,2.8481,10,SYNTH
2026-04-22 13:43:52.731Z,2.8483,16,SYNTH
2026-04-22 13:43:53.057Z,2.8520,11,SYNTH
2026-04-22 13:43:54.435Z,2.8486,22,SYNTH
2026-04-22 13:43:55.635Z,2.8490,15,SYNTH
2026-04-22 13:43:56.323Z,2.8510,22,SYNTH
2026-04-22 13:43:57.800Z,2.8476,11,SYNTH
2026-04-22 13:43:58.007Z,2.8522,27,SYNTH
2026-04-22 13:43:59.194Z,2.8495,19,SYNTH
2026-04-22 13:48:00.267Z,2.7502,18,SYNTH
2026-04-22 13:48:01.561Z,2.7484,22,SYNTH
2026-04-22 13:48:02.190Z,2.7514,13,SYNTH
2026-04-22 13:48:03.822Z,2.7513,26,SYNTH
2026-04-22 13:48:04.861Z,2.7513,20,SYNTH
2026-04-22 13:48:05.840Z,2.7508,21,SYNTH
2026-04-22 13:48:06.686Z,2.7494,18,SYNTH
2026-04-22 13:48:07.009Z,2.7521,10,SYNTH
2026-04-22 13:48:08.591Z,2.7483,15,SYNTH
2026-04-22 13:48:09.062Z,2.7478,20,SYNTH
2026-04-22 13:48:10.062Z,2.7510,9,SYNTH
2026-04-22 13:48:11.553Z,2.7517,52,SYNTH
2026-04-22 13:48:12.153Z,2.7514,28,SYNTH
2026-04-22 13:48:13.572Z,2.7496,33,SYNTH
2026-04-22 13:48:14.281Z,2.7486,17,SYNTH
2026-04-22 13:48:15.053Z,2.7508,12,SYNTH
2026-04-22 13:48:16.003Z,2.7504,26,SYNTH
2026-04-22 13:48:17.770Z,2.7515,25,SYNTH
2026-04-22 13:48:18.508Z,2.7479,32,SYNTH
2026-04-22 13:48:19.013Z,2.7506,22,SYNTH
2026-04-22 13:48:20.545Z,2.7517,8,SYNTH
2026-04-22 13:48:21.629Z,2.7486,17,SYNTH
2026-04-22 13:48:22.458Z,2.7496,18,SYNTH
2026-04-22 13:48:23.034Z,2.7507,8,SYNTH
2026-04-22 13:48:24.468Z,2.7513,11,SYNTH
2026-04-22 13:48:25.573Z,2.7516,13,SYNTH
2026-04-22 13:48:26.700Z,2.7491,12,SYNTH
2026-04-22 13:48:27.513Z,2.7518,15,SYNTH
2026-04-22 13:48:28.475Z,2.7522,13,SYNTH
2026-04-22 13:48:29.664Z,2.7491,11,SYNTH
2026-04-22 13:48:30.630Z,2.7510,13,SYNTH
2026-04-22 13:48:31.652Z,2.7482,17,SYNTH
2026-04-22 13:48:32.445Z,2.7483,14,SYNTH
2026-04-22 13:48:33.792Z,2.7506,12,SYNTH
2026-04-22 13:48:34.371Z,2.7505,9,SYNTH
2026-04-22 13:48:35.450Z,2.7484,17,SYNTH
2026-04-22 13:48:36.100Z,2.7511,17,SYNTH
2026-04-22 13:48:37.703Z,2.7481,20,SYNTH
2026-04-22 13:48:38.664Z,2.7514,23,SYNTH
2026-04-22 13:48:39.451Z,2.7504,29,SYNTH
2026-04-22 13:48:40.752Z,2.7496,27,SYNTH
2026-04-22 13:48:41.721Z,2.7511,8,SYNTH
2026-04-22 13:48:42.204Z,2.7496,12,SYNTH
2026-04-22 13:48:43.318Z,2.7492,19,SYNTH
2026-04-22 13:48:44.287Z,2.7500,20,SYNTH
2026-04-22 13:48:45.306Z,2.7501,18,SYNTH
2026-04-22 13:48:46.581Z,2.7515,13,SYNTH
2026-04-22 13:48:47.817Z,2.7485,21,SYNTH
2026-04-22 13:48:48.105Z,2.7508,22,SYNTH
2026-04-22 13:48:49.597Z,2.7481,18,SYNTH
2026-04-22 13:48:50.456Z,2.7512,14,SYNTH
2026-04-22 13:48:51.319Z,2.7474,13,SYNTH
2026-04-22 13:48:52.574Z,2.7508,21,SYNTH
2026-04-22 13:48:53.720Z,2.7517,13,SYNTH
2026-04-22 13:48:54.572Z,2.7508,11,SYNTH
2026-04-22 13:48:55.066Z,2.7494,13,SYNTH
2026-04-22 13:48:56.043Z,2.7515,26,SYNTH
2026-04-22 13:48:57.054Z,2.7521,16,SYNTH
2026-04-22 13:48:58.022Z,2.7482,14,SYNTH
2026-04-22 13:48:59.738Z,2.7515,11,SYNTH
2026-04-22 13:56:00.796Z,2.7605,6,SYNTH
2026-04-22 13:56:01.309Z,2.7576,5,SYNTH
2026-04-22 13:56:02.839Z,2.7607,4,SYNTH
2026-04-22 13:56:03.638Z,2.7590,6,SYNTH
2026-04-22 13:56:04.244Z,2.7611,3,SYNTH
2026-04-22 13:56:05.810Z,2.7612,6,SYNTH
2026-04-22 13:56:06.026Z,2.7580,4,SYNTH
2026-04-22 13:56:07.441Z,2.7580,6,SYNTH
2026-04-22 13:56:08.375Z,2.7611,6,SYNTH
2026-04-22 13:56:09.477Z,2.7619,6,SYNTH
2026-04-22 13:56:10.087Z,2.7624,4,SYNTH
2026-04-22 13:56:11.032Z,2.7593,6,SYNTH
2026-04-22 13:56:12.873Z,2.7591,11,SYNTH
2026-04-22 13:56:13.140Z,2.7604,9,SYNTH
2026-04-22 13:56:14.859Z,2.7584,3,SYNTH
2026-04-22 13:56:15.596Z,2.7610,3,SYNTH
2026-04-22 13:56:16.045Z,2.7592,7,SYNTH
2026-04-22 13:56:17.854Z,2.7585,8,SYNTH
2026-04-22 13:56:18.333Z,2.7614,8,SYNTH
2026-04-22 13:56:19.000Z,2.7592,7,SYNTH
2026-04-22 13:56:20.272Z,2.7611,4,SYNTH
2026-04-22 13:56:21.646Z,2.7602,2,SYNTH
2026-04-22 13:56:22.418Z,2.7589,3,SYNTH
2026-04-22 13:56:23.438Z,2.7614,3,SYNTH
2026-04-22 13:56:24.147Z,2.7623,3,SYNTH
2026-04-22 13:56:25.069Z,2.7589,3,SYNTH
2026-04-22 13:56:26.577Z,2.7603,3,SYNTH
2026-04-22 13:56:27.274Z,2.7611,3,SYNTH
2026-04-22 13:56:28.551Z,2.7579,4,SYNTH
2026-04-22 13:56:29.678Z,2.7589,4,SYNTH
2026-04-22 13:56:30.662Z,2.7593,2,SYNTH
2026-04-22 13:56:31.479Z,2.7616,4,SYNTH
2026-04-22 13:56:32.358Z,2.7578,4,SYNTH
2026-04-22 13:56:33.009Z,2.7600,4,SYNTH
2026-04-22 13:56:34.731Z,2.7624,2,SYNTH
2026-04-22 13:56:35.893Z,2.7593,4,SYNTH
2026-04-22 13:56:36.132Z,2.7612,3,SYNTH
2026-04-22 13:56:37.476Z,2.7616,5,SYNTH
2026-04-22 13:56:38.672Z,2.7577,10,SYNTH
2026-04-22 13:56:39.075Z,2.7615,12,SYNTH
2026-04-22 13:56:40.766Z,2.7595,12,SYNTH
2026-04-22 13:56:41.725Z,2.7604,2,SYNTH
2026-04-22 13:56:42.777Z,2.7592,4,SYNTH
2026-04-22 13:56:43.748Z,2.7607,5,SYNTH
2026-04-22 13:56:44.753Z,2.7593,4,SYNTH
2026-04-22 13:56:45.252Z,2.7609,5,SYNTH
2026-04-22 13:56:46.425Z,2.7576,6,SYNTH
2026-04-22 13:56:47.253Z,2.7624,5,SYNTH
2026-04-22 13:56:48.486Z,2.7580,3,SYNTH
2026-04-22 13:56:49.408Z,2.7621,5,SYNTH
2026-04-22 13:56:50.300Z,2.7575,6,SYNTH
2026-04-22 13:56:51.619Z,2.7616,5,SYNTH
2026-04-22 13:56:52.772Z,2.7592,6,SYNTH
2026-04-22 13:56:53.334Z,2.7610,4,SYNTH
2026-04-22 13:56:54.292Z,2.7609,4,SYNTH
2026-04-22 13:56:55.428Z,2.7590,6,SYNTH
2026-04-22 13:56:56.143Z,2.7609,5,SYNTH
2026-04-22 13:56:57.343Z,2.7583,3,SYNTH
2026-04-22 13:56:58.368Z,2.7605,7,SYNTH
2026-04-22 13:56:59.733Z,2.7611,5,SYNTH
2026-04-22 14:05:00.080Z,2.7805,2,SYNTH
2026-04-22 14:05:01.607Z,2.7819,5,SYNTH
2026-04-22 14:05:02.208Z,2.7783,4,SYNTH
2026-04-22 14:05:03.682Z,2.7811,5,SYNTH
2026-04-22 14:05:04.660Z,2.7806,4,SYNTH
2026-04-22 14:05:05.788Z,2.7790,5,SYNTH
2026-04-22 14:05:06.457Z,2.7809,4,SYNTH
2026-04-22 14:05:07.037Z,2.7819,3,SYNTH
2026-04-22 14:05:08.364Z,2.7774,3,SYNTH
2026-04-22 14:05:09.588Z,2.7812,4,SYNTH
2026-04-22 14:05:10.518Z,2.7789,3,SYNTH
2026-04-22 14:05:11.733Z,2.7775,7,SYNTH
2026-04-22 14:05:12.458Z,2.7816,8,SYNTH
2026-04-22 14:05:13.598Z,2.7812,8,SYNTH
2026-04-22 14:05:14.498Z,2.7777,3,SYNTH
2026-04-22 14:05:15.565Z,2.7818,3,SYNTH
2026-04-22 14:05:16.341Z,2.7797,3,SYNTH
2026-04-22 14:05:17.278Z,2.7812,7,SYNTH
2026-04-22 14:05:18.371Z,2.7812,6,SYNTH
2026-04-22 14:05:19.693Z,2.7787,5,SYNTH
2026-04-22 14:05:20.478Z,2.7776,3,SYNTH
2026-04-22 14:05:21.588Z,2.7777,2,SYNTH
2026-04-22 14:05:22.023Z,2.7770,3,SYNTH
2026-04-22 14:05:23.674Z,2.7764,3,SYNTH
2026-04-22 14:05:24.283Z,2.7790,3,SYNTH
2026-04-22 14:05:25.137Z,2.7769,3,SYNTH
2026-04-22 14:05:26.714Z,2.7756,3,SYNTH
2026-04-22 14:05:27.324Z,2.7743,2,SYNTH
2026-04-22 14:05:28.137Z,2.7740,2,SYNTH
2026-04-22 14:05:29.281Z,2.7743,2,SYNTH
2026-04-22 14:05:30.432Z,2.7738,2,SYNTH
2026-04-22 14:05:31.783Z,2.7730,3,SYNTH
2026-04-22 14:05:32.234Z,2.7724,2,SYNTH
2026-04-22 14:05:33.743Z,2.7717,3,SYNTH
2026-04-22 14:05:34.016Z,2.7705,1,SYNTH
2026-04-22 14:05:35.788Z,2.7725,2,SYNTH
2026-04-22 14:05:36.247Z,2.7679,3,SYNTH
2026-04-22 14:05:37.146Z,2.7701,9,SYNTH
2026-04-22 14:05:38.416Z,2.7681,7,SYNTH
2026-04-22 14:05:39.198Z,2.7697,5,SYNTH
2026-04-22 14:05:40.658Z,2.7705,8,SYNTH
2026-04-22 14:05:41.321Z,2.7682,4,SYNTH
2026-04-22 14:05:42.795Z,2.7711,3,SYNTH
2026-04-22 14:05:43.266Z,2.7718,2,SYNTH
2026-04-22 14:05:44.241Z,2.7719,3,SYNTH
2026-04-22 14:05:45.184Z,2.7698,6,SYNTH
2026-04-22 14:05:46.734Z,2.7714,5,SYNTH
2026-04-22 14:05:47.140Z,2.7726,3,SYNTH
2026-04-22 14:05:48.620Z,2.7690,4,SYNTH
2026-04-22 14:05:49.610Z,2.7687,4,SYNTH
2026-04-22 14:05:50.479Z,2.7697,3,SYNTH
2026-04-22 14:05:51.683Z,2.7713,3,SYNTH
2026-04-22 14:05:52.103Z,2.7689,2,SYNTH
2026-04-22 14:05:53.736Z,2.7727,4,SYNTH
2026-04-22 14:05:54.685Z,2.7689,3,SYNTH
2026-04-22 14:05:55.547Z,2.7676,5,SYNTH
2026-04-22 14:05:56.451Z,2.7681,2,SYNTH
2026-04-22 14:05:57.746Z,2.7701,3,SYNTH
2026-04-22 14:05:58.697Z,2.7720,4,SYNTH
2026-04-22 14:05:59.286Z,2.7682,4,SYNTH
2026-04-22 14:13:00.453Z,2.7820,28,SYNTH
2026-04-22 14:13:01.710Z,2.7781,17,SYNTH
2026-04-22 14:13:02.823Z,2.7815,28,SYNTH
2026-04-22 14:13:03.376Z,2.7786,29,SYNTH
2026-04-22 14:13:04.327Z,2.7824,26,SYNTH
2026-04-22 14:13:05.482Z,2.7782,14,SYNTH
2026-04-22 14:13:06.121Z,2.7788,25,SYNTH
2026-04-22 14:13:07.697Z,2.7809,22,SYNTH
2026-04-22 14:13:08.105Z,2.7800,21,SYNTH
2026-04-22 14:13:09.041Z,2.7796,20,SYNTH
2026-04-22 14:13:10.468Z,2.7812,21,SYNTH
2026-04-22 14:13:11.076Z,2.7792,50,SYNTH
2026-04-22 14:13:12.457Z,2.7805,64,SYNTH
2026-04-22 14:13:13.199Z,2.7797,28,SYNTH
2026-04-22 14:13:14.487Z,2.7815,15,SYNTH
2026-04-22 14:13:15.217Z,2.7812,21,SYNTH
2026-04-22 14:13:16.633Z,2.7782,37,SYNTH
2026-04-22 14:13:17.722Z,2.7804,43,SYNTH
2026-04-22 14:13:18.737Z,2.7812,39,SYNTH
2026-04-22 14:13:19.028Z,2.7788,40,SYNTH
2026-04-22 14:13:20.284Z,2.7775,20,SYNTH
2026-04-22 14:13:21.797Z,2.7768,14,SYNTH
2026-04-22 14:13:22.618Z,2.7751,15,SYNTH
2026-04-22 14:13:23.563Z,2.7726,23,SYNTH
2026-04-22 14:13:24.653Z,2.7704,11,SYNTH
2026-04-22 14:13:25.043Z,2.7681,23,SYNTH
2026-04-22 14:13:26.544Z,2.7661,17,SYNTH
2026-04-22 14:13:27.131Z,2.7615,14,SYNTH
2026-04-22 14:13:28.612Z,2.7589,20,SYNTH
2026-04-22 14:13:29.413Z,2.7570,21,SYNTH
2026-04-22 14:13:30.369Z,2.7533,18,SYNTH
2026-04-22 14:13:31.608Z,2.7504,14,SYNTH
2026-04-22 14:13:32.170Z,2.7471,14,SYNTH
2026-04-22 14:13:33.077Z,2.7467,16,SYNTH
2026-04-22 14:13:34.359Z,2.7425,22,SYNTH
2026-04-22 14:13:35.756Z,2.7424,17,SYNTH
2026-04-22 14:13:36.866Z,2.7400,19,SYNTH
2026-04-22 14:13:37.274Z,2.7390,49,SYNTH
2026-04-22 14:13:38.281Z,2.7386,42,SYNTH
2026-04-22 14:13:39.364Z,2.7399,53,SYNTH
2026-04-22 14:13:40.630Z,2.7423,40,SYNTH
2026-04-22 14:13:41.558Z,2.7433,13,SYNTH
2026-04-22 14:13:42.330Z,2.7437,15,SYNTH
2026-04-22 14:13:43.345Z,2.7440,13,SYNTH
2026-04-22 14:13:44.193Z,2.7458,26,SYNTH
2026-04-22 14:13:45.544Z,2.7432,19,SYNTH
2026-04-22 14:13:46.655Z,2.7457,23,SYNTH
2026-04-22 14:13:47.040Z,2.7466,40,SYNTH
2026-04-22 14:13:48.109Z,2.7431,24,SYNTH
2026-04-22 14:13:49.459Z,2.7460,15,SYNTH
2026-04-22 14:13:50.083Z,2.7445,14,SYNTH
2026-04-22 14:13:51.011Z,2.7420,21,SYNTH
2026-04-22 14:13:52.270Z,2.7439,29,SYNTH
2026-04-22 14:13:53.818Z,2.7426,13,SYNTH
2026-04-22 14:13:54.514Z,2.7400,25,SYNTH
2026-04-22 14:13:55.277Z,2.7391,23,SYNTH
2026-04-22 14:13:56.734Z,2.7416,32,SYNTH
2026-04-22 14:13:57.677Z,2.7396,21,SYNTH
