TimestampUtc,Price,Size,Exchange
2026-02-24 14:30:00.497Z,633.1034,3767,SYNTH
2026-02-24 14:30:01.753Z,633.0471,4556,SYNTH
2026-02-24 14:30:02.183Z,633.1951,3192,SYNTH
2026-02-24 14:30:03.521Z,633.2482,2334,SYNTH
2026-02-24 14:30:04.656Z,633.1419,2424,SYNTH
2026-02-24 14:30:05.520Z,633.3843,2228,SYNTH
2026-02-24 14:30:06.449Z,633.5280,1917,SYNTH
2026-02-24 14:30:07.325Z,633.5713,2367,SYNTH
2026-02-24 14:30:08.353Z,633.3934,3817,SYNTH
2026-02-24 14:30:09.785Z,633.5074,2536,SYNTH
2026-02-24 14:30:10.729Z,633.5079,2884,SYNTH
2026-02-24 14:30:11.824Z,633.6401,5675,SYNTH
2026-02-24 14:30:12.652Z,633.7584,9158,SYNTH
2026-02-24 14:30:13.264Z,633.7784,5578,SYNTH
2026-02-24 14:30:14.359Z,633.5944,1912,SYNTH
2026-02-24 14:30:15.622Z,633.7637,3134,SYNTH
2026-02-24 14:30:16.454Z,633.5938,3253,SYNTH
2026-02-24 14:30:17.172Z,633.4208,2687,SYNTH
2026-02-24 14:30:18.704Z,633.5539,2949,SYNTH
2026-02-24 14:30:19.335Z,633.5659,3343,SYNTH
2026-02-24 14:30:20.644Z,633.4945,2990,SYNTH
2026-02-24 14:30:21.018Z,633.2228,2650,SYNTH
2026-02-24 14:30:22.465Z,633.0839,2806,SYNTH
2026-02-24 14:30:23.644Z,633.2253,2832,SYNTH
2026-02-24 14:30:24.292Z,632.9736,2151,SYNTH
2026-02-24 14:30:25.523Z,632.6023,2008,SYNTH
2026-02-24 14:30:26.084Z,632.3431,2448,SYNTH
2026-02-24 14:30:27.435Z,632.1286,2946,SYNTH
2026-02-24 14:30:28.300Z,632.0046,1656,SYNTH
2026-02-24 14:30:29.113Z,631.9867,2421,SYNTH
2026-02-24 14:30:30.241Z,631.7558,2756,SYNTH
2026-02-24 14:30:31.165Z,631.5354,2599,SYNTH
2026-02-24 14:30:32.645Z,631.1539,2121,SYNTH
2026-02-24 14:30:33.264Z,631.0123,1886,SYNTH
2026-02-24 14:30:34.378Z,631.0293,2416,SYNTH
2026-02-24 14:30:35.728Z,630.5965,2488,SYNTH
2026-02-24 14:30:36.664Z,630.6426,2417,SYNTH
2026-02-24 14:30:37.308Z,630.5167,7596,SYNTH
2026-02-24 14:30:38.496Z,630.4576,7894,SYNTH
2026-02-24 14:30:39.513Z,630.4306,6616,SYNTH
2026-02-24 14:30:40.710Z,630.5978,6231,SYNTH
2026-02-24 14:30:41.441Z,630.4656,1869,SYNTH
2026-02-24 14:30:42.490Z,630.5593,2585,SYNTH
2026-02-24 14:30:43.565Z,630.6423,3453,SYNTH
2026-02-24 14:30:44.043Z,630.8778,1593,SYNTH
2026-02-24 14:30:45.560Z,630.8285,3046,SYNTH
2026-02-24 14:30:46.686Z,630.7867,4446,SYNTH
2026-02-24 14:30:47.447Z,630.7700,5668,SYNTH
2026-02-24 14:30:48.014Z,630.7308,2195,SYNTH
2026-02-24 14:30:49.145Z,630.9010,2827,SYNTH
2026-02-24 14:30:50.046Z,630.9077,2077,SYNTH
2026-02-24 14:30:51.055Z,630.9660,2181,SYNTH
2026-02-24 14:30:52.894Z,630.8519,3211,SYNTH
2026-02-24 14:30:53.447Z,630.9935,3351,SYNTH
2026-02-24 14:30:54.288Z,630.9586,2199,SYNTH
2026-02-24 14:30:55.381Z,631.0308,4349,SYNTH
2026-02-24 14:30:56.685Z,631.0109,2208,SYNTH
2026-02-24 14:30:57.888Z,631.2064,3832,SYNTH
2026-02-24 14:30:58.155Z,631.2714,4116,SYNTH
2026-02-24 14:30:59.254Z,631.1244,4586,SYNTH
2026-02-24 14:31:00.822Z,630.8735,607,SYNTH
2026-02-24 14:31:01.635Z,630.9161,896,SYNTH
2026-02-24 14:31:02.518Z,630.7010,948,SYNTH
2026-02-24 14:31:03.430Z,630.9027,990,SYNTH
2026-02-24 14:31:04.697Z,630.6190,967,SYNTH
2026-02-24 14:31:05.296Z,630.7972,600,SYNTH
2026-02-24 14:31:06.133Z,630.4735,955,SYNTH
2026-02-24 14:31:07.355Z,630.6339,621,SYNTH
2026-02-24 14:31:08.597Z,630.4949,985,SYNTH
2026-02-24 14:31:09.827Z,630.2333,471,SYNTH
2026-02-24 14:31:10.136Z,630.2182,442,SYNTH
2026-02-24 14:31:11.012Z,630.1093,1286,SYNTH
2026-02-24 14:31:12.399Z,630.4552,1586,SYNTH
2026-02-24 14:31:13.328Z,630.1555,1261,SYNTH
2026-02-24 14:31:14.610Z,630.2094,450,SYNTH
2026-02-24 14:31:15.464Z,630.4093,802,SYNTH
2026-02-24 14:31:16.160Z,630.2649,1216,SYNTH
2026-02-24 14:31:17.518Z,630.2664,812,SYNTH
2026-02-24 14:31:18.748Z,630.5361,626,SYNTH
2026-02-24 14:31:19.740Z,630.5912,656,SYNTH
2026-02-24 14:31:20.353Z,630.6022,441,SYNTH
2026-02-24 14:31:21.863Z,630.4967,455,SYNTH
2026-02-24 14:31:22.691Z,630.5231,564,SYNTH
2026-02-24 14:31:23.898Z,630.5791,603,SYNTH
2026-02-24 14:31:24.083Z,630.7300,750,SYNTH
2026-02-24 14:31:25.773Z,630.9464,705,SYNTH
2026-02-24 14:31:26.148Z,631.2024,468,SYNTH
2026-02-24 14:31:27.784Z,631.3223,354,SYNTH
2026-02-24 14:31:28.054Z,631.2532,477,SYNTH
2026-02-24 14:31:29.433Z,631.7027,739,SYNTH
2026-02-24 14:31:30.367Z,631.6245,554,SYNTH
2026-02-24 14:31:31.257Z,631.7032,485,SYNTH
2026-02-24 14:31:32.591Z,631.8688,354,SYNTH
2026-02-24 14:31:33.872Z,632.1106,610,SYNTH
2026-02-24 14:31:34.773Z,632.0286,525,SYNTH
2026-02-24 14:31:35.342Z,632.4133,412,SYNTH
2026-02-24 14:31:36.772Z,632.3063,450,SYNTH
2026-02-24 14:31:37.070Z,632.5514,1959,SYNTH
2026-02-24 14:31:38.316Z,632.4280,991,SYNTH
2026-02-24 14:31:39.381Z,632.3897,1678,SYNTH
2026-02-24 14:31:40.175Z,632.4805,987,SYNTH
2026-02-24 14:31:41.087Z,632.5252,713,SYNTH
2026-02-24 14:31:42.327Z,632.3739,617,SYNTH
2026-02-24 14:31:43.046Z,632.4095,356,SYNTH
2026-02-24 14:31:44.757Z,632.3583,596,SYNTH
2026-02-24 14:31:45.277Z,632.3288,1174,SYNTH
2026-02-24 14:31:46.158Z,632.0117,608,SYNTH
2026-02-24 14:31:47.866Z,632.1745,926,SYNTH
2026-02-24 14:31:48.182Z,631.9931,899,SYNTH
2026-02-24 14:31:49.191Z,632.1212,611,SYNTH
2026-02-24 14:31:50.507Z,631.8198,735,SYNTH
2026-02-24 14:31:51.052Z,631.9361,531,SYNTH
2026-02-24 14:31:52.248Z,631.8795,491,SYNTH
2026-02-24 14:31:53.035Z,631.5988,929,SYNTH
2026-02-24 14:31:54.006Z,631.5293,912,SYNTH
2026-02-24 14:31:55.078Z,631.4525,1024,SYNTH
2026-02-24 14:31:56.582Z,631.4283,498,SYNTH
2026-02-24 14:31:57.678Z,631.3140,519,SYNTH
2026-02-24 14:31:58.741Z,631.5398,1081,SYNTH
2026-02-24 14:31:59.193Z,631.3448,1173,SYNTH
2026-02-24 14:32:00.421Z,631.5383,1371,SYNTH
2026-02-24 14:32:01.783Z,631.5137,949,SYNTH
2026-02-24 14:32:02.065Z,631.5463,1450,SYNTH
2026-02-24 14:32:03.460Z,631.3478,648,SYNTH
2026-02-24 14:32:04.891Z,631.3566,1412,SYNTH
2026-02-24 14:32:05.003Z,630.9443,1142,SYNTH
2026-02-24 14:32:06.251Z,630.8824,795,SYNTH
2026-02-24 14:32:07.217Z,630.6858,781,SYNTH
2026-02-24 14:32:08.347Z,630.6015,1029,SYNTH
2026-02-24 14:32:09.481Z,630.6635,1037,SYNTH
2026-02-24 14:32:10.362Z,630.3936,686,SYNTH
2026-02-24 14:32:11.642Z,630.3684,1621,SYNTH
2026-02-24 14:32:12.506Z,630.4468,1602,SYNTH
2026-02-24 14:32:13.004Z,630.4857,2956,SYNTH
2026-02-24 14:32:14.778Z,630.5745,567,SYNTH
2026-02-24 14:32:15.460Z,630.4840,809,SYNTH
2026-02-24 14:32:16.392Z,630.7891,1722,SYNTH
2026-02-24 14:32:17.521Z,630.5950,828,SYNTH
2026-02-24 14:32:18.883Z,630.9104,1462,SYNTH
2026-02-24 14:32:19.581Z,630.8193,1570,SYNTH
2026-02-24 14:32:20.530Z,630.9274,966,SYNTH
2026-02-24 14:32:21.653Z,630.8016,437,SYNTH
2026-02-24 14:32:22.627Z,630.8142,627,SYNTH
2026-02-24 14:32:23.629Z,630.9761,761,SYNTH
2026-02-24 14:32:24.179Z,631.0373,817,SYNTH
2026-02-24 14:32:25.350Z,631.2385,602,SYNTH
2026-02-24 14:32:26.148Z,631.3518,526,SYNTH
2026-02-24 14:32:27.203Z,631.6714,613,SYNTH
2026-02-24 14:32:28.343Z,631.5029,784,SYNTH
2026-02-24 14:32:29.536Z,631.6984,746,SYNTH
2026-02-24 14:32:30.809Z,632.0116,678,SYNTH
2026-02-24 14:32:31.563Z,632.0584,624,SYNTH
2026-02-24 14:32:32.470Z,631.9838,488,SYNTH
2026-02-24 14:32:33.244Z,632.1457,635,SYNTH
2026-02-24 14:32:34.139Z,632.4676,579,SYNTH
2026-02-24 14:32:35.141Z,632.5300,595,SYNTH
2026-02-24 14:32:36.574Z,632.5921,682,SYNTH
2026-02-24 14:32:37.360Z,632.4755,1995,SYNTH
2026-02-24 14:32:38.442Z,632.6454,1293,SYNTH
2026-02-24 14:32:39.071Z,632.3317,2619,SYNTH
2026-02-24 14:32:40.753Z,632.5208,1396,SYNTH
2026-02-24 14:32:41.047Z,632.3744,652,SYNTH
2026-02-24 14:32:42.220Z,632.4638,922,SYNTH
2026-02-24 14:32:43.880Z,632.2175,467,SYNTH
2026-02-24 14:32:44.391Z,632.3723,785,SYNTH
2026-02-24 14:32:45.515Z,632.2809,1190,SYNTH
2026-02-24 14:32:46.359Z,632.3656,1067,SYNTH
2026-02-24 14:32:47.185Z,632.1999,1219,SYNTH
2026-02-24 14:32:48.856Z,632.3483,994,SYNTH
2026-02-24 14:32:49.429Z,632.2659,607,SYNTH
2026-02-24 14:32:50.754Z,632.1693,1051,SYNTH
2026-02-24 14:32:51.395Z,632.0673,891,SYNTH
2026-02-24 14:32:52.240Z,631.9409,588,SYNTH
2026-02-24 14:32:53.195Z,632.0139,1242,SYNTH
2026-02-24 14:32:54.036Z,631.8659,1147,SYNTH
2026-02-24 14:32:55.543Z,631.7243,1227,SYNTH
2026-02-24 14:32:56.597Z,631.6854,611,SYNTH
2026-02-24 14:32:57.698Z,631.6707,944,SYNTH
2026-02-24 14:32:58.479Z,631.6195,1019,SYNTH
2026-02-24 14:32:59.403Z,631.6070,1262,SYNTH
2026-02-24 14:33:00.060Z,631.8365,1087,SYNTH
2026-02-24 14:33:01.769Z,631.6675,818,SYNTH
2026-02-24 14:33:02.872Z,631.9747,928,SYNTH
2026-02-24 14:33:03.777Z,631.7602,857,SYNTH
2026-02-24 14:33:04.311Z,631.8761,770,SYNTH
2026-02-24 14:33:05.420Z,631.9485,636,SYNTH
2026-02-24 14:33:06.413Z,631.9585,728,SYNTH
2026-02-24 14:33:07.088Z,632.0305,1028,SYNTH
2026-02-24 14:33:08.668Z,632.0306,997,SYNTH
2026-02-24 14:33:09.835Z,632.0854,923,SYNTH
2026-02-24 14:33:10.855Z,632.0375,767,SYNTH
2026-02-24 14:33:11.331Z,632.0611,1139,SYNTH
2026-02-24 14:33:12.835Z,632.1513,1208,SYNTH
2026-02-24 14:33:13.715Z,631.9383,1661,SYNTH
2026-02-24 14:33:14.131Z,632.0512,558,SYNTH
2026-02-24 14:33:15.067Z,631.9741,705,SYNTH
2026-02-24 14:33:16.207Z,631.9323,928,SYNTH
2026-02-24 14:33:17.765Z,631.9862,1318,SYNTH
2026-02-24 14:33:18.444Z,631.9899,787,SYNTH
2026-02-24 14:33:19.165Z,631.8716,702,SYNTH
2026-02-24 14:33:20.134Z,631.7203,479,SYNTH
2026-02-24 14:33:21.683Z,632.0126,431,SYNTH
2026-02-24 14:33:22.777Z,631.7565,497,SYNTH
2026-02-24 14:33:23.844Z,631.7338,376,SYNTH
2026-02-24 14:33:24.290Z,631.6725,336,SYNTH
2026-02-24 14:33:25.811Z,631.4983,411,SYNTH
2026-02-24 14:33:26.168Z,631.4075,422,SYNTH
2026-02-24 14:33:27.491Z,631.0913,413,SYNTH
2026-02-24 14:33:28.461Z,630.9469,425,SYNTH
2026-02-24 14:33:29.697Z,630.8216,686,SYNTH
2026-02-24 14:33:30.700Z,630.7581,412,SYNTH
2026-02-24 14:33:31.388Z,630.6381,675,SYNTH
2026-02-24 14:33:32.428Z,630.4833,732,SYNTH
2026-02-24 14:33:33.732Z,630.6458,586,SYNTH
2026-02-24 14:33:34.133Z,630.3618,403,SYNTH
2026-02-24 14:33:35.149Z,630.4255,574,SYNTH
2026-02-24 14:33:36.807Z,630.3617,648,SYNTH
2026-02-24 14:33:37.886Z,630.1298,850,SYNTH
2026-02-24 14:33:38.334Z,630.1173,1100,SYNTH
2026-02-24 14:33:39.379Z,630.0190,1137,SYNTH
2026-02-24 14:33:40.484Z,630.1021,1256,SYNTH
2026-02-24 14:33:41.627Z,630.2590,560,SYNTH
2026-02-24 14:33:42.619Z,630.3845,641,SYNTH
2026-02-24 14:33:43.227Z,630.4690,800,SYNTH
2026-02-24 14:33:44.128Z,630.3964,507,SYNTH
2026-02-24 14:33:45.585Z,630.5689,1298,SYNTH
2026-02-24 14:33:46.410Z,630.4303,1256,SYNTH
2026-02-24 14:33:47.116Z,630.5057,1011,SYNTH
2026-02-24 14:33:48.131Z,630.5613,706,SYNTH
2026-02-24 14:33:49.462Z,630.6142,962,SYNTH
2026-02-24 14:33:50.463Z,630.3010,520,SYNTH
2026-02-24 14:33:51.797Z,630.3749,864,SYNTH
2026-02-24 14:33:52.261Z,630.3722,954,SYNTH
2026-02-24 14:33:53.000Z,630.6583,594,SYNTH
2026-02-24 14:33:54.704Z,630.5409,681,SYNTH
2026-02-24 14:33:55.611Z,630.5088,831,SYNTH
2026-02-24 14:33:56.455Z,630.5346,522,SYNTH
2026-02-24 14:33:57.811Z,630.3934,836,SYNTH
2026-02-24 14:33:58.458Z,630.5123,863,SYNTH
2026-02-24 14:33:59.739Z,630.5467,690,SYNTH
2026-02-24 14:34:00.553Z,630.6158,831,SYNTH
2026-02-24 14:34:01.074Z,630.7045,1084,SYNTH
2026-02-24 14:34:02.515Z,630.4639,1104,SYNTH
2026-02-24 14:34:03.856Z,630.2910,790,SYNTH
2026-02-24 14:34:04.124Z,630.1962,596,SYNTH
2026-02-24 14:34:05.796Z,630.1559,836,SYNTH
2026-02-24 14:34:06.389Z,629.8684,1249,SYNTH
2026-02-24 14:34:07.628Z,629.7246,751,SYNTH
2026-02-24 14:34:08.452Z,629.8226,765,SYNTH
2026-02-24 14:34:09.662Z,629.6173,951,SYNTH
2026-02-24 14:34:10.284Z,629.5090,970,SYNTH
2026-02-24 14:34:11.010Z,629.1980,1764,SYNTH
2026-02-24 14:34:12.226Z,629.3199,2353,SYNTH
2026-02-24 14:34:13.761Z,629.3663,1725,SYNTH
2026-02-24 14:34:14.607Z,629.3462,733,SYNTH
2026-02-24 14:34:15.312Z,629.6910,649,SYNTH
2026-02-24 14:34:16.795Z,629.5665,1123,SYNTH
2026-02-24 14:34:17.654Z,629.6696,1007,SYNTH
2026-02-24 14:34:18.335Z,629.8265,1498,SYNTH
2026-02-24 14:34:19.200Z,629.6241,1265,SYNTH
2026-02-24 14:34:20.151Z,629.9020,633,SYNTH
2026-02-24 14:34:21.263Z,629.8486,579,SYNTH
2026-02-24 14:34:22.352Z,630.1688,942,SYNTH
2026-02-24 14:34:23.233Z,630.2804,711,SYNTH
2026-02-24 14:34:24.870Z,630.3047,678,SYNTH
2026-02-24 14:34:25.754Z,630.3991,411,SYNTH
2026-02-24 14:34:26.647Z,630.6466,811,SYNTH
2026-02-24 14:34:27.832Z,630.9512,787,SYNTH
2026-02-24 14:34:28.009Z,631.1396,456,SYNTH
2026-02-24 14:34:29.457Z,631.3155,523,SYNTH
2026-02-24 14:34:30.218Z,631.5153,658,SYNTH
2026-02-24 14:34:31.603Z,631.5853,724,SYNTH
2026-02-24 14:34:32.667Z,631.6956,457,SYNTH
2026-02-24 14:34:33.709Z,632.1075,707,SYNTH
2026-02-24 14:34:34.236Z,632.2386,474,SYNTH
2026-02-24 14:34:35.006Z,632.1446,403,SYNTH
2026-02-24 14:34:36.483Z,632.2343,826,SYNTH
2026-02-24 14:34:37.858Z,632.5107,2052,SYNTH
2026-02-24 14:34:38.252Z,632.4389,1847,SYNTH
2026-02-24 14:34:39.559Z,632.3781,2065,SYNTH
2026-02-24 14:34:40.596Z,632.4324,2353,SYNTH
2026-02-24 14:34:41.748Z,632.2644,679,SYNTH
2026-02-24 14:34:42.564Z,632.1174,839,SYNTH
2026-02-24 14:34:43.688Z,632.3109,455,SYNTH
2026-02-24 14:34:44.145Z,632.0246,655,SYNTH
2026-02-24 14:34:45.477Z,632.2845,1330,SYNTH
2026-02-24 14:34:46.067Z,632.1920,1569,SYNTH
2026-02-24 14:34:47.773Z,631.9484,856,SYNTH
2026-02-24 14:34:48.676Z,632.2089,1040,SYNTH
2026-02-24 14:34:49.675Z,631.9198,752,SYNTH
2026-02-24 14:34:50.244Z,631.9143,694,SYNTH
2026-02-24 14:34:51.595Z,632.1196,951,SYNTH
2026-02-24 14:34:52.707Z,632.0141,1101,SYNTH
2026-02-24 14:34:53.472Z,631.8969,682,SYNTH
2026-02-24 14:34:54.478Z,632.0172,1009,SYNTH
2026-02-24 14:34:55.090Z,631.9195,1285,SYNTH
2026-02-24 14:34:56.052Z,632.0071,1050,SYNTH
2026-02-24 14:34:57.052Z,631.8456,612,SYNTH
2026-02-24 14:34:58.828Z,631.9220,1228,SYNTH
2026-02-24 14:34:59.878Z,631.7997,598,SYNTH
2026-02-24 14:35:00.303Z,631.6770,1103,SYNTH
2026-02-24 14:35:01.028Z,631.7390,1156,SYNTH
2026-02-24 14:35:02.217Z,631.6108,1437,SYNTH
2026-02-24 14:35:03.427Z,631.3851,897,SYNTH
2026-02-24 14:35:04.378Z,631.4846,842,SYNTH
2026-02-24 14:35:05.319Z,631.3447,945,SYNTH
2026-02-24 14:35:06.094Z,631.1643,1483,SYNTH
2026-02-24 14:35:07.861Z,631.1134,826,SYNTH
2026-02-24 14:35:08.017Z,630.9933,1061,SYNTH
2026-02-24 14:35:09.128Z,630.7215,1319,SYNTH
2026-02-24 14:35:10.009Z,630.8832,1439,SYNTH
2026-02-24 14:35:11.413Z,630.6438,3167,SYNTH
2026-02-24 14:35:12.777Z,630.9013,2722,SYNTH
2026-02-24 14:35:13.070Z,630.9527,2675,SYNTH
2026-02-24 14:35:14.619Z,631.0033,1379,SYNTH
2026-02-24 14:35:15.074Z,631.0350,811,SYNTH
2026-02-24 14:35:16.609Z,631.1969,1052,SYNTH
2026-02-24 14:35:17.347Z,631.2217,2480,SYNTH
2026-02-24 14:35:18.148Z,631.1534,1476,SYNTH
2026-02-24 14:35:19.467Z,631.1581,1417,SYNTH
2026-02-24 14:35:20.604Z,631.3219,545,SYNTH
2026-02-24 14:35:21.597Z,631.0962,588,SYNTH
2026-02-24 14:35:22.884Z,631.4266,529,SYNTH
2026-02-24 14:35:23.063Z,631.4288,1073,SYNTH
2026-02-24 14:35:24.521Z,631.5565,1081,SYNTH
2026-02-24 14:35:25.331Z,631.6842,1213,SYNTH
2026-02-24 14:35:26.476Z,631.7125,1177,SYNTH
2026-02-24 14:35:27.598Z,631.7439,641,SYNTH
2026-02-24 14:35:28.233Z,631.8678,799,SYNTH
2026-02-24 14:35:29.235Z,632.1217,728,SYNTH
2026-02-24 14:35:30.051Z,632.3960,703,SYNTH
2026-02-24 14:35:31.105Z,632.3183,1119,SYNTH
2026-02-24 14:35:32.124Z,632.4796,1038,SYNTH
2026-02-24 14:35:33.047Z,632.7013,780,SYNTH
2026-02-24 14:35:34.084Z,632.7115,1214,SYNTH
2026-02-24 14:35:35.023Z,632.6253,829,SYNTH
2026-02-24 14:35:36.090Z,632.9172,542,SYNTH
2026-02-24 14:35:37.794Z,632.7406,3205,SYNTH
2026-02-24 14:35:38.462Z,632.8712,2800,SYNTH
2026-02-24 14:35:39.716Z,632.7415,1443,SYNTH
2026-02-24 14:35:40.660Z,632.9470,2434,SYNTH
2026-02-24 14:35:41.897Z,632.8293,991,SYNTH
2026-02-24 14:35:42.477Z,632.6354,1319,SYNTH
2026-02-24 14:35:43.364Z,632.8692,921,SYNTH
2026-02-24 14:35:44.500Z,632.6078,1018,SYNTH
2026-02-24 14:35:45.571Z,632.6181,888,SYNTH
2026-02-24 14:35:46.286Z,632.7600,1569,SYNTH
2026-02-24 14:35:47.231Z,632.5713,921,SYNTH
2026-02-24 14:35:48.075Z,632.4934,986,SYNTH
2026-02-24 14:35:49.087Z,632.5575,737,SYNTH
2026-02-24 14:35:50.414Z,632.6056,833,SYNTH
2026-02-24 14:35:51.066Z,632.2844,1567,SYNTH
2026-02-24 14:35:52.313Z,632.4060,1337,SYNTH
2026-02-24 14:35:53.143Z,632.1773,920,SYNTH
2026-02-24 14:35:54.660Z,632.1271,1752,SYNTH
2026-02-24 14:35:55.415Z,631.9964,914,SYNTH
2026-02-24 14:35:56.604Z,632.2031,1088,SYNTH
2026-02-24 14:35:57.817Z,632.1417,1757,SYNTH
2026-02-24 14:35:58.381Z,631.9716,1246,SYNTH
2026-02-24 14:35:59.467Z,631.9395,1022,SYNTH
2026-02-24 14:36:00.777Z,631.9799,728,SYNTH
2026-02-24 14:36:01.412Z,631.8428,983,SYNTH
2026-02-24 14:36:02.236Z,632.1178,757,SYNTH
2026-02-24 14:36:03.379Z,632.0115,558,SYNTH
2026-02-24 14:36:04.775Z,631.9773,781,SYNTH
2026-02-24 14:36:05.073Z,632.0445,495,SYNTH
2026-02-24 14:36:06.498Z,632.2493,838,SYNTH
2026-02-24 14:36:07.441Z,632.1766,785,SYNTH
2026-02-24 14:36:08.227Z,632.3820,647,SYNTH
2026-02-24 14:36:09.596Z,632.2179,778,SYNTH
2026-02-24 14:36:10.352Z,632.4998,863,SYNTH
2026-02-24 14:36:11.828Z,632.4328,1225,SYNTH
2026-02-24 14:36:12.143Z,632.3521,1156,SYNTH
2026-02-24 14:36:13.704Z,632.4604,1716,SYNTH
2026-02-24 14:36:14.055Z,632.4293,357,SYNTH
2026-02-24 14:36:15.488Z,632.4925,623,SYNTH
2026-02-24 14:36:16.388Z,632.2915,824,SYNTH
2026-02-24 14:36:17.030Z,632.4979,793,SYNTH
2026-02-24 14:36:18.550Z,632.2630,544,SYNTH
2026-02-24 14:36:19.548Z,632.3743,566,SYNTH
2026-02-24 14:36:20.055Z,632.2791,647,SYNTH
2026-02-24 14:36:21.459Z,632.1218,465,SYNTH
2026-02-24 14:36:22.758Z,632.2009,603,SYNTH
2026-02-24 14:36:23.424Z,632.0241,551,SYNTH
2026-02-24 14:36:24.575Z,631.8104,418,SYNTH
2026-02-24 14:36:25.049Z,631.9430,284,SYNTH
2026-02-24 14:36:26.090Z,631.6885,410,SYNTH
2026-02-24 14:36:27.207Z,631.5322,627,SYNTH
2026-02-24 14:36:28.428Z,631.4146,573,SYNTH
2026-02-24 14:36:29.405Z,631.1587,487,SYNTH
2026-02-24 14:36:30.186Z,631.0436,397,SYNTH
2026-02-24 14:36:31.087Z,630.9364,495,SYNTH
2026-02-24 14:36:32.653Z,630.8622,644,SYNTH
2026-02-24 14:36:33.281Z,630.6900,456,SYNTH
2026-02-24 14:36:34.271Z,630.7964,373,SYNTH
2026-02-24 14:36:35.772Z,630.6009,566,SYNTH
2026-02-24 14:36:36.457Z,630.5442,449,SYNTH
2026-02-24 14:36:37.566Z,630.2695,1595,SYNTH
2026-02-24 14:36:38.120Z,630.4979,1522,SYNTH
2026-02-24 14:36:39.593Z,630.4416,1157,SYNTH
2026-02-24 14:36:40.439Z,630.4360,1241,SYNTH
2026-02-24 14:36:41.558Z,630.6319,474,SYNTH
2026-02-24 14:36:42.828Z,630.3638,656,SYNTH
2026-02-24 14:36:43.057Z,630.5527,374,SYNTH
2026-02-24 14:36:44.731Z,630.6621,343,SYNTH
2026-02-24 14:36:45.141Z,630.5549,960,SYNTH
2026-02-24 14:36:46.814Z,630.5225,602,SYNTH
2026-02-24 14:36:47.477Z,630.6434,782,SYNTH
2026-02-24 14:36:48.187Z,630.8707,731,SYNTH
2026-02-24 14:36:49.012Z,630.6063,371,SYNTH
2026-02-24 14:36:50.311Z,631.0137,442,SYNTH
2026-02-24 14:36:51.018Z,630.8827,479,SYNTH
2026-02-24 14:36:52.821Z,630.8844,500,SYNTH
2026-02-24 14:36:53.432Z,631.2632,448,SYNTH
2026-02-24 14:36:54.156Z,631.2872,665,SYNTH
2026-02-24 14:36:55.103Z,631.3190,418,SYNTH
2026-02-24 14:36:56.275Z,631.3926,483,SYNTH
2026-02-24 14:36:57.191Z,631.3332,991,SYNTH
2026-02-24 14:36:58.530Z,631.3699,1025,SYNTH
2026-02-24 14:36:59.767Z,631.4950,855,SYNTH
2026-02-24 14:37:00.319Z,631.7123,285,SYNTH
2026-02-24 14:37:01.339Z,631.7281,399,SYNTH
2026-02-24 14:37:02.034Z,631.5573,430,SYNTH
2026-02-24 14:37:03.296Z,631.3945,367,SYNTH
2026-02-24 14:37:04.873Z,631.3644,259,SYNTH
2026-02-24 14:37:05.676Z,631.4306,321,SYNTH
2026-02-24 14:37:06.023Z,631.0987,283,SYNTH
2026-02-24 14:37:07.410Z,631.0654,330,SYNTH
2026-02-24 14:37:08.216Z,631.0125,176,SYNTH
2026-02-24 14:37:09.003Z,631.0002,154,SYNTH
2026-02-24 14:37:10.008Z,630.8869,174,SYNTH
2026-02-24 14:37:11.835Z,630.6876,405,SYNTH
2026-02-24 14:37:12.622Z,630.6296,613,SYNTH
2026-02-24 14:37:13.784Z,630.7143,831,SYNTH
2026-02-24 14:37:14.595Z,631.0062,233,SYNTH
2026-02-24 14:37:15.364Z,631.1189,174,SYNTH
2026-02-24 14:37:16.358Z,630.9620,571,SYNTH
2026-02-24 14:37:17.094Z,631.0675,455,SYNTH
2026-02-24 14:37:18.386Z,631.0260,236,SYNTH
2026-02-24 14:37:19.151Z,631.1985,301,SYNTH
2026-02-24 14:37:20.298Z,631.0837,266,SYNTH
2026-02-24 14:37:21.124Z,631.3056,223,SYNTH
2026-02-24 14:37:22.382Z,631.1536,198,SYNTH
2026-02-24 14:37:23.547Z,631.2546,290,SYNTH
2026-02-24 14:37:24.196Z,631.2918,269,SYNTH
2026-02-24 14:37:25.085Z,631.6122,209,SYNTH
2026-02-24 14:37:26.801Z,631.4664,167,SYNTH
2026-02-24 14:37:27.868Z,631.5902,217,SYNTH
2026-02-24 14:37:28.203Z,631.7469,283,SYNTH
2026-02-24 14:37:29.646Z,631.9452,161,SYNTH
2026-02-24 14:37:30.813Z,631.8546,196,SYNTH
2026-02-24 14:37:31.739Z,631.7978,246,SYNTH
2026-02-24 14:37:32.667Z,632.1230,178,SYNTH
2026-02-24 14:37:33.105Z,632.0578,207,SYNTH
2026-02-24 14:37:34.787Z,632.0124,119,SYNTH
2026-02-24 14:37:35.607Z,632.3210,189,SYNTH
2026-02-24 14:37:36.176Z,632.3781,150,SYNTH
2026-02-24 14:37:37.678Z,632.1741,344,SYNTH
2026-02-24 14:37:38.791Z,632.4226,435,SYNTH
2026-02-24 14:37:39.701Z,632.2364,567,SYNTH
2026-02-24 14:37:40.714Z,632.1800,492,SYNTH
2026-02-24 14:37:41.881Z,632.1184,211,SYNTH
2026-02-24 14:37:42.072Z,632.3536,275,SYNTH
2026-02-24 14:37:43.685Z,632.2451,320,SYNTH
2026-02-24 14:37:44.429Z,632.0708,225,SYNTH
2026-02-24 14:37:45.470Z,632.3302,498,SYNTH
2026-02-24 14:37:46.211Z,632.0381,376,SYNTH
2026-02-24 14:37:47.817Z,632.2953,481,SYNTH
2026-02-24 14:37:48.820Z,632.3084,287,SYNTH
2026-02-24 14:37:49.037Z,632.1412,208,SYNTH
2026-02-24 14:37:50.507Z,631.9420,343,SYNTH
2026-02-24 14:37:51.070Z,631.9203,316,SYNTH
2026-02-24 14:37:52.794Z,632.1687,171,SYNTH
2026-02-24 14:37:53.164Z,631.9059,325,SYNTH
2026-02-24 14:37:54.179Z,632.0477,307,SYNTH
2026-02-24 14:37:55.035Z,632.1130,369,SYNTH
2026-02-24 14:37:56.393Z,631.9024,269,SYNTH
2026-02-24 14:37:57.610Z,631.7992,178,SYNTH
2026-02-24 14:37:58.297Z,632.1053,425,SYNTH
2026-02-24 14:37:59.707Z,631.9390,419,SYNTH
2026-02-24 14:38:00.897Z,631.8755,621,SYNTH
2026-02-24 14:38:01.060Z,631.9860,617,SYNTH
2026-02-24 14:38:02.505Z,631.7706,560,SYNTH
2026-02-24 14:38:03.415Z,631.9612,661,SYNTH
2026-02-24 14:38:04.685Z,631.9538,365,SYNTH
2026-02-24 14:38:05.852Z,631.7989,459,SYNTH
2026-02-24 14:38:06.857Z,631.8046,309,SYNTH
2026-02-24 14:38:07.159Z,631.6036,555,SYNTH
2026-02-24 14:38:08.223Z,631.7880,462,SYNTH
2026-02-24 14:38:09.357Z,631.5533,306,SYNTH
2026-02-24 14:38:10.063Z,631.4896,339,SYNTH
2026-02-24 14:38:11.647Z,631.6958,1494,SYNTH
2026-02-24 14:38:12.475Z,631.7762,1386,SYNTH
2026-02-24 14:38:13.058Z,631.5452,644,SYNTH
2026-02-24 14:38:14.090Z,631.7367,524,SYNTH
2026-02-24 14:38:15.445Z,631.6520,531,SYNTH
2026-02-24 14:38:16.282Z,631.7027,906,SYNTH
2026-02-24 14:38:17.338Z,631.7591,411,SYNTH
2026-02-24 14:38:18.512Z,631.8027,647,SYNTH
2026-02-24 14:38:19.210Z,631.6081,886,SYNTH
2026-02-24 14:38:20.290Z,631.8969,436,SYNTH
2026-02-24 14:38:21.135Z,631.8683,431,SYNTH
2026-02-24 14:38:22.540Z,631.8475,215,SYNTH
2026-02-24 14:38:23.553Z,632.1341,431,SYNTH
2026-02-24 14:38:24.310Z,632.3375,494,SYNTH
2026-02-24 14:38:25.295Z,632.5721,354,SYNTH
2026-02-24 14:38:26.826Z,632.5305,328,SYNTH
2026-02-24 14:38:27.587Z,632.8012,422,SYNTH
2026-02-24 14:38:28.241Z,633.1355,446,SYNTH
2026-02-24 14:38:29.844Z,633.4253,374,SYNTH
2026-02-24 14:38:30.723Z,633.3348,420,SYNTH
2026-02-24 14:38:31.259Z,633.7335,249,SYNTH
2026-02-24 14:38:32.372Z,633.8891,264,SYNTH
2026-02-24 14:38:33.725Z,633.9395,318,SYNTH
2026-02-24 14:38:34.682Z,634.2767,224,SYNTH
2026-02-24 14:38:35.870Z,634.3115,381,SYNTH
2026-02-24 14:38:36.732Z,634.2633,305,SYNTH
2026-02-24 14:38:37.345Z,634.4533,1148,SYNTH
2026-02-24 14:38:38.619Z,634.5421,1198,SYNTH
2026-02-24 14:38:39.436Z,634.4929,873,SYNTH
2026-02-24 14:38:40.747Z,634.3361,952,SYNTH
2026-02-24 14:38:41.887Z,634.5359,297,SYNTH
2026-02-24 14:38:42.097Z,634.3791,504,SYNTH
2026-02-24 14:38:43.792Z,634.1070,550,SYNTH
2026-02-24 14:38:44.521Z,634.3875,462,SYNTH
2026-02-24 14:38:45.100Z,634.2106,864,SYNTH
2026-02-24 14:38:46.527Z,634.3773,749,SYNTH
2026-02-24 14:38:47.117Z,634.1422,441,SYNTH
2026-02-24 14:38:48.256Z,634.0300,249,SYNTH
2026-02-24 14:38:49.506Z,634.3490,451,SYNTH
2026-02-24 14:38:50.005Z,634.3548,416,SYNTH
2026-02-24 14:38:51.644Z,634.1980,575,SYNTH
2026-02-24 14:38:52.367Z,634.0397,521,SYNTH
2026-02-24 14:38:53.073Z,634.3073,475,SYNTH
2026-02-24 14:38:54.019Z,634.1259,536,SYNTH
2026-02-24 14:38:55.085Z,634.0412,687,SYNTH
2026-02-24 14:38:56.847Z,634.2552,575,SYNTH
2026-02-24 14:38:57.298Z,633.9703,679,SYNTH
2026-02-24 14:38:58.368Z,634.1054,716,SYNTH
2026-02-24 14:38:59.653Z,634.1789,641,SYNTH
2026-02-24 14:39:00.090Z,634.2502,773,SYNTH
2026-02-24 14:39:01.694Z,634.1031,513,SYNTH
2026-02-24 14:39:02.766Z,634.2285,646,SYNTH
2026-02-24 14:39:03.426Z,634.0456,407,SYNTH
2026-02-24 14:39:04.753Z,633.9581,630,SYNTH
2026-02-24 14:39:05.507Z,634.1131,630,SYNTH
2026-02-24 14:39:06.537Z,633.8712,422,SYNTH
2026-02-24 14:39:07.683Z,633.8615,681,SYNTH
2026-02-24 14:39:08.807Z,633.8025,721,SYNTH
2026-02-24 14:39:09.344Z,633.5298,594,SYNTH
2026-02-24 14:39:10.460Z,633.8271,578,SYNTH
2026-02-24 14:39:11.201Z,633.5991,1375,SYNTH
2026-02-24 14:39:12.066Z,633.6607,1316,SYNTH
2026-02-24 14:39:13.215Z,633.5440,772,SYNTH
2026-02-24 14:39:14.152Z,633.4972,489,SYNTH
2026-02-24 14:39:15.269Z,633.8371,377,SYNTH
2026-02-24 14:39:16.829Z,633.7666,709,SYNTH
2026-02-24 14:39:17.055Z,633.9078,1111,SYNTH
2026-02-24 14:39:18.134Z,633.7319,1048,SYNTH
2026-02-24 14:39:19.539Z,633.8348,613,SYNTH
2026-02-24 14:39:20.038Z,633.8609,428,SYNTH
2026-02-24 14:39:21.814Z,634.0228,276,SYNTH
2026-02-24 14:39:22.214Z,633.9035,371,SYNTH
2026-02-24 14:39:23.520Z,634.0189,490,SYNTH
2026-02-24 14:39:24.300Z,634.1511,466,SYNTH
2026-02-24 14:39:25.872Z,634.1139,505,SYNTH
2026-02-24 14:39:26.307Z,634.0498,415,SYNTH
2026-02-24 14:39:27.524Z,634.1707,491,SYNTH
2026-02-24 14:39:28.138Z,634.2310,252,SYNTH
2026-02-24 14:39:29.459Z,634.4696,400,SYNTH
2026-02-24 14:39:30.097Z,634.4861,375,SYNTH
2026-02-24 14:39:31.442Z,634.5633,536,SYNTH
2026-02-24 14:39:32.370Z,634.6034,334,SYNTH
2026-02-24 14:39:33.013Z,634.8269,290,SYNTH
2026-02-24 14:39:34.056Z,634.7089,336,SYNTH
2026-02-24 14:39:35.739Z,634.7827,406,SYNTH
2026-02-24 14:39:36.730Z,634.7075,391,SYNTH
2026-02-24 14:39:37.870Z,635.0018,798,SYNTH
2026-02-24 14:39:38.529Z,634.7393,1250,SYNTH
2026-02-24 14:39:39.728Z,634.7691,1399,SYNTH
2026-02-24 14:39:40.389Z,634.9888,798,SYNTH
2026-02-24 14:39:41.445Z,634.6944,266,SYNTH
2026-02-24 14:39:42.260Z,634.8564,611,SYNTH
2026-02-24 14:39:43.213Z,634.7731,257,SYNTH
2026-02-24 14:39:44.520Z,634.8667,490,SYNTH
2026-02-24 14:39:45.786Z,634.7791,528,SYNTH
2026-02-24 14:39:46.135Z,634.9443,985,SYNTH
2026-02-24 14:39:47.878Z,634.9590,824,SYNTH
2026-02-24 14:39:48.777Z,634.8588,668,SYNTH
2026-02-24 14:39:49.587Z,634.7046,468,SYNTH
2026-02-24 14:39:50.659Z,634.9189,511,SYNTH
2026-02-24 14:39:51.817Z,634.7471,688,SYNTH
2026-02-24 14:39:52.881Z,634.8148,404,SYNTH
2026-02-24 14:39:53.866Z,634.7023,443,SYNTH
2026-02-24 14:39:54.155Z,634.7757,475,SYNTH
2026-02-24 14:39:55.175Z,634.8148,644,SYNTH
2026-02-24 14:39:56.625Z,634.7429,792,SYNTH
2026-02-24 14:39:57.848Z,634.4809,776,SYNTH
2026-02-24 14:39:58.677Z,634.6473,591,SYNTH
2026-02-24 14:39:59.395Z,634.6037,797,SYNTH
2026-02-24 14:40:00.635Z,634.5211,570,SYNTH
2026-02-24 14:40:01.381Z,634.5949,485,SYNTH
2026-02-24 14:40:02.818Z,634.4477,864,SYNTH
2026-02-24 14:40:03.234Z,634.5881,1089,SYNTH
2026-02-24 14:40:04.879Z,634.2808,793,SYNTH
2026-02-24 14:40:05.581Z,634.6376,573,SYNTH
2026-02-24 14:40:06.426Z,634.2777,702,SYNTH
2026-02-24 14:40:07.706Z,634.4704,422,SYNTH
2026-02-24 14:40:08.704Z,634.2796,928,SYNTH
2026-02-24 14:40:09.443Z,634.2663,504,SYNTH
2026-02-24 14:40:10.328Z,634.4512,949,SYNTH
2026-02-24 14:40:11.294Z,634.3875,1951,SYNTH
2026-02-24 14:40:12.418Z,634.3828,1139,SYNTH
2026-02-24 14:40:13.679Z,634.3393,2009,SYNTH
2026-02-24 14:40:14.639Z,634.3795,808,SYNTH
2026-02-24 14:40:15.703Z,634.5428,371,SYNTH
2026-02-24 14:40:16.092Z,634.4179,1105,SYNTH
2026-02-24 14:40:17.672Z,634.2521,1117,SYNTH
2026-02-24 14:40:18.762Z,634.5626,1246,SYNTH
2026-02-24 14:40:19.333Z,634.3570,748,SYNTH
2026-02-24 14:40:20.663Z,634.5486,669,SYNTH
2026-02-24 14:40:21.825Z,634.5739,760,SYNTH
2026-02-24 14:40:22.209Z,634.4522,342,SYNTH
2026-02-24 14:40:23.488Z,634.5131,595,SYNTH
2026-02-24 14:40:24.332Z,634.6688,482,SYNTH
2026-02-24 14:40:25.285Z,634.6928,406,SYNTH
2026-02-24 14:40:26.552Z,635.0041,544,SYNTH
2026-02-24 14:40:27.242Z,634.8131,577,SYNTH
2026-02-24 14:40:28.862Z,635.2512,358,SYNTH
2026-02-24 14:40:29.513Z,635.0773,381,SYNTH
2026-02-24 14:40:30.081Z,635.2993,607,SYNTH
2026-02-24 14:40:31.191Z,635.3645,559,SYNTH
2026-02-24 14:40:32.417Z,635.3028,461,SYNTH
2026-02-24 14:40:33.301Z,635.5323,361,SYNTH
2026-02-24 14:40:34.496Z,635.5946,754,SYNTH
2026-02-24 14:40:35.461Z,635.5190,513,SYNTH
2026-02-24 14:40:36.713Z,635.8314,376,SYNTH
2026-02-24 14:40:37.277Z,635.8634,995,SYNTH
2026-02-24 14:40:38.652Z,635.8589,902,SYNTH
2026-02-24 14:40:39.625Z,635.5653,1004,SYNTH
2026-02-24 14:40:40.578Z,635.7060,1604,SYNTH
2026-02-24 14:40:41.776Z,635.7881,558,SYNTH
2026-02-24 14:40:42.880Z,635.5045,382,SYNTH
2026-02-24 14:40:43.401Z,635.7072,765,SYNTH
2026-02-24 14:40:44.854Z,635.5780,553,SYNTH
2026-02-24 14:40:45.462Z,635.4601,660,SYNTH
2026-02-24 14:40:46.398Z,635.6232,733,SYNTH
2026-02-24 14:40:47.498Z,635.7557,666,SYNTH
2026-02-24 14:40:48.750Z,635.4456,757,SYNTH
2026-02-24 14:40:49.548Z,635.5881,597,SYNTH
2026-02-24 14:40:50.288Z,635.7519,892,SYNTH
2026-02-24 14:40:51.856Z,635.5707,412,SYNTH
2026-02-24 14:40:52.464Z,635.7701,779,SYNTH
2026-02-24 14:40:53.130Z,635.6005,656,SYNTH
2026-02-24 14:40:54.352Z,635.5794,499,SYNTH
2026-02-24 14:40:55.786Z,635.5440,570,SYNTH
2026-02-24 14:40:56.313Z,635.6512,1102,SYNTH
2026-02-24 14:40:57.342Z,635.5516,1143,SYNTH
2026-02-24 14:40:58.316Z,635.6597,883,SYNTH
2026-02-24 14:40:59.881Z,635.6101,722,SYNTH
2026-02-24 14:41:00.665Z,635.6125,496,SYNTH
2026-02-24 14:41:01.132Z,635.6818,588,SYNTH
2026-02-24 14:41:02.807Z,635.5090,649,SYNTH
2026-02-24 14:41:03.259Z,635.7207,426,SYNTH
2026-02-24 14:41:04.467Z,635.6596,289,SYNTH
2026-02-24 14:41:05.809Z,635.8229,568,SYNTH
2026-02-24 14:41:06.700Z,635.7658,273,SYNTH
2026-02-24 14:41:07.624Z,635.9276,264,SYNTH
2026-02-24 14:41:08.693Z,635.9397,571,SYNTH
2026-02-24 14:41:09.692Z,635.9927,508,SYNTH
2026-02-24 14:41:10.164Z,636.0580,279,SYNTH
2026-02-24 14:41:11.582Z,635.8673,1120,SYNTH
2026-02-24 14:41:12.889Z,636.0290,626,SYNTH
2026-02-24 14:41:13.748Z,635.8537,638,SYNTH
2026-02-24 14:41:14.194Z,635.9492,413,SYNTH
2026-02-24 14:41:15.806Z,635.9856,308,SYNTH
2026-02-24 14:41:16.257Z,635.7836,550,SYNTH
2026-02-24 14:41:17.726Z,636.1070,591,SYNTH
2026-02-24 14:41:18.482Z,635.9669,769,SYNTH
2026-02-24 14:41:19.614Z,635.8241,914,SYNTH
2026-02-24 14:41:20.124Z,635.8806,271,SYNTH
2026-02-24 14:41:21.371Z,635.7765,469,SYNTH
2026-02-24 14:41:22.605Z,635.6614,280,SYNTH
2026-02-24 14:41:23.207Z,635.8580,349,SYNTH
2026-02-24 14:41:24.800Z,635.5927,306,SYNTH
2026-02-24 14:41:25.855Z,635.5206,348,SYNTH
2026-02-24 14:41:26.038Z,635.4934,481,SYNTH
2026-02-24 14:41:27.052Z,635.6330,335,SYNTH
2026-02-24 14:41:28.839Z,635.5619,239,SYNTH
2026-02-24 14:41:29.042Z,635.3241,445,SYNTH
2026-02-24 14:41:30.253Z,635.3662,231,SYNTH
2026-02-24 14:41:31.385Z,635.4300,468,SYNTH
2026-02-24 14:41:32.797Z,635.0580,199,SYNTH
2026-02-24 14:41:33.742Z,635.1747,390,SYNTH
2026-02-24 14:41:34.035Z,635.0639,285,SYNTH
2026-02-24 14:41:35.064Z,635.1535,241,SYNTH
2026-02-24 14:41:36.594Z,634.9809,308,SYNTH
2026-02-24 14:41:37.114Z,635.0290,1099,SYNTH
2026-02-24 14:41:38.872Z,635.1558,1067,SYNTH
2026-02-24 14:41:39.463Z,635.0457,740,SYNTH
2026-02-24 14:41:40.134Z,635.1412,693,SYNTH
2026-02-24 14:41:41.734Z,634.9043,503,SYNTH
2026-02-24 14:41:42.883Z,634.9697,385,SYNTH
2026-02-24 14:41:43.117Z,635.1936,499,SYNTH
2026-02-24 14:41:44.635Z,634.9133,329,SYNTH
2026-02-24 14:41:45.443Z,635.0384,508,SYNTH
2026-02-24 14:41:46.513Z,635.2631,858,SYNTH
2026-02-24 14:41:47.805Z,635.0498,818,SYNTH
2026-02-24 14:41:48.792Z,635.1508,279,SYNTH
2026-02-24 14:41:49.774Z,635.0698,284,SYNTH
2026-02-24 14:41:50.262Z,635.3017,340,SYNTH
2026-02-24 14:41:51.533Z,634.9839,343,SYNTH
2026-02-24 14:41:52.042Z,635.3458,568,SYNTH
2026-02-24 14:41:53.646Z,635.1941,481,SYNTH
2026-02-24 14:41:54.354Z,635.1130,299,SYNTH
2026-02-24 14:41:55.088Z,635.2278,500,SYNTH
2026-02-24 14:41:56.814Z,635.2463,446,SYNTH
2026-02-24 14:41:57.485Z,635.2040,426,SYNTH
2026-02-24 14:41:58.628Z,635.2457,731,SYNTH
2026-02-24 14:41:59.580Z,635.2537,542,SYNTH
2026-02-24 14:42:00.025Z,635.4774,520,SYNTH
2026-02-24 14:42:01.380Z,635.4911,801,SYNTH
2026-02-24 14:42:02.643Z,635.5150,652,SYNTH
2026-02-24 14:42:03.565Z,635.2977,591,SYNTH
2026-02-24 14:42:04.787Z,635.3680,770,SYNTH
2026-02-24 14:42:05.788Z,635.1554,773,SYNTH
2026-02-24 14:42:06.629Z,635.1197,454,SYNTH
2026-02-24 14:42:07.769Z,635.2549,579,SYNTH
2026-02-24 14:42:08.552Z,634.9808,704,SYNTH
2026-02-24 14:42:09.824Z,635.0183,444,SYNTH
2026-02-24 14:42:10.350Z,635.0740,691,SYNTH
2026-02-24 14:42:11.765Z,634.8838,888,SYNTH
2026-02-24 14:42:12.091Z,635.0707,1010,SYNTH
2026-02-24 14:42:13.800Z,634.9441,812,SYNTH
2026-02-24 14:42:14.440Z,635.2551,294,SYNTH
2026-02-24 14:42:15.364Z,635.2230,339,SYNTH
2026-02-24 14:42:16.440Z,635.2921,513,SYNTH
2026-02-24 14:42:17.802Z,635.0667,1069,SYNTH
2026-02-24 14:42:18.170Z,635.3155,788,SYNTH
2026-02-24 14:42:19.751Z,635.1660,1013,SYNTH
2026-02-24 14:42:20.415Z,635.0658,285,SYNTH
2026-02-24 14:42:21.404Z,635.3644,492,SYNTH
2026-02-24 14:42:22.678Z,635.2651,506,SYNTH
2026-02-24 14:42:23.325Z,635.3371,584,SYNTH
2026-02-24 14:42:24.083Z,635.4456,423,SYNTH
2026-02-24 14:42:25.072Z,635.4331,604,SYNTH
2026-02-24 14:42:26.285Z,635.8108,541,SYNTH
2026-02-24 14:42:27.255Z,635.7002,533,SYNTH
2026-02-24 14:42:28.774Z,635.7516,318,SYNTH
2026-02-24 14:42:29.477Z,636.0173,481,SYNTH
2026-02-24 14:42:30.818Z,636.0656,367,SYNTH
2026-02-24 14:42:31.795Z,636.1962,396,SYNTH
2026-02-24 14:42:32.558Z,636.3875,523,SYNTH
2026-02-24 14:42:33.092Z,636.1577,467,SYNTH
2026-02-24 14:42:34.511Z,636.4150,437,SYNTH
2026-02-24 14:42:35.578Z,636.5644,529,SYNTH
2026-02-24 14:42:36.664Z,636.6901,410,SYNTH
2026-02-24 14:42:37.074Z,636.6373,875,SYNTH
2026-02-24 14:42:38.269Z,636.4155,1322,SYNTH
2026-02-24 14:42:39.161Z,636.6648,1518,SYNTH
2026-02-24 14:42:40.604Z,636.5457,934,SYNTH
2026-02-24 14:42:41.679Z,636.6509,439,SYNTH
2026-02-24 14:42:42.583Z,636.4744,434,SYNTH
2026-02-24 14:42:43.726Z,636.3484,442,SYNTH
2026-02-24 14:42:44.717Z,636.4416,409,SYNTH
2026-02-24 14:42:45.112Z,636.2752,1029,SYNTH
2026-02-24 14:42:46.589Z,636.4216,499,SYNTH
2026-02-24 14:42:47.745Z,636.1403,859,SYNTH
2026-02-24 14:42:48.374Z,636.2829,310,SYNTH
2026-02-24 14:42:49.107Z,636.0417,592,SYNTH
2026-02-24 14:42:50.895Z,635.9356,628,SYNTH
2026-02-24 14:42:51.073Z,635.9961,543,SYNTH
2026-02-24 14:42:52.657Z,636.0219,377,SYNTH
2026-02-24 14:42:53.259Z,635.6765,435,SYNTH
2026-02-24 14:42:54.469Z,635.8659,523,SYNTH
2026-02-24 14:42:55.744Z,635.7293,662,SYNTH
2026-02-24 14:42:56.649Z,635.5152,395,SYNTH
2026-02-24 14:42:57.616Z,635.5632,702,SYNTH
2026-02-24 14:42:58.585Z,635.6860,912,SYNTH
2026-02-24 14:42:59.170Z,635.4815,859,SYNTH
2026-02-24 14:43:00.499Z,635.7463,455,SYNTH
2026-02-24 14:43:01.500Z,635.5618,589,SYNTH
2026-02-24 14:43:02.656Z,635.5149,624,SYNTH
2026-02-24 14:43:03.707Z,635.6828,427,SYNTH
2026-02-24 14:43:04.642Z,635.5140,364,SYNTH
2026-02-24 14:43:05.393Z,635.4697,307,SYNTH
2026-02-24 14:43:06.462Z,635.2521,381,SYNTH
2026-02-24 14:43:07.556Z,635.2206,511,SYNTH
2026-02-24 14:43:08.863Z,634.9607,367,SYNTH
2026-02-24 14:43:09.796Z,635.1691,514,SYNTH
2026-02-24 14:43:10.219Z,634.8378,272,SYNTH
2026-02-24 14:43:11.791Z,635.0465,983,SYNTH
2026-02-24 14:43:12.490Z,634.7708,1153,SYNTH
2026-02-24 14:43:13.891Z,634.8487,792,SYNTH
2026-02-24 14:43:14.573Z,635.0128,433,SYNTH
2026-02-24 14:43:15.223Z,635.2328,496,SYNTH
2026-02-24 14:43:16.058Z,635.1025,456,SYNTH
2026-02-24 14:43:17.514Z,635.3465,422,SYNTH
2026-02-24 14:43:18.877Z,635.1370,619,SYNTH
2026-02-24 14:43:19.897Z,635.0166,474,SYNTH
2026-02-24 14:43:20.202Z,635.1408,406,SYNTH
2026-02-24 14:43:21.541Z,635.2219,365,SYNTH
2026-02-24 14:43:22.443Z,635.4788,407,SYNTH
2026-02-24 14:43:23.782Z,635.5256,280,SYNTH
2026-02-24 14:43:24.459Z,635.5712,336,SYNTH
2026-02-24 14:43:25.675Z,635.4975,370,SYNTH
2026-02-24 14:43:26.190Z,635.4688,335,SYNTH
2026-02-24 14:43:27.365Z,635.6635,375,SYNTH
2026-02-24 14:43:28.185Z,635.7890,414,SYNTH
2026-02-24 14:43:29.742Z,635.8429,202,SYNTH
2026-02-24 14:43:30.032Z,635.9057,293,SYNTH
2026-02-24 14:43:31.660Z,636.1269,332,SYNTH
2026-02-24 14:43:32.223Z,635.9490,193,SYNTH
2026-02-24 14:43:33.631Z,636.0314,238,SYNTH
2026-02-24 14:43:34.002Z,636.2192,363,SYNTH
2026-02-24 14:43:35.509Z,636.2668,299,SYNTH
2026-02-24 14:43:36.097Z,636.3254,250,SYNTH
2026-02-24 14:43:37.723Z,636.4287,916,SYNTH
2026-02-24 14:43:38.338Z,636.1642,795,SYNTH
2026-02-24 14:43:39.864Z,636.1484,659,SYNTH
2026-02-24 14:43:40.417Z,636.1933,636,SYNTH
2026-02-24 14:43:41.871Z,636.1341,194,SYNTH
2026-02-24 14:43:42.836Z,636.1135,238,SYNTH
2026-02-24 14:43:43.396Z,636.3401,440,SYNTH
2026-02-24 14:43:44.474Z,636.1568,231,SYNTH
2026-02-24 14:43:45.240Z,636.2413,504,SYNTH
2026-02-24 14:43:46.398Z,636.2958,319,SYNTH
2026-02-24 14:43:47.254Z,636.1776,758,SYNTH
2026-02-24 14:43:48.821Z,636.2834,468,SYNTH
2026-02-24 14:43:49.441Z,636.0749,322,SYNTH
2026-02-24 14:43:50.253Z,636.3210,356,SYNTH
2026-02-24 14:43:51.363Z,636.2378,236,SYNTH
2026-02-24 14:43:52.111Z,636.0221,443,SYNTH
2026-02-24 14:43:53.478Z,636.1446,438,SYNTH
2026-02-24 14:43:54.033Z,636.0174,287,SYNTH
2026-02-24 14:43:55.088Z,636.1292,536,SYNTH
2026-02-24 14:43:56.311Z,635.9452,623,SYNTH
2026-02-24 14:43:57.508Z,635.9249,474,SYNTH
2026-02-24 14:43:58.840Z,636.1494,611,SYNTH
2026-02-24 14:43:59.332Z,636.0164,512,SYNTH
2026-02-24 14:44:00.870Z,636.1212,970,SYNTH
2026-02-24 14:44:01.316Z,636.2141,957,SYNTH
2026-02-24 14:44:02.217Z,636.0239,1001,SYNTH
2026-02-24 14:44:03.052Z,635.9135,748,SYNTH
2026-02-24 14:44:04.411Z,635.8844,1072,SYNTH
2026-02-24 14:44:05.214Z,635.9854,1124,SYNTH
2026-02-24 14:44:06.080Z,636.0830,697,SYNTH
2026-02-24 14:44:07.226Z,635.7327,1107,SYNTH
2026-02-24 14:44:08.742Z,635.8016,469,SYNTH
2026-02-24 14:44:09.171Z,635.9306,648,SYNTH
2026-02-24 14:44:10.607Z,635.9444,1036,SYNTH
2026-02-24 14:44:11.307Z,635.7031,1073,SYNTH
2026-02-24 14:44:12.051Z,635.8212,1064,SYNTH
2026-02-24 14:44:13.114Z,635.7589,2045,SYNTH
2026-02-24 14:44:14.419Z,635.8670,755,SYNTH
2026-02-24 14:44:15.568Z,635.7303,458,SYNTH
2026-02-24 14:44:16.320Z,635.9443,1289,SYNTH
2026-02-24 14:44:17.875Z,635.8720,1057,SYNTH
2026-02-24 14:44:18.392Z,635.8468,981,SYNTH
2026-02-24 14:44:19.778Z,635.8508,972,SYNTH
2026-02-24 14:44:20.825Z,636.0224,453,SYNTH
2026-02-24 14:44:21.830Z,635.9059,475,SYNTH
2026-02-24 14:44:22.490Z,636.2126,600,SYNTH
2026-02-24 14:44:23.279Z,636.3640,802,SYNTH
2026-02-24 14:44:24.456Z,636.4478,409,SYNTH
2026-02-24 14:44:25.899Z,636.4735,691,SYNTH
2026-02-24 14:44:26.215Z,636.8202,819,SYNTH
2026-02-24 14:44:27.049Z,636.7476,662,SYNTH
2026-02-24 14:44:28.517Z,636.9957,557,SYNTH
2026-02-24 14:44:29.183Z,637.3017,500,SYNTH
2026-02-24 14:44:30.897Z,637.4489,360,SYNTH
2026-02-24 14:44:31.814Z,637.6019,642,SYNTH
2026-02-24 14:44:32.112Z,637.7887,407,SYNTH
2026-02-24 14:44:33.016Z,637.7834,669,SYNTH
2026-02-24 14:44:34.858Z,637.8539,455,SYNTH
2026-02-24 14:44:35.326Z,637.8738,429,SYNTH
2026-02-24 14:44:36.050Z,637.9558,809,SYNTH
2026-02-24 14:44:37.855Z,638.1527,1220,SYNTH
2026-02-24 14:44:38.588Z,638.0617,1499,SYNTH
2026-02-24 14:44:39.630Z,638.1972,1663,SYNTH
2026-02-24 14:44:40.550Z,638.1231,2213,SYNTH
2026-02-24 14:44:41.457Z,638.0068,432,SYNTH
2026-02-24 14:44:42.853Z,637.9455,711,SYNTH
2026-02-24 14:44:43.867Z,637.8074,677,SYNTH
2026-02-24 14:44:44.391Z,637.8690,737,SYNTH
2026-02-24 14:44:45.080Z,637.6975,1226,SYNTH
2026-02-24 14:44:46.774Z,637.6434,799,SYNTH
2026-02-24 14:44:47.626Z,637.8389,896,SYNTH
2026-02-24 14:44:48.533Z,637.9288,889,SYNTH
2026-02-24 14:44:49.446Z,637.7691,449,SYNTH
2026-02-24 14:44:50.753Z,637.8659,778,SYNTH
2026-02-24 14:44:51.088Z,637.6899,986,SYNTH
2026-02-24 14:44:52.329Z,637.9703,663,SYNTH
2026-02-24 14:44:53.506Z,637.7021,612,SYNTH
2026-02-24 14:44:54.731Z,637.6284,971,SYNTH
2026-02-24 14:44:55.706Z,637.6187,715,SYNTH
2026-02-24 14:44:56.472Z,637.6716,557,SYNTH
2026-02-24 14:44:57.043Z,637.8285,1106,SYNTH
2026-02-24 14:44:58.121Z,637.7616,690,SYNTH
2026-02-24 14:44:59.133Z,637.7309,637,SYNTH
2026-02-24 14:45:00.866Z,637.7478,909,SYNTH
2026-02-24 14:45:01.662Z,637.6687,969,SYNTH
2026-02-24 14:45:02.214Z,637.6229,621,SYNTH
2026-02-24 14:45:03.220Z,637.4448,739,SYNTH
2026-02-24 14:45:04.353Z,637.4220,442,SYNTH
2026-02-24 14:45:05.815Z,637.3400,701,SYNTH
2026-02-24 14:45:06.512Z,637.4758,842,SYNTH
2026-02-24 14:45:07.851Z,637.2688,751,SYNTH
2026-02-24 14:45:08.441Z,637.3385,872,SYNTH
2026-02-24 14:45:09.442Z,637.2028,955,SYNTH
2026-02-24 14:45:10.813Z,636.9241,577,SYNTH
2026-02-24 14:45:11.096Z,637.0479,1229,SYNTH
2026-02-24 14:45:12.667Z,636.9476,2296,SYNTH
2026-02-24 14:45:13.624Z,636.8875,1836,SYNTH
2026-02-24 14:45:14.814Z,637.1090,823,SYNTH
2026-02-24 14:45:15.890Z,637.1855,761,SYNTH
2026-02-24 14:45:16.054Z,637.1824,679,SYNTH
2026-02-24 14:45:17.816Z,637.3941,1419,SYNTH
2026-02-24 14:45:18.755Z,637.4321,1489,SYNTH
2026-02-24 14:45:19.513Z,637.2363,1229,SYNTH
2026-02-24 14:45:20.040Z,637.3560,607,SYNTH
2026-02-24 14:45:21.378Z,637.4668,735,SYNTH
2026-02-24 14:45:22.810Z,637.2896,503,SYNTH
2026-02-24 14:45:23.699Z,637.5472,420,SYNTH
2026-02-24 14:45:24.556Z,637.4748,395,SYNTH
2026-02-24 14:45:25.387Z,637.5688,578,SYNTH
2026-02-24 14:45:26.238Z,637.6823,518,SYNTH
2026-02-24 14:45:27.683Z,637.5315,528,SYNTH
2026-02-24 14:45:28.740Z,637.6787,559,SYNTH
2026-02-24 14:45:29.367Z,637.8266,328,SYNTH
2026-02-24 14:45:30.066Z,637.9935,422,SYNTH
2026-02-24 14:45:31.544Z,638.0403,579,SYNTH
2026-02-24 14:45:32.411Z,638.1202,572,SYNTH
2026-02-24 14:45:33.368Z,638.1831,404,SYNTH
2026-02-24 14:45:34.658Z,638.0160,650,SYNTH
2026-02-24 14:45:35.393Z,638.1664,718,SYNTH
2026-02-24 14:45:36.785Z,638.0819,572,SYNTH
2026-02-24 14:45:37.882Z,638.1337,1306,SYNTH
2026-02-24 14:45:38.063Z,638.3550,1262,SYNTH
2026-02-24 14:45:39.042Z,638.1171,1320,SYNTH
2026-02-24 14:45:40.618Z,638.2523,979,SYNTH
2026-02-24 14:45:41.325Z,638.2895,501,SYNTH
2026-02-24 14:45:42.501Z,638.3003,366,SYNTH
2026-02-24 14:45:43.577Z,638.0921,732,SYNTH
2026-02-24 14:45:44.739Z,638.2588,712,SYNTH
2026-02-24 14:45:45.753Z,638.1803,627,SYNTH
2026-02-24 14:45:46.711Z,638.2456,694,SYNTH
2026-02-24 14:45:47.697Z,638.1776,1053,SYNTH
2026-02-24 14:45:48.766Z,638.1084,607,SYNTH
2026-02-24 14:45:49.094Z,637.8825,629,SYNTH
2026-02-24 14:45:50.034Z,637.9720,468,SYNTH
2026-02-24 14:45:51.214Z,637.8783,614,SYNTH
2026-02-24 14:45:52.543Z,637.8677,783,SYNTH
2026-02-24 14:45:53.262Z,637.8391,973,SYNTH
2026-02-24 14:45:54.887Z,637.7816,501,SYNTH
2026-02-24 14:45:55.016Z,637.7364,914,SYNTH
2026-02-24 14:45:56.700Z,637.7148,657,SYNTH
2026-02-24 14:45:57.678Z,637.8379,465,SYNTH
2026-02-24 14:45:58.495Z,637.8030,650,SYNTH
2026-02-24 14:45:59.111Z,637.7673,798,SYNTH
2026-02-24 14:46:00.631Z,637.3277,464,SYNTH
2026-02-24 14:46:01.538Z,637.2145,375,SYNTH
2026-02-24 14:46:02.769Z,637.3502,223,SYNTH
2026-02-24 14:46:03.311Z,637.1260,455,SYNTH
2026-02-24 14:46:04.688Z,637.2463,271,SYNTH
2026-02-24 14:46:05.492Z,637.2755,445,SYNTH
2026-02-24 14:46:06.830Z,636.9775,408,SYNTH
2026-02-24 14:46:07.297Z,636.8814,393,SYNTH
2026-02-24 14:46:08.343Z,636.8540,411,SYNTH
2026-02-24 14:46:09.492Z,636.8928,261,SYNTH
2026-02-24 14:46:10.311Z,637.0221,401,SYNTH
2026-02-24 14:46:11.326Z,636.9147,438,SYNTH
2026-02-24 14:46:12.000Z,636.6657,861,SYNTH
2026-02-24 14:46:13.278Z,636.7978,926,SYNTH
2026-02-24 14:46:14.398Z,636.8386,190,SYNTH
2026-02-24 14:46:15.175Z,636.9787,293,SYNTH
2026-02-24 14:46:16.393Z,636.9224,312,SYNTH
2026-02-24 14:46:17.263Z,637.1280,370,SYNTH
2026-02-24 14:46:18.645Z,636.8505,478,SYNTH
2026-02-24 14:46:19.012Z,636.8244,506,SYNTH
2026-02-24 14:46:20.401Z,637.0165,304,SYNTH
2026-02-24 14:46:21.112Z,636.9616,255,SYNTH
2026-02-24 14:46:22.348Z,637.0478,162,SYNTH
2026-02-24 14:46:23.330Z,637.1031,305,SYNTH
2026-02-24 14:46:24.438Z,637.1742,218,SYNTH
2026-02-24 14:46:25.150Z,637.0885,253,SYNTH
2026-02-24 14:46:26.162Z,637.2520,178,SYNTH
2026-02-24 14:46:27.683Z,637.5401,205,SYNTH
2026-02-24 14:46:28.295Z,637.3360,185,SYNTH
2026-02-24 14:46:29.226Z,637.5517,310,SYNTH
2026-02-24 14:46:30.417Z,637.5668,164,SYNTH
2026-02-24 14:46:31.093Z,637.5866,200,SYNTH
2026-02-24 14:46:32.050Z,637.6393,225,SYNTH
2026-02-24 14:46:33.364Z,637.7690,234,SYNTH
2026-02-24 14:46:34.893Z,637.8683,211,SYNTH
2026-02-24 14:46:35.543Z,637.7642,205,SYNTH
2026-02-24 14:46:36.109Z,638.0329,293,SYNTH
2026-02-24 14:46:37.429Z,637.9209,465,SYNTH
2026-02-24 14:46:38.317Z,637.8501,738,SYNTH
2026-02-24 14:46:39.484Z,637.9285,757,SYNTH
2026-02-24 14:46:40.098Z,638.1191,774,SYNTH
2026-02-24 14:46:41.781Z,638.0309,238,SYNTH
2026-02-24 14:46:42.529Z,637.7985,293,SYNTH
2026-02-24 14:46:43.507Z,637.7164,220,SYNTH
2026-02-24 14:46:44.763Z,637.9469,224,SYNTH
2026-02-24 14:46:45.803Z,637.8882,560,SYNTH
2026-02-24 14:46:46.547Z,637.7499,526,SYNTH
2026-02-24 14:46:47.098Z,637.9017,557,SYNTH
2026-02-24 14:46:48.769Z,637.9150,287,SYNTH
2026-02-24 14:46:49.700Z,637.6821,256,SYNTH
2026-02-24 14:46:50.580Z,637.5593,276,SYNTH
2026-02-24 14:46:51.053Z,637.7609,334,SYNTH
2026-02-24 14:46:52.163Z,637.7754,376,SYNTH
2026-02-24 14:46:53.028Z,637.6457,252,SYNTH
2026-02-24 14:46:54.511Z,637.3650,410,SYNTH
2026-02-24 14:46:55.755Z,637.5340,258,SYNTH
2026-02-24 14:46:56.370Z,637.6003,320,SYNTH
2026-02-24 14:46:57.727Z,637.3573,270,SYNTH
2026-02-24 14:46:58.581Z,637.5747,349,SYNTH
2026-02-24 14:46:59.841Z,637.4009,425,SYNTH
2026-02-24 14:47:00.277Z,637.4150,230,SYNTH
2026-02-24 14:47:01.746Z,637.2158,268,SYNTH
2026-02-24 14:47:02.488Z,637.3794,203,SYNTH
2026-02-24 14:47:03.652Z,637.4248,192,SYNTH
2026-02-24 14:47:04.683Z,637.3752,407,SYNTH
2026-02-24 14:47:05.472Z,637.0781,357,SYNTH
2026-02-24 14:47:06.015Z,637.1820,214,SYNTH
2026-02-24 14:47:07.885Z,636.9720,209,SYNTH
2026-02-24 14:47:08.787Z,636.9072,167,SYNTH
2026-02-24 14:47:09.203Z,636.9452,331,SYNTH
2026-02-24 14:47:10.010Z,637.0792,231,SYNTH
2026-02-24 14:47:11.847Z,636.8638,823,SYNTH
2026-02-24 14:47:12.212Z,636.7666,761,SYNTH
2026-02-24 14:47:13.774Z,637.0945,572,SYNTH
2026-02-24 14:47:14.861Z,637.0853,139,SYNTH
2026-02-24 14:47:15.182Z,636.8210,293,SYNTH
2026-02-24 14:47:16.287Z,636.9159,355,SYNTH
2026-02-24 14:47:17.779Z,637.0829,435,SYNTH
2026-02-24 14:47:18.242Z,636.8778,265,SYNTH
2026-02-24 14:47:19.130Z,637.0399,413,SYNTH
2026-02-24 14:47:20.387Z,636.9637,167,SYNTH
2026-02-24 14:47:21.665Z,637.1528,183,SYNTH
2026-02-24 14:47:22.699Z,637.2671,155,SYNTH
2026-02-24 14:47:23.854Z,637.1232,206,SYNTH
2026-02-24 14:47:24.434Z,637.2379,172,SYNTH
2026-02-24 14:47:25.887Z,637.0985,137,SYNTH
2026-02-24 14:47:26.080Z,637.5203,201,SYNTH
2026-02-24 14:47:27.749Z,637.3159,209,SYNTH
2026-02-24 14:47:28.309Z,637.3481,195,SYNTH
2026-02-24 14:47:29.744Z,637.3768,125,SYNTH
2026-02-24 14:47:30.737Z,637.5400,278,SYNTH
2026-02-24 14:47:31.683Z,637.5113,213,SYNTH
2026-02-24 14:47:32.573Z,637.6214,276,SYNTH
2026-02-24 14:47:33.525Z,637.8556,286,SYNTH
2026-02-24 14:47:34.380Z,637.9275,206,SYNTH
2026-02-24 14:47:35.430Z,637.6702,142,SYNTH
2026-02-24 14:47:36.731Z,637.9468,168,SYNTH
2026-02-24 14:47:37.859Z,637.7734,370,SYNTH
2026-02-24 14:47:38.577Z,638.0249,466,SYNTH
2026-02-24 14:47:39.405Z,637.9464,502,SYNTH
2026-02-24 14:47:40.739Z,637.8664,612,SYNTH
2026-02-24 14:47:41.018Z,637.7997,223,SYNTH
2026-02-24 14:47:42.505Z,637.7342,229,SYNTH
2026-02-24 14:47:43.683Z,637.8140,171,SYNTH
2026-02-24 14:47:44.742Z,637.7134,170,SYNTH
2026-02-24 14:47:45.273Z,637.9358,444,SYNTH
2026-02-24 14:47:46.050Z,637.8398,314,SYNTH
2026-02-24 14:47:47.492Z,637.8131,249,SYNTH
2026-02-24 14:47:48.250Z,637.6262,263,SYNTH
2026-02-24 14:47:49.191Z,637.8200,253,SYNTH
2026-02-24 14:47:50.191Z,637.8122,239,SYNTH
2026-02-24 14:47:51.376Z,637.5939,249,SYNTH
2026-02-24 14:47:52.476Z,637.7305,380,SYNTH
2026-02-24 14:47:53.599Z,637.6896,328,SYNTH
2026-02-24 14:47:54.134Z,637.5765,312,SYNTH
2026-02-24 14:47:55.827Z,637.7239,367,SYNTH
2026-02-24 14:47:56.588Z,637.4583,202,SYNTH
2026-02-24 14:47:57.551Z,637.4842,331,SYNTH
2026-02-24 14:47:58.828Z,637.5195,382,SYNTH
2026-02-24 14:47:59.453Z,637.5700,415,SYNTH
2026-02-24 14:48:00.712Z,637.5623,411,SYNTH
2026-02-24 14:48:01.565Z,637.7100,445,SYNTH
2026-02-24 14:48:02.644Z,637.5858,548,SYNTH
2026-02-24 14:48:03.072Z,637.8512,732,SYNTH
2026-02-24 14:48:04.502Z,637.7207,583,SYNTH
2026-02-24 14:48:05.256Z,638.0960,480,SYNTH
2026-02-24 14:48:06.196Z,637.9816,444,SYNTH
2026-02-24 14:48:07.897Z,638.0680,469,SYNTH
2026-02-24 14:48:08.670Z,638.2905,678,SYNTH
2026-02-24 14:48:09.746Z,638.2531,516,SYNTH
2026-02-24 14:48:10.066Z,638.4848,499,SYNTH
2026-02-24 14:48:11.213Z,638.6883,1469,SYNTH
2026-02-24 14:48:12.466Z,638.6292,791,SYNTH
2026-02-24 14:48:13.436Z,638.6803,969,SYNTH
2026-02-24 14:48:14.050Z,638.3563,382,SYNTH
2026-02-24 14:48:15.497Z,638.4777,329,SYNTH
2026-02-24 14:48:16.619Z,638.3932,813,SYNTH
2026-02-24 14:48:17.053Z,638.1623,960,SYNTH
2026-02-24 14:48:18.248Z,638.2348,707,SYNTH
2026-02-24 14:48:19.531Z,638.0608,958,SYNTH
2026-02-24 14:48:20.802Z,638.0052,291,SYNTH
2026-02-24 14:48:21.018Z,638.1475,425,SYNTH
2026-02-24 14:48:22.373Z,637.9648,494,SYNTH
2026-02-24 14:48:23.867Z,637.6746,273,SYNTH
2026-02-24 14:48:24.193Z,637.7724,235,SYNTH
2026-02-24 14:48:25.508Z,637.6126,513,SYNTH
2026-02-24 14:48:26.419Z,637.4686,408,SYNTH
2026-02-24 14:48:27.207Z,637.0951,502,SYNTH
2026-02-24 14:48:28.523Z,637.1618,317,SYNTH
2026-02-24 14:48:29.732Z,636.9395,273,SYNTH
2026-02-24 14:48:30.342Z,636.7562,382,SYNTH
2026-02-24 14:48:31.886Z,636.4797,513,SYNTH
2026-02-24 14:48:32.552Z,636.5036,517,SYNTH
2026-02-24 14:48:33.450Z,636.3164,460,SYNTH
2026-02-24 14:48:34.053Z,636.4452,224,SYNTH
2026-02-24 14:48:35.692Z,636.1868,410,SYNTH
2026-02-24 14:48:36.092Z,636.0028,388,SYNTH
2026-02-24 14:48:37.070Z,635.8831,752,SYNTH
2026-02-24 14:48:38.445Z,635.9746,714,SYNTH
2026-02-24 14:48:39.001Z,635.8736,708,SYNTH
2026-02-24 14:48:40.637Z,636.1569,925,SYNTH
2026-02-24 14:48:41.742Z,635.8701,271,SYNTH
2026-02-24 14:48:42.380Z,635.9820,291,SYNTH
2026-02-24 14:48:43.262Z,636.1995,452,SYNTH
2026-02-24 14:48:44.094Z,636.1300,541,SYNTH
2026-02-24 14:48:45.045Z,636.2705,706,SYNTH
2026-02-24 14:48:46.637Z,636.1589,588,SYNTH
2026-02-24 14:48:47.663Z,636.0301,419,SYNTH
2026-02-24 14:48:48.322Z,636.0871,343,SYNTH
2026-02-24 14:48:49.566Z,636.1277,572,SYNTH
2026-02-24 14:48:50.561Z,636.0712,345,SYNTH
2026-02-24 14:48:51.489Z,636.1415,385,SYNTH
2026-02-24 14:48:52.756Z,636.0601,644,SYNTH
2026-02-24 14:48:53.571Z,636.1278,399,SYNTH
2026-02-24 14:48:54.704Z,635.8849,440,SYNTH
2026-02-24 14:48:55.227Z,636.1573,544,SYNTH
2026-02-24 14:48:56.828Z,635.8739,494,SYNTH
2026-02-24 14:48:57.281Z,635.9619,463,SYNTH
2026-02-24 14:48:58.809Z,635.8578,737,SYNTH
2026-02-24 14:48:59.807Z,636.0101,672,SYNTH
2026-02-24 14:49:00.560Z,636.2915,314,SYNTH
2026-02-24 14:49:01.385Z,636.1019,375,SYNTH
2026-02-24 14:49:02.030Z,636.3631,286,SYNTH
2026-02-24 14:49:03.448Z,636.2760,565,SYNTH
2026-02-24 14:49:04.379Z,636.3796,531,SYNTH
2026-02-24 14:49:05.084Z,636.0664,560,SYNTH
2026-02-24 14:49:06.515Z,636.1397,520,SYNTH
2026-02-24 14:49:07.663Z,636.4040,479,SYNTH
2026-02-24 14:49:08.367Z,636.3528,375,SYNTH
2026-02-24 14:49:09.321Z,636.1810,466,SYNTH
2026-02-24 14:49:10.815Z,636.3715,439,SYNTH
2026-02-24 14:49:11.727Z,636.3278,985,SYNTH
2026-02-24 14:49:12.380Z,636.3062,517,SYNTH
2026-02-24 14:49:13.441Z,636.3370,1154,SYNTH
2026-02-24 14:49:14.033Z,636.0951,223,SYNTH
2026-02-24 14:49:15.035Z,636.3414,376,SYNTH
2026-02-24 14:49:16.604Z,636.1709,590,SYNTH
2026-02-24 14:49:17.153Z,636.3007,456,SYNTH
2026-02-24 14:49:18.253Z,636.3571,441,SYNTH
2026-02-24 14:49:19.638Z,636.2140,318,SYNTH
2026-02-24 14:49:20.147Z,636.3078,284,SYNTH
2026-02-24 14:49:21.659Z,636.4682,304,SYNTH
2026-02-24 14:49:22.257Z,636.5016,407,SYNTH
2026-02-24 14:49:23.351Z,636.2931,414,SYNTH
2026-02-24 14:49:24.063Z,636.4107,264,SYNTH
2026-02-24 14:49:25.551Z,636.4787,388,SYNTH
2026-02-24 14:49:26.003Z,636.7604,247,SYNTH
2026-02-24 14:49:27.854Z,636.8120,257,SYNTH
2026-02-24 14:49:28.492Z,636.8816,240,SYNTH
2026-02-24 14:49:29.632Z,637.0247,215,SYNTH
2026-02-24 14:49:30.064Z,636.8940,171,SYNTH
2026-02-24 14:49:31.840Z,637.1142,244,SYNTH
2026-02-24 14:49:32.501Z,637.2150,212,SYNTH
2026-02-24 14:49:33.811Z,637.2718,389,SYNTH
2026-02-24 14:49:34.218Z,637.1078,335,SYNTH
2026-02-24 14:49:35.327Z,637.1721,399,SYNTH
2026-02-24 14:49:36.564Z,637.4357,330,SYNTH
2026-02-24 14:49:37.194Z,637.3341,685,SYNTH
2026-02-24 14:49:38.561Z,637.3244,904,SYNTH
2026-02-24 14:49:39.181Z,637.4389,1006,SYNTH
2026-02-24 14:49:40.392Z,637.2162,588,SYNTH
2026-02-24 14:49:41.763Z,637.4124,424,SYNTH
2026-02-24 14:49:42.764Z,637.1921,399,SYNTH
2026-02-24 14:49:43.211Z,637.2943,449,SYNTH
2026-02-24 14:49:44.609Z,637.3677,187,SYNTH
2026-02-24 14:49:45.322Z,637.0881,644,SYNTH
2026-02-24 14:49:46.103Z,637.3158,500,SYNTH
2026-02-24 14:49:47.757Z,637.1374,527,SYNTH
2026-02-24 14:49:48.185Z,637.3174,303,SYNTH
2026-02-24 14:49:49.776Z,637.2609,473,SYNTH
2026-02-24 14:49:50.588Z,637.1540,355,SYNTH
2026-02-24 14:49:51.320Z,637.1237,515,SYNTH
2026-02-24 14:49:52.131Z,637.1070,327,SYNTH
2026-02-24 14:49:53.469Z,637.0732,376,SYNTH
2026-02-24 14:49:54.766Z,637.1023,284,SYNTH
2026-02-24 14:49:55.073Z,636.8829,449,SYNTH
2026-02-24 14:49:56.266Z,636.9509,374,SYNTH
2026-02-24 14:49:57.748Z,637.0644,287,SYNTH
2026-02-24 14:49:58.270Z,636.9781,442,SYNTH
2026-02-24 14:49:59.469Z,637.0470,620,SYNTH
2026-02-24 14:50:00.586Z,636.8885,382,SYNTH
2026-02-24 14:50:01.572Z,636.9269,632,SYNTH
2026-02-24 14:50:02.061Z,637.0258,368,SYNTH
2026-02-24 14:50:03.255Z,636.9222,577,SYNTH
2026-02-24 14:50:04.811Z,636.8648,500,SYNTH
2026-02-24 14:50:05.429Z,636.8986,749,SYNTH
2026-02-24 14:50:06.383Z,636.8513,359,SYNTH
2026-02-24 14:50:07.256Z,637.0655,750,SYNTH
2026-02-24 14:50:08.594Z,636.9619,547,SYNTH
2026-02-24 14:50:09.174Z,637.0802,591,SYNTH
2026-02-24 14:50:10.789Z,637.0084,632,SYNTH
2026-02-24 14:50:11.815Z,637.1366,1736,SYNTH
2026-02-24 14:50:12.554Z,637.2856,1126,SYNTH
2026-02-24 14:50:13.231Z,636.9996,1187,SYNTH
2026-02-24 14:50:14.620Z,637.1175,427,SYNTH
2026-02-24 14:50:15.050Z,637.2818,283,SYNTH
2026-02-24 14:50:16.128Z,637.0761,1097,SYNTH
2026-02-24 14:50:17.317Z,637.2522,639,SYNTH
2026-02-24 14:50:18.550Z,637.1931,1020,SYNTH
2026-02-24 14:50:19.106Z,637.0386,884,SYNTH
2026-02-24 14:50:20.705Z,636.8755,331,SYNTH
2026-02-24 14:50:21.765Z,637.1123,566,SYNTH
2026-02-24 14:50:22.463Z,636.7495,388,SYNTH
2026-02-24 14:50:23.821Z,636.8345,535,SYNTH
2026-02-24 14:50:24.511Z,636.6831,534,SYNTH
2026-02-24 14:50:25.098Z,636.3536,480,SYNTH
2026-02-24 14:50:26.529Z,636.2157,311,SYNTH
2026-02-24 14:50:27.422Z,636.1842,374,SYNTH
2026-02-24 14:50:28.088Z,636.0335,430,SYNTH
2026-02-24 14:50:29.349Z,635.9559,253,SYNTH
2026-02-24 14:50:30.798Z,635.8720,386,SYNTH
2026-02-24 14:50:31.652Z,635.5137,285,SYNTH
2026-02-24 14:50:32.071Z,635.3616,489,SYNTH
2026-02-24 14:50:33.529Z,635.4774,382,SYNTH
2026-02-24 14:50:34.061Z,635.2204,356,SYNTH
2026-02-24 14:50:35.095Z,635.2008,411,SYNTH
2026-02-24 14:50:36.316Z,634.9488,580,SYNTH
2026-02-24 14:50:37.409Z,635.0692,1082,SYNTH
2026-02-24 14:50:38.164Z,634.9940,1146,SYNTH
2026-02-24 14:50:39.179Z,634.9491,626,SYNTH
2026-02-24 14:50:40.485Z,634.8644,1480,SYNTH
2026-02-24 14:50:41.037Z,634.9236,605,SYNTH
2026-02-24 14:50:42.666Z,634.9714,509,SYNTH
2026-02-24 14:50:43.839Z,635.3183,412,SYNTH
2026-02-24 14:50:44.556Z,635.3537,571,SYNTH
2026-02-24 14:50:45.082Z,635.0591,918,SYNTH
2026-02-24 14:50:46.473Z,635.3950,903,SYNTH
2026-02-24 14:50:47.120Z,635.1080,717,SYNTH
2026-02-24 14:50:48.437Z,635.0534,463,SYNTH
2026-02-24 14:50:49.606Z,635.2741,387,SYNTH
2026-02-24 14:50:50.702Z,635.3644,538,SYNTH
2026-02-24 14:50:51.091Z,635.1174,743,SYNTH
2026-02-24 14:50:52.433Z,635.0471,375,SYNTH
2026-02-24 14:50:53.698Z,635.3361,355,SYNTH
2026-02-24 14:50:54.286Z,635.1146,726,SYNTH
2026-02-24 14:50:55.558Z,635.2193,384,SYNTH
2026-02-24 14:50:56.853Z,635.0999,383,SYNTH
2026-02-24 14:50:57.109Z,635.0486,439,SYNTH
2026-02-24 14:50:58.467Z,635.3274,672,SYNTH
2026-02-24 14:50:59.243Z,635.1819,700,SYNTH
2026-02-24 14:51:00.400Z,635.2244,395,SYNTH
2026-02-24 14:51:01.002Z,635.3182,689,SYNTH
2026-02-24 14:51:02.652Z,635.1329,312,SYNTH
2026-02-24 14:51:03.606Z,635.1590,481,SYNTH
2026-02-24 14:51:04.845Z,635.3000,597,SYNTH
2026-02-24 14:51:05.047Z,635.5105,325,SYNTH
2026-02-24 14:51:06.709Z,635.5360,523,SYNTH
2026-02-24 14:51:07.348Z,635.3351,463,SYNTH
2026-02-24 14:51:08.500Z,635.4238,419,SYNTH
2026-02-24 14:51:09.440Z,635.6324,395,SYNTH
2026-02-24 14:51:10.238Z,635.4274,445,SYNTH
2026-02-24 14:51:11.585Z,635.6409,707,SYNTH
2026-02-24 14:51:12.894Z,635.6666,1273,SYNTH
2026-02-24 14:51:13.134Z,635.5939,789,SYNTH
2026-02-24 14:51:14.382Z,635.5611,340,SYNTH
2026-02-24 14:51:15.396Z,635.4916,359,SYNTH
2026-02-24 14:51:16.889Z,635.3786,545,SYNTH
2026-02-24 14:51:17.541Z,635.5395,904,SYNTH
2026-02-24 14:51:18.330Z,635.3603,729,SYNTH
2026-02-24 14:51:19.634Z,635.6468,574,SYNTH
2026-02-24 14:51:20.416Z,635.3746,272,SYNTH
2026-02-24 14:51:21.175Z,635.6200,306,SYNTH
2026-02-24 14:51:22.082Z,635.4464,210,SYNTH
2026-02-24 14:51:23.047Z,635.4998,456,SYNTH
2026-02-24 14:51:24.327Z,635.3638,304,SYNTH
2026-02-24 14:51:25.489Z,635.1395,333,SYNTH
2026-02-24 14:51:26.888Z,635.2161,388,SYNTH
2026-02-24 14:51:27.152Z,635.2049,295,SYNTH
2026-02-24 14:51:28.055Z,634.8628,253,SYNTH
2026-02-24 14:51:29.234Z,634.9955,237,SYNTH
2026-02-24 14:51:30.270Z,634.9917,206,SYNTH
2026-02-24 14:51:31.664Z,634.8830,352,SYNTH
2026-02-24 14:51:32.828Z,634.8376,361,SYNTH
2026-02-24 14:51:33.772Z,634.7826,405,SYNTH
2026-02-24 14:51:34.336Z,634.4516,362,SYNTH
2026-02-24 14:51:35.500Z,634.4098,375,SYNTH
2026-02-24 14:51:36.566Z,634.6689,402,SYNTH
2026-02-24 14:51:37.562Z,634.6884,616,SYNTH
2026-02-24 14:51:38.222Z,634.5572,491,SYNTH
2026-02-24 14:51:39.408Z,634.6092,606,SYNTH
2026-02-24 14:51:40.575Z,634.5005,1022,SYNTH
2026-02-24 14:51:41.379Z,634.6521,378,SYNTH
2026-02-24 14:51:42.252Z,634.5995,454,SYNTH
2026-02-24 14:51:43.734Z,634.7039,331,SYNTH
2026-02-24 14:51:44.484Z,634.5524,391,SYNTH
2026-02-24 14:51:45.182Z,634.6306,371,SYNTH
2026-02-24 14:51:46.427Z,634.4886,616,SYNTH
2026-02-24 14:51:47.620Z,634.5832,804,SYNTH
2026-02-24 14:51:48.039Z,634.7741,265,SYNTH
2026-02-24 14:51:49.713Z,634.5294,335,SYNTH
2026-02-24 14:51:50.341Z,634.6103,459,SYNTH
2026-02-24 14:51:51.373Z,634.6882,251,SYNTH
2026-02-24 14:51:52.085Z,634.5585,470,SYNTH
2026-02-24 14:51:53.090Z,634.7319,619,SYNTH
2026-02-24 14:51:54.793Z,634.8062,558,SYNTH
2026-02-24 14:51:55.019Z,634.8643,612,SYNTH
2026-02-24 14:51:56.671Z,634.9099,634,SYNTH
2026-02-24 14:51:57.333Z,634.6541,348,SYNTH
2026-02-24 14:51:58.694Z,634.7119,332,SYNTH
2026-02-24 14:51:59.028Z,634.7802,432,SYNTH
2026-02-24 14:52:00.069Z,634.7759,276,SYNTH
2026-02-24 14:52:01.601Z,634.9243,338,SYNTH
2026-02-24 14:52:02.619Z,634.7723,391,SYNTH
2026-02-24 14:52:03.479Z,634.6834,332,SYNTH
2026-02-24 14:52:04.437Z,634.6515,212,SYNTH
2026-02-24 14:52:05.508Z,634.4120,269,SYNTH
2026-02-24 14:52:06.735Z,634.6443,240,SYNTH
2026-02-24 14:52:07.048Z,634.3984,328,SYNTH
2026-02-24 14:52:08.731Z,634.4544,342,SYNTH
2026-02-24 14:52:09.875Z,634.2187,200,SYNTH
2026-02-24 14:52:10.606Z,634.2774,223,SYNTH
2026-02-24 14:52:11.217Z,634.1269,660,SYNTH
2026-02-24 14:52:12.820Z,634.1065,326,SYNTH
2026-02-24 14:52:13.859Z,634.0683,748,SYNTH
2026-02-24 14:52:14.888Z,634.1853,284,SYNTH
2026-02-24 14:52:15.128Z,634.4267,177,SYNTH
2026-02-24 14:52:16.592Z,634.3371,459,SYNTH
2026-02-24 14:52:17.309Z,634.4120,399,SYNTH
2026-02-24 14:52:18.301Z,634.5180,412,SYNTH
2026-02-24 14:52:19.693Z,634.4134,250,SYNTH
2026-02-24 14:52:20.571Z,634.5212,140,SYNTH
2026-02-24 14:52:21.292Z,634.4165,192,SYNTH
2026-02-24 14:52:22.641Z,634.2505,172,SYNTH
2026-02-24 14:52:23.293Z,634.6605,120,SYNTH
2026-02-24 14:52:24.101Z,634.6150,264,SYNTH
2026-02-24 14:52:25.877Z,634.5883,153,SYNTH
2026-02-24 14:52:26.542Z,634.7028,180,SYNTH
2026-02-24 14:52:27.016Z,634.5812,140,SYNTH
2026-02-24 14:52:28.521Z,634.7927,229,SYNTH
2026-02-24 14:52:29.116Z,634.6086,209,SYNTH
2026-02-24 14:52:30.486Z,634.7373,251,SYNTH
2026-02-24 14:52:31.383Z,634.7575,230,SYNTH
2026-02-24 14:52:32.535Z,635.0737,124,SYNTH
2026-02-24 14:52:33.760Z,634.8994,195,SYNTH
2026-02-24 14:52:34.703Z,634.8904,204,SYNTH
2026-02-24 14:52:35.498Z,635.1976,130,SYNTH
2026-02-24 14:52:36.426Z,635.0616,210,SYNTH
2026-02-24 14:52:37.522Z,635.2629,317,SYNTH
2026-02-24 14:52:38.860Z,635.1227,340,SYNTH
2026-02-24 14:52:39.195Z,634.9672,618,SYNTH
2026-02-24 14:52:40.337Z,635.2388,399,SYNTH
2026-02-24 14:52:41.210Z,635.1326,225,SYNTH
2026-02-24 14:52:42.830Z,635.2509,157,SYNTH
2026-02-24 14:52:43.213Z,635.0328,214,SYNTH
2026-02-24 14:52:44.895Z,635.0048,133,SYNTH
2026-02-24 14:52:45.572Z,635.1785,290,SYNTH
2026-02-24 14:52:46.144Z,635.0822,414,SYNTH
2026-02-24 14:52:47.036Z,634.9563,371,SYNTH
2026-02-24 14:52:48.153Z,635.1972,271,SYNTH
2026-02-24 14:52:49.112Z,635.0853,178,SYNTH
2026-02-24 14:52:50.114Z,634.9491,265,SYNTH
2026-02-24 14:52:51.519Z,635.2238,213,SYNTH
2026-02-24 14:52:52.406Z,635.1038,148,SYNTH
2026-02-24 14:52:53.634Z,635.1673,275,SYNTH
2026-02-24 14:52:54.380Z,635.1180,351,SYNTH
2026-02-24 14:52:55.173Z,635.0419,367,SYNTH
2026-02-24 14:52:56.016Z,635.2840,232,SYNTH
2026-02-24 14:52:57.875Z,635.1533,375,SYNTH
2026-02-24 14:52:58.627Z,635.2265,357,SYNTH
2026-02-24 14:52:59.787Z,635.0945,415,SYNTH
2026-02-24 14:53:00.579Z,634.9784,526,SYNTH
2026-02-24 14:53:01.875Z,635.0542,393,SYNTH
2026-02-24 14:53:02.194Z,634.9154,327,SYNTH
2026-02-24 14:53:03.259Z,634.8929,485,SYNTH
2026-02-24 14:53:04.003Z,635.0551,463,SYNTH
2026-02-24 14:53:05.671Z,635.0662,417,SYNTH
2026-02-24 14:53:06.029Z,634.9890,420,SYNTH
2026-02-24 14:53:07.884Z,635.1411,475,SYNTH
2026-02-24 14:53:08.384Z,634.9959,313,SYNTH
2026-02-24 14:53:09.315Z,635.0728,494,SYNTH
2026-02-24 14:53:10.300Z,635.2625,364,SYNTH
2026-02-24 14:53:11.718Z,635.1715,1098,SYNTH
2026-02-24 14:53:12.406Z,635.2260,786,SYNTH
2026-02-24 14:53:13.280Z,634.9720,885,SYNTH
2026-02-24 14:53:14.120Z,635.2024,282,SYNTH
2026-02-24 14:53:15.525Z,634.9396,276,SYNTH
2026-02-24 14:53:16.123Z,634.9347,581,SYNTH
2026-02-24 14:53:17.360Z,635.1588,741,SYNTH
2026-02-24 14:53:18.341Z,635.1828,387,SYNTH
2026-02-24 14:53:19.569Z,634.8767,551,SYNTH
2026-02-24 14:53:20.208Z,635.0569,354,SYNTH
2026-02-24 14:53:21.453Z,634.9966,261,SYNTH
2026-02-24 14:53:22.086Z,634.7761,430,SYNTH
2026-02-24 14:53:23.432Z,634.7300,175,SYNTH
2026-02-24 14:53:24.557Z,634.6473,409,SYNTH
2026-02-24 14:53:25.767Z,634.7546,213,SYNTH
2026-02-24 14:53:26.363Z,634.6356,387,SYNTH
2026-02-24 14:53:27.221Z,634.2737,235,SYNTH
2026-02-24 14:53:28.615Z,634.3278,297,SYNTH
2026-02-24 14:53:29.701Z,634.1955,190,SYNTH
2026-02-24 14:53:30.137Z,634.1175,268,SYNTH
2026-02-24 14:53:31.236Z,633.9538,296,SYNTH
2026-02-24 14:53:32.390Z,633.7593,235,SYNTH
2026-02-24 14:53:33.884Z,633.9676,326,SYNTH
2026-02-24 14:53:34.585Z,633.8323,333,SYNTH
2026-02-24 14:53:35.222Z,633.7393,269,SYNTH
2026-02-24 14:53:36.041Z,633.6364,193,SYNTH
2026-02-24 14:53:37.708Z,633.5089,779,SYNTH
2026-02-24 14:53:38.162Z,633.5241,943,SYNTH
2026-02-24 14:53:39.713Z,633.4529,894,SYNTH
2026-02-24 14:53:40.352Z,633.6585,626,SYNTH
2026-02-24 14:53:41.755Z,633.5090,285,SYNTH
2026-02-24 14:53:42.325Z,633.5043,280,SYNTH
2026-02-24 14:53:43.156Z,633.6333,262,SYNTH
2026-02-24 14:53:44.808Z,633.5375,205,SYNTH
2026-02-24 14:53:45.710Z,633.7871,691,SYNTH
2026-02-24 14:53:46.836Z,633.5608,372,SYNTH
2026-02-24 14:53:47.859Z,633.7787,313,SYNTH
2026-02-24 14:53:48.676Z,633.5811,388,SYNTH
2026-02-24 14:53:49.806Z,633.7833,264,SYNTH
2026-02-24 14:53:50.194Z,633.8288,312,SYNTH
2026-02-24 14:53:51.814Z,633.7988,437,SYNTH
2026-02-24 14:53:52.347Z,633.8826,560,SYNTH
2026-02-24 14:53:53.365Z,634.0279,431,SYNTH
2026-02-24 14:53:54.882Z,633.8910,278,SYNTH
2026-02-24 14:53:55.691Z,634.0374,357,SYNTH
2026-02-24 14:53:56.777Z,633.9511,379,SYNTH
2026-02-24 14:53:57.487Z,633.8575,322,SYNTH
2026-02-24 14:53:58.757Z,633.8452,534,SYNTH
2026-02-24 14:53:59.143Z,634.0172,443,SYNTH
2026-02-24 14:54:00.105Z,634.0315,539,SYNTH
2026-02-24 14:54:01.141Z,633.9822,411,SYNTH
2026-02-24 14:54:02.097Z,634.1051,669,SYNTH
2026-02-24 14:54:03.042Z,634.0231,518,SYNTH
2026-02-24 14:54:04.092Z,633.7562,352,SYNTH
2026-02-24 14:54:05.772Z,633.8502,281,SYNTH
2026-02-24 14:54:06.661Z,633.6891,377,SYNTH
2026-02-24 14:54:07.193Z,633.8391,566,SYNTH
2026-02-24 14:54:08.316Z,633.9178,529,SYNTH
2026-02-24 14:54:09.851Z,633.5990,558,SYNTH
2026-02-24 14:54:10.318Z,633.5537,431,SYNTH
2026-02-24 14:54:11.185Z,633.8386,1175,SYNTH
2026-02-24 14:54:12.331Z,633.8572,1275,SYNTH
2026-02-24 14:54:13.567Z,633.7302,609,SYNTH
2026-02-24 14:54:14.057Z,633.7493,424,SYNTH
2026-02-24 14:54:15.212Z,633.8700,314,SYNTH
2026-02-24 14:54:16.301Z,633.8343,849,SYNTH
2026-02-24 14:54:17.750Z,633.7260,512,SYNTH
2026-02-24 14:54:18.581Z,633.6567,485,SYNTH
2026-02-24 14:54:19.380Z,633.9542,369,SYNTH
2026-02-24 14:54:20.286Z,633.8073,283,SYNTH
2026-02-24 14:54:21.801Z,634.0174,406,SYNTH
2026-02-24 14:54:22.647Z,634.1213,216,SYNTH
2026-02-24 14:54:23.689Z,633.8242,243,SYNTH
2026-02-24 14:54:24.486Z,634.0186,205,SYNTH
2026-02-24 14:54:25.774Z,634.1271,209,SYNTH
2026-02-24 14:54:26.136Z,634.3245,448,SYNTH
2026-02-24 14:54:27.112Z,634.3845,332,SYNTH
2026-02-24 14:54:28.213Z,634.4240,347,SYNTH
2026-02-24 14:54:29.637Z,634.3431,332,SYNTH
2026-02-24 14:54:30.248Z,634.6879,214,SYNTH
2026-02-24 14:54:31.533Z,634.4332,298,SYNTH
2026-02-24 14:54:32.268Z,634.6914,351,SYNTH
2026-02-24 14:54:33.641Z,634.9216,395,SYNTH
2026-02-24 14:54:34.542Z,634.8868,322,SYNTH
2026-02-24 14:54:35.148Z,634.8614,455,SYNTH
2026-02-24 14:54:36.855Z,634.7886,251,SYNTH
2026-02-24 14:54:37.809Z,634.7334,751,SYNTH
2026-02-24 14:54:38.765Z,634.9190,879,SYNTH
2026-02-24 14:54:39.791Z,634.7336,1079,SYNTH
2026-02-24 14:54:40.698Z,634.8479,505,SYNTH
2026-02-24 14:54:41.279Z,634.7288,276,SYNTH
2026-02-24 14:54:42.067Z,634.9809,284,SYNTH
2026-02-24 14:54:43.546Z,634.8334,453,SYNTH
2026-02-24 14:54:44.485Z,634.8176,478,SYNTH
2026-02-24 14:54:45.538Z,634.5982,549,SYNTH
2026-02-24 14:54:46.129Z,634.5358,812,SYNTH
2026-02-24 14:54:47.186Z,634.4917,348,SYNTH
2026-02-24 14:54:48.757Z,634.7045,332,SYNTH
2026-02-24 14:54:49.835Z,634.5472,269,SYNTH
2026-02-24 14:54:50.258Z,634.4189,387,SYNTH
2026-02-24 14:54:51.323Z,634.5985,334,SYNTH
2026-02-24 14:54:52.063Z,634.2668,481,SYNTH
2026-02-24 14:54:53.800Z,634.4973,413,SYNTH
2026-02-24 14:54:54.628Z,634.2493,428,SYNTH
2026-02-24 14:54:55.862Z,634.1252,600,SYNTH
2026-02-24 14:54:56.203Z,634.1908,358,SYNTH
2026-02-24 14:54:57.590Z,634.2370,593,SYNTH
2026-02-24 14:54:58.293Z,634.0338,520,SYNTH
2026-02-24 14:54:59.708Z,634.0917,355,SYNTH
2026-02-24 14:55:00.042Z,634.1039,753,SYNTH
2026-02-24 14:55:01.247Z,634.0460,382,SYNTH
2026-02-24 14:55:02.857Z,634.2081,595,SYNTH
2026-02-24 14:55:03.349Z,634.0628,590,SYNTH
2026-02-24 14:55:04.499Z,634.2008,520,SYNTH
2026-02-24 14:55:05.317Z,634.2449,614,SYNTH
2026-02-24 14:55:06.529Z,634.0212,430,SYNTH
2026-02-24 14:55:07.002Z,634.1028,302,SYNTH
2026-02-24 14:55:08.601Z,634.2231,394,SYNTH
2026-02-24 14:55:09.738Z,634.1283,551,SYNTH
2026-02-24 14:55:10.539Z,633.9770,244,SYNTH
2026-02-24 14:55:11.348Z,634.1934,1087,SYNTH
2026-02-24 14:55:12.602Z,633.9323,606,SYNTH
2026-02-24 14:55:13.314Z,634.1254,938,SYNTH
2026-02-24 14:55:14.245Z,634.1675,359,SYNTH
2026-02-24 14:55:15.210Z,634.2084,448,SYNTH
2026-02-24 14:55:16.413Z,634.1996,738,SYNTH
2026-02-24 14:55:17.281Z,634.2217,555,SYNTH
2026-02-24 14:55:18.223Z,634.1283,916,SYNTH
2026-02-24 14:55:19.435Z,633.9674,808,SYNTH
2026-02-24 14:55:20.499Z,633.8765,413,SYNTH
2026-02-24 14:55:21.213Z,633.7906,293,SYNTH
2026-02-24 14:55:22.654Z,634.0060,218,SYNTH
2026-02-24 14:55:23.107Z,633.7789,359,SYNTH
2026-02-24 14:55:24.552Z,633.5473,380,SYNTH
2026-02-24 14:55:25.716Z,633.3025,425,SYNTH
2026-02-24 14:55:26.675Z,633.4551,424,SYNTH
2026-02-24 14:55:27.466Z,632.9964,243,SYNTH
2026-02-24 14:55:28.012Z,633.1010,456,SYNTH
2026-02-24 14:55:29.895Z,632.6559,432,SYNTH
2026-02-24 14:55:30.663Z,632.4845,328,SYNTH
2026-02-24 14:55:31.466Z,632.4323,401,SYNTH
2026-02-24 14:55:32.161Z,632.2391,274,SYNTH
2026-02-24 14:55:33.493Z,632.3652,223,SYNTH
2026-02-24 14:55:34.361Z,631.9736,278,SYNTH
2026-02-24 14:55:35.423Z,632.1320,402,SYNTH
2026-02-24 14:55:36.738Z,632.0061,417,SYNTH
2026-02-24 14:55:37.585Z,631.7571,1026,SYNTH
2026-02-24 14:55:38.429Z,631.9587,554,SYNTH
2026-02-24 14:55:39.736Z,631.7295,1185,SYNTH
2026-02-24 14:55:40.330Z,632.0160,703,SYNTH
2026-02-24 14:55:41.288Z,631.8752,304,SYNTH
2026-02-24 14:55:42.302Z,631.9439,288,SYNTH
2026-02-24 14:55:43.298Z,632.0512,285,SYNTH
2026-02-24 14:55:44.319Z,632.1150,309,SYNTH
2026-02-24 14:55:45.674Z,632.1354,805,SYNTH
2026-02-24 14:55:46.877Z,632.0265,465,SYNTH
2026-02-24 14:55:47.250Z,632.1103,422,SYNTH
2026-02-24 14:55:48.756Z,631.9029,479,SYNTH
2026-02-24 14:55:49.253Z,631.9896,375,SYNTH
2026-02-24 14:55:50.346Z,632.0773,509,SYNTH
2026-02-24 14:55:51.257Z,631.9284,299,SYNTH
2026-02-24 14:55:52.380Z,632.0565,306,SYNTH
2026-02-24 14:55:53.155Z,631.8755,341,SYNTH
2026-02-24 14:55:54.325Z,631.8732,278,SYNTH
2026-02-24 14:55:55.395Z,631.9652,553,SYNTH
2026-02-24 14:55:56.116Z,632.0096,335,SYNTH
2026-02-24 14:55:57.356Z,631.8601,354,SYNTH
2026-02-24 14:55:58.501Z,632.1584,337,SYNTH
2026-02-24 14:55:59.709Z,631.9892,665,SYNTH
2026-02-24 14:56:00.354Z,632.1373,1102,SYNTH
2026-02-24 14:56:01.255Z,632.0422,772,SYNTH
2026-02-24 14:56:02.521Z,632.3049,883,SYNTH
2026-02-24 14:56:03.468Z,632.1123,779,SYNTH
2026-02-24 14:56:04.316Z,632.2542,1011,SYNTH
2026-02-24 14:56:05.642Z,632.2295,479,SYNTH
2026-02-24 14:56:06.592Z,632.2883,627,SYNTH
2026-02-24 14:56:07.616Z,632.3314,525,SYNTH
2026-02-24 14:56:08.189Z,632.3732,410,SYNTH
2026-02-24 14:56:09.559Z,632.4515,604,SYNTH
2026-02-24 14:56:10.434Z,632.4685,604,SYNTH
2026-02-24 14:56:11.136Z,632.4419,1618,SYNTH
2026-02-24 14:56:12.267Z,632.6125,1905,SYNTH
2026-02-24 14:56:13.896Z,632.4522,1166,SYNTH
2026-02-24 14:56:14.594Z,632.2986,809,SYNTH
2026-02-24 14:56:15.519Z,632.3974,586,SYNTH
2026-02-24 14:56:16.001Z,632.4922,1230,SYNTH
2026-02-24 14:56:17.360Z,632.4215,1325,SYNTH
2026-02-24 14:56:18.101Z,632.5556,1039,SYNTH
2026-02-24 14:56:19.071Z,632.2864,723,SYNTH
2026-02-24 14:56:20.266Z,632.2056,399,SYNTH
2026-02-24 14:56:21.346Z,632.4734,734,SYNTH
2026-02-24 14:56:22.859Z,632.3811,412,SYNTH
2026-02-24 14:56:23.363Z,632.0771,437,SYNTH
2026-02-24 14:56:24.348Z,632.0969,608,SYNTH
2026-02-24 14:56:25.871Z,631.9746,534,SYNTH
2026-02-24 14:56:26.100Z,632.0400,604,SYNTH
2026-02-24 14:56:27.394Z,632.1439,431,SYNTH
2026-02-24 14:56:28.010Z,631.9480,464,SYNTH
2026-02-24 14:56:29.216Z,631.9367,707,SYNTH
2026-02-24 14:56:30.761Z,631.7540,390,SYNTH
2026-02-24 14:56:31.019Z,631.6237,357,SYNTH
2026-02-24 14:56:32.763Z,631.4651,346,SYNTH
2026-02-24 14:56:33.175Z,631.6091,446,SYNTH
2026-02-24 14:56:34.547Z,631.4854,641,SYNTH
2026-02-24 14:56:35.010Z,631.5162,681,SYNTH
2026-02-24 14:56:36.861Z,631.5833,713,SYNTH
2026-02-24 14:56:37.493Z,631.2669,1445,SYNTH
2026-02-24 14:56:38.364Z,631.4843,825,SYNTH
2026-02-24 14:56:39.771Z,631.4514,1309,SYNTH
2026-02-24 14:56:40.621Z,631.3281,1626,SYNTH
2026-02-24 14:56:41.807Z,631.4857,634,SYNTH
2026-02-24 14:56:42.844Z,631.3010,541,SYNTH
2026-02-24 14:56:43.589Z,631.3001,460,SYNTH
2026-02-24 14:56:44.550Z,631.5353,786,SYNTH
2026-02-24 14:56:45.764Z,631.3415,971,SYNTH
2026-02-24 14:56:46.431Z,631.6621,669,SYNTH
2026-02-24 14:56:47.286Z,631.4731,899,SYNTH
2026-02-24 14:56:48.484Z,631.5925,803,SYNTH
2026-02-24 14:56:49.676Z,631.4680,769,SYNTH
2026-02-24 14:56:50.690Z,631.4137,778,SYNTH
2026-02-24 14:56:51.080Z,631.3950,676,SYNTH
2026-02-24 14:56:52.256Z,631.6821,489,SYNTH
2026-02-24 14:56:53.892Z,631.7486,899,SYNTH
2026-02-24 14:56:54.824Z,631.5473,550,SYNTH
2026-02-24 14:56:55.820Z,631.7009,1020,SYNTH
2026-02-24 14:56:56.043Z,631.6365,571,SYNTH
2026-02-24 14:56:57.313Z,631.8086,673,SYNTH
2026-02-24 14:56:58.478Z,631.5663,1006,SYNTH
2026-02-24 14:56:59.742Z,631.7349,732,SYNTH
2026-02-24 14:57:00.204Z,631.7433,695,SYNTH
2026-02-24 14:57:01.132Z,631.6599,450,SYNTH
2026-02-24 14:57:02.158Z,631.8014,476,SYNTH
2026-02-24 14:57:03.785Z,631.8838,466,SYNTH
2026-02-24 14:57:04.117Z,632.0128,746,SYNTH
2026-02-24 14:57:05.218Z,631.7793,636,SYNTH
2026-02-24 14:57:06.470Z,632.1189,480,SYNTH
2026-02-24 14:57:07.724Z,632.0113,498,SYNTH
2026-02-24 14:57:08.141Z,632.0901,557,SYNTH
2026-02-24 14:57:09.878Z,632.3525,535,SYNTH
2026-02-24 14:57:10.355Z,632.3915,579,SYNTH
2026-02-24 14:57:11.698Z,632.4210,739,SYNTH
2026-02-24 14:57:12.151Z,632.3175,1031,SYNTH
2026-02-24 14:57:13.089Z,632.3264,774,SYNTH
2026-02-24 14:57:14.394Z,632.2941,444,SYNTH
2026-02-24 14:57:15.128Z,632.4164,479,SYNTH
2026-02-24 14:57:16.187Z,632.2630,771,SYNTH
2026-02-24 14:57:17.872Z,632.2697,672,SYNTH
2026-02-24 14:57:18.548Z,632.0035,897,SYNTH
2026-02-24 14:57:19.026Z,632.1432,993,SYNTH
2026-02-24 14:57:20.706Z,632.1364,388,SYNTH
2026-02-24 14:57:21.741Z,631.9494,531,SYNTH
2026-02-24 14:57:22.384Z,631.9857,266,SYNTH
2026-02-24 14:57:23.460Z,631.8250,501,SYNTH
2026-02-24 14:57:24.663Z,632.0300,290,SYNTH
2026-02-24 14:57:25.714Z,631.9274,267,SYNTH
2026-02-24 14:57:26.434Z,631.7362,383,SYNTH
2026-02-24 14:57:27.624Z,631.7030,505,SYNTH
2026-02-24 14:57:28.170Z,631.8192,306,SYNTH
2026-02-24 14:57:29.897Z,631.6608,488,SYNTH
2026-02-24 14:57:30.717Z,631.6067,466,SYNTH
2026-02-24 14:57:31.487Z,631.5861,414,SYNTH
2026-02-24 14:57:32.792Z,631.2986,492,SYNTH
2026-02-24 14:57:33.509Z,631.5396,323,SYNTH
2026-02-24 14:57:34.017Z,631.3938,261,SYNTH
2026-02-24 14:57:35.368Z,631.3807,408,SYNTH
2026-02-24 14:57:36.226Z,631.1559,375,SYNTH
2026-02-24 14:57:37.151Z,631.3373,724,SYNTH
2026-02-24 14:57:38.305Z,631.2077,1238,SYNTH
2026-02-24 14:57:39.893Z,631.3771,909,SYNTH
2026-02-24 14:57:40.601Z,631.3330,807,SYNTH
2026-02-24 14:57:41.158Z,631.3339,441,SYNTH
2026-02-24 14:57:42.722Z,631.2479,431,SYNTH
2026-02-24 14:57:43.016Z,631.4072,444,SYNTH
2026-02-24 14:57:44.523Z,631.1545,303,SYNTH
2026-02-24 14:57:45.877Z,631.3643,547,SYNTH
2026-02-24 14:57:46.280Z,631.1530,396,SYNTH
2026-02-24 14:57:47.674Z,631.2367,437,SYNTH
2026-02-24 14:57:48.487Z,631.1833,506,SYNTH
2026-02-24 14:57:49.296Z,631.0848,613,SYNTH
2026-02-24 14:57:50.514Z,631.2873,387,SYNTH
2026-02-24 14:57:51.691Z,631.2763,516,SYNTH
2026-02-24 14:57:52.139Z,631.1627,566,SYNTH
2026-02-24 14:57:53.763Z,631.1543,649,SYNTH
2026-02-24 14:57:54.484Z,631.3002,567,SYNTH
2026-02-24 14:57:55.034Z,631.3724,643,SYNTH
2026-02-24 14:57:56.603Z,631.0902,354,SYNTH
2026-02-24 14:57:57.898Z,631.2857,518,SYNTH
2026-02-24 14:57:58.109Z,631.3840,368,SYNTH
2026-02-24 14:57:59.421Z,631.2362,733,SYNTH
2026-02-24 14:58:00.361Z,631.2937,716,SYNTH
2026-02-24 14:58:01.815Z,631.2178,799,SYNTH
2026-02-24 14:58:02.843Z,631.3673,412,SYNTH
2026-02-24 14:58:03.647Z,631.4086,468,SYNTH
2026-02-24 14:58:04.715Z,631.3300,813,SYNTH
2026-02-24 14:58:05.197Z,631.4916,848,SYNTH
2026-02-24 14:58:06.646Z,631.3027,712,SYNTH
2026-02-24 14:58:07.663Z,631.4711,805,SYNTH
2026-02-24 14:58:08.310Z,631.3973,647,SYNTH
2026-02-24 14:58:09.138Z,631.3160,348,SYNTH
2026-02-24 14:58:10.673Z,631.2408,493,SYNTH
2026-02-24 14:58:11.784Z,631.4851,1716,SYNTH
2026-02-24 14:58:12.472Z,631.4206,1748,SYNTH
2026-02-24 14:58:13.358Z,631.5655,1760,SYNTH
2026-02-24 14:58:14.272Z,631.3076,536,SYNTH
2026-02-24 14:58:15.341Z,631.3676,521,SYNTH
2026-02-24 14:58:16.732Z,631.4053,649,SYNTH
2026-02-24 14:58:17.541Z,631.2129,1086,SYNTH
2026-02-24 14:58:18.199Z,631.4649,1017,SYNTH
2026-02-24 14:58:19.370Z,631.3960,1095,SYNTH
2026-02-24 14:58:20.516Z,631.1675,656,SYNTH
2026-02-24 14:58:21.254Z,631.2243,632,SYNTH
2026-02-24 14:58:22.892Z,631.1928,595,SYNTH
2026-02-24 14:58:23.060Z,631.0345,272,SYNTH
2026-02-24 14:58:24.303Z,631.2760,548,SYNTH
2026-02-24 14:58:25.751Z,631.2135,398,SYNTH
2026-02-24 14:58:26.162Z,631.0012,446,SYNTH
2026-02-24 14:58:27.651Z,631.1079,622,SYNTH
2026-02-24 14:58:28.667Z,630.9490,295,SYNTH
2026-02-24 14:58:29.158Z,630.8360,641,SYNTH
2026-02-24 14:58:30.433Z,630.7900,430,SYNTH
2026-02-24 14:58:31.637Z,630.6015,428,SYNTH
2026-02-24 14:58:32.231Z,630.4690,648,SYNTH
2026-02-24 14:58:33.388Z,630.7152,534,SYNTH
2026-02-24 14:58:34.489Z,630.4948,489,SYNTH
2026-02-24 14:58:35.691Z,630.4073,492,SYNTH
2026-02-24 14:58:36.741Z,630.3063,494,SYNTH
2026-02-24 14:58:37.317Z,630.5633,682,SYNTH
2026-02-24 14:58:38.088Z,630.3657,1632,SYNTH
2026-02-24 14:58:39.034Z,630.2695,1250,SYNTH
2026-02-24 14:58:40.069Z,630.3576,1201,SYNTH
2026-02-24 14:58:41.255Z,630.5137,365,SYNTH
2026-02-24 14:58:42.852Z,630.3297,294,SYNTH
2026-02-24 14:58:43.208Z,630.5912,323,SYNTH
2026-02-24 14:58:44.063Z,630.4830,508,SYNTH
2026-02-24 14:58:45.203Z,630.4160,537,SYNTH
2026-02-24 14:58:46.669Z,630.3676,842,SYNTH
2026-02-24 14:58:47.636Z,630.5800,1139,SYNTH
2026-02-24 14:58:48.724Z,630.3876,660,SYNTH
2026-02-24 14:58:49.310Z,630.6536,461,SYNTH
2026-02-24 14:58:50.856Z,630.6858,490,SYNTH
2026-02-24 14:58:51.019Z,630.4542,453,SYNTH
2026-02-24 14:58:52.799Z,630.6219,375,SYNTH
2026-02-24 14:58:53.457Z,630.4080,436,SYNTH
2026-02-24 14:58:54.631Z,630.6407,802,SYNTH
2026-02-24 14:58:55.643Z,630.4790,723,SYNTH
2026-02-24 14:58:56.587Z,630.6867,880,SYNTH
2026-02-24 14:58:57.253Z,630.5365,409,SYNTH
2026-02-24 14:58:58.462Z,630.6476,675,SYNTH
2026-02-24 14:58:59.333Z,630.5010,689,SYNTH
2026-02-24 14:59:00.549Z,630.4987,777,SYNTH
2026-02-24 14:59:01.008Z,630.5654,772,SYNTH
2026-02-24 14:59:02.779Z,630.5637,667,SYNTH
2026-02-24 14:59:03.314Z,630.5055,1093,SYNTH
2026-02-24 14:59:04.133Z,630.4155,988,SYNTH
2026-02-24 14:59:05.485Z,630.4091,474,SYNTH
2026-02-24 14:59:06.531Z,630.5202,543,SYNTH
2026-02-24 14:59:07.430Z,630.1957,676,SYNTH
2026-02-24 14:59:08.713Z,630.5265,799,SYNTH
2026-02-24 14:59:09.872Z,630.2764,446,SYNTH
2026-02-24 14:59:10.246Z,630.1806,433,SYNTH
2026-02-24 14:59:11.113Z,630.3532,1284,SYNTH
2026-02-24 14:59:12.025Z,630.2734,2470,SYNTH
2026-02-24 14:59:13.136Z,630.3142,2323,SYNTH
2026-02-24 14:59:14.181Z,630.2560,483,SYNTH
2026-02-24 14:59:15.741Z,630.2950,640,SYNTH
2026-02-24 14:59:16.816Z,630.2691,1204,SYNTH
2026-02-24 14:59:17.409Z,630.4684,1434,SYNTH
2026-02-24 14:59:18.120Z,630.5245,951,SYNTH
2026-02-24 14:59:19.050Z,630.4709,1466,SYNTH
2026-02-24 14:59:20.677Z,630.2959,787,SYNTH
2026-02-24 14:59:21.493Z,630.4654,640,SYNTH
2026-02-24 14:59:22.345Z,630.5773,639,SYNTH
2026-02-24 14:59:23.765Z,630.4573,514,SYNTH
2026-02-24 14:59:24.404Z,630.4637,648,SYNTH
2026-02-24 14:59:25.085Z,630.6626,558,SYNTH
2026-02-24 14:59:26.410Z,630.5360,533,SYNTH
2026-02-24 14:59:27.485Z,630.7415,510,SYNTH
2026-02-24 14:59:28.415Z,630.9244,339,SYNTH
2026-02-24 14:59:29.093Z,630.7226,438,SYNTH
2026-02-24 14:59:30.091Z,630.9773,610,SYNTH
2026-02-24 14:59:31.535Z,630.8428,339,SYNTH
2026-02-24 14:59:32.189Z,631.0292,614,SYNTH
2026-02-24 14:59:33.176Z,630.9460,337,SYNTH
2026-02-24 14:59:34.636Z,631.2690,706,SYNTH
2026-02-24 14:59:35.320Z,631.0936,516,SYNTH
2026-02-24 14:59:36.544Z,631.1357,643,SYNTH
2026-02-24 14:59:37.608Z,631.0542,1195,SYNTH
2026-02-24 14:59:38.381Z,631.3394,1379,SYNTH
2026-02-24 14:59:39.055Z,631.0442,979,SYNTH
2026-02-24 14:59:40.453Z,631.2773,1222,SYNTH
2026-02-24 14:59:41.877Z,631.2998,619,SYNTH
2026-02-24 14:59:42.827Z,630.9993,415,SYNTH
2026-02-24 14:59:43.815Z,630.9598,903,SYNTH
2026-02-24 14:59:44.081Z,630.9306,648,SYNTH
2026-02-24 14:59:45.151Z,631.0544,926,SYNTH
2026-02-24 14:59:46.815Z,631.1948,850,SYNTH
2026-02-24 14:59:47.019Z,631.0903,1427,SYNTH
2026-02-24 14:59:48.499Z,631.2428,980,SYNTH
2026-02-24 14:59:49.759Z,631.0041,876,SYNTH
2026-02-24 14:59:50.651Z,631.0269,580,SYNTH
2026-02-24 14:59:51.197Z,630.9060,451,SYNTH
2026-02-24 14:59:52.645Z,631.1018,471,SYNTH
2026-02-24 14:59:53.460Z,630.7906,934,SYNTH
2026-02-24 14:59:54.483Z,630.7844,1166,SYNTH
2026-02-24 14:59:55.679Z,630.9639,1019,SYNTH
2026-02-24 14:59:56.683Z,630.9226,1051,SYNTH
2026-02-24 14:59:57.645Z,630.7444,1167,SYNTH
2026-02-24 14:59:58.804Z,630.8533,677,SYNTH
2026-02-24 14:59:59.459Z,630.7792,740,SYNTH
2026-02-24 15:00:00.605Z,630.9248,624,SYNTH
2026-02-24 15:00:01.311Z,630.7584,342,SYNTH
2026-02-24 15:00:02.155Z,630.9552,364,SYNTH
2026-02-24 15:00:03.398Z,631.0023,615,SYNTH
2026-02-24 15:00:04.753Z,631.0843,703,SYNTH
2026-02-24 15:00:05.606Z,631.2013,452,SYNTH
2026-02-24 15:00:06.157Z,631.0741,506,SYNTH
2026-02-24 15:00:07.588Z,631.4549,367,SYNTH
2026-02-24 15:00:08.102Z,631.3489,672,SYNTH
2026-02-24 15:00:09.115Z,631.3726,560,SYNTH
2026-02-24 15:00:10.323Z,631.6496,391,SYNTH
2026-02-24 15:00:11.755Z,631.6457,1558,SYNTH
2026-02-24 15:00:12.571Z,631.7085,646,SYNTH
2026-02-24 15:00:13.168Z,631.4415,1564,SYNTH
2026-02-24 15:00:14.750Z,631.6071,310,SYNTH
2026-02-24 15:00:15.697Z,631.2801,327,SYNTH
2026-02-24 15:00:16.767Z,631.1971,942,SYNTH
2026-02-24 15:00:17.833Z,631.2528,520,SYNTH
2026-02-24 15:00:18.118Z,631.2986,793,SYNTH
2026-02-24 15:00:19.151Z,631.4443,440,SYNTH
2026-02-24 15:00:20.707Z,631.1800,262,SYNTH
2026-02-24 15:00:21.107Z,631.2249,488,SYNTH
2026-02-24 15:00:22.661Z,631.2778,351,SYNTH
2026-02-24 15:00:23.279Z,631.1191,223,SYNTH
2026-02-24 15:00:24.698Z,630.9368,509,SYNTH
2026-02-24 15:00:25.499Z,631.1087,249,SYNTH
2026-02-24 15:00:26.439Z,630.7263,427,SYNTH
2026-02-24 15:00:27.254Z,630.6228,330,SYNTH
2026-02-24 15:00:28.821Z,630.7979,255,SYNTH
2026-02-24 15:00:29.722Z,630.6513,442,SYNTH
2026-02-24 15:00:30.344Z,630.4205,475,SYNTH
2026-02-24 15:00:31.851Z,630.3775,520,SYNTH
2026-02-24 15:00:32.653Z,630.2460,219,SYNTH
2026-02-24 15:00:33.341Z,630.3358,473,SYNTH
2026-02-24 15:00:34.518Z,630.1054,503,SYNTH
2026-02-24 15:00:35.554Z,629.9951,479,SYNTH
2026-02-24 15:00:36.101Z,630.1887,237,SYNTH
2026-02-24 15:00:37.433Z,629.8974,629,SYNTH
2026-02-24 15:00:38.725Z,630.0084,1251,SYNTH
2026-02-24 15:00:39.168Z,630.0289,1191,SYNTH
2026-02-24 15:00:40.408Z,630.1883,1236,SYNTH
2026-02-24 15:00:41.526Z,629.9598,464,SYNTH
2026-02-24 15:00:42.473Z,630.2082,370,SYNTH
2026-02-24 15:00:43.561Z,630.2176,244,SYNTH
2026-02-24 15:00:44.498Z,630.0197,433,SYNTH
2026-02-24 15:00:45.775Z,630.1350,379,SYNTH
2026-02-24 15:00:46.828Z,630.3346,529,SYNTH
2026-02-24 15:00:47.054Z,630.1425,867,SYNTH
2026-02-24 15:00:48.326Z,630.3088,566,SYNTH
2026-02-24 15:00:49.366Z,630.3471,432,SYNTH
2026-02-24 15:00:50.132Z,630.4033,615,SYNTH
2026-02-24 15:00:51.116Z,630.1799,343,SYNTH
2026-02-24 15:00:52.077Z,630.4055,393,SYNTH
2026-02-24 15:00:53.037Z,630.4469,322,SYNTH
2026-02-24 15:00:54.209Z,630.3462,470,SYNTH
2026-02-24 15:00:55.606Z,630.3972,664,SYNTH
2026-02-24 15:00:56.076Z,630.2364,614,SYNTH
2026-02-24 15:00:57.116Z,630.4629,358,SYNTH
2026-02-24 15:00:58.200Z,630.2153,699,SYNTH
2026-02-24 15:00:59.249Z,630.3786,725,SYNTH
2026-02-24 15:01:00.187Z,630.4999,648,SYNTH
2026-02-24 15:01:01.271Z,630.3399,598,SYNTH
2026-02-24 15:01:02.266Z,630.3713,565,SYNTH
2026-02-24 15:01:03.416Z,630.4320,363,SYNTH
2026-02-24 15:01:04.721Z,630.6183,332,SYNTH
2026-02-24 15:01:05.744Z,630.3196,431,SYNTH
2026-02-24 15:01:06.116Z,630.4740,338,SYNTH
2026-02-24 15:01:07.354Z,630.6502,372,SYNTH
2026-02-24 15:01:08.703Z,630.4097,289,SYNTH
2026-02-24 15:01:09.728Z,630.3479,510,SYNTH
2026-02-24 15:01:10.491Z,630.3698,394,SYNTH
2026-02-24 15:01:11.600Z,630.4973,1032,SYNTH
2026-02-24 15:01:12.157Z,630.5904,715,SYNTH
2026-02-24 15:01:13.014Z,630.6256,829,SYNTH
2026-02-24 15:01:14.801Z,630.4776,210,SYNTH
2026-02-24 15:01:15.684Z,630.6626,197,SYNTH
2026-02-24 15:01:16.214Z,630.4650,748,SYNTH
2026-02-24 15:01:17.736Z,630.5566,370,SYNTH
2026-02-24 15:01:18.698Z,630.3956,775,SYNTH
2026-02-24 15:01:19.571Z,630.3836,627,SYNTH
2026-02-24 15:01:20.178Z,630.4935,298,SYNTH
2026-02-24 15:01:21.587Z,630.5425,289,SYNTH
2026-02-24 15:01:22.281Z,630.2746,363,SYNTH
2026-02-24 15:01:23.762Z,630.2204,268,SYNTH
2026-02-24 15:01:24.843Z,630.1700,265,SYNTH
2026-02-24 15:01:25.869Z,630.4160,352,SYNTH
2026-02-24 15:01:26.601Z,630.1108,255,SYNTH
2026-02-24 15:01:27.532Z,630.2142,317,SYNTH
2026-02-24 15:01:28.614Z,629.9894,171,SYNTH
2026-02-24 15:01:29.499Z,630.2641,376,SYNTH
2026-02-24 15:01:30.332Z,630.1757,333,SYNTH
2026-02-24 15:01:31.675Z,629.9924,237,SYNTH
2026-02-24 15:01:32.221Z,629.8129,308,SYNTH
2026-02-24 15:01:33.773Z,629.8683,271,SYNTH
2026-02-24 15:01:34.286Z,629.9422,383,SYNTH
2026-02-24 15:01:35.581Z,629.8604,239,SYNTH
2026-02-24 15:01:36.777Z,629.7569,359,SYNTH
2026-02-24 15:01:37.554Z,629.8928,804,SYNTH
2026-02-24 15:01:38.288Z,629.7421,987,SYNTH
2026-02-24 15:01:39.442Z,629.9121,816,SYNTH
2026-02-24 15:01:40.612Z,629.6789,526,SYNTH
2026-02-24 15:01:41.021Z,629.8650,454,SYNTH
2026-02-24 15:01:42.626Z,629.9976,312,SYNTH
2026-02-24 15:01:43.634Z,629.7509,443,SYNTH
2026-02-24 15:01:44.711Z,629.8084,229,SYNTH
2026-02-24 15:01:45.243Z,629.9417,685,SYNTH
2026-02-24 15:01:46.343Z,629.9268,707,SYNTH
2026-02-24 15:01:47.622Z,630.0296,668,SYNTH
2026-02-24 15:01:48.738Z,630.0735,359,SYNTH
2026-02-24 15:01:49.739Z,630.0127,288,SYNTH
2026-02-24 15:01:50.181Z,630.0103,231,SYNTH
2026-02-24 15:01:51.847Z,629.9006,497,SYNTH
2026-02-24 15:01:52.877Z,630.0156,276,SYNTH
2026-02-24 15:01:53.292Z,630.1253,436,SYNTH
2026-02-24 15:01:54.166Z,630.0357,407,SYNTH
2026-02-24 15:01:55.639Z,630.2710,431,SYNTH
2026-02-24 15:01:56.677Z,630.3116,299,SYNTH
2026-02-24 15:01:57.166Z,630.0086,424,SYNTH
2026-02-24 15:01:58.492Z,630.1324,630,SYNTH
2026-02-24 15:01:59.590Z,630.2001,482,SYNTH
2026-02-24 15:02:00.098Z,630.2260,697,SYNTH
2026-02-24 15:02:01.457Z,630.2885,630,SYNTH
2026-02-24 15:02:02.755Z,630.3329,798,SYNTH
2026-02-24 15:02:03.810Z,630.0219,483,SYNTH
2026-02-24 15:02:04.425Z,630.0600,697,SYNTH
2026-02-24 15:02:05.357Z,629.8538,415,SYNTH
2026-02-24 15:02:06.384Z,629.9375,344,SYNTH
2026-02-24 15:02:07.357Z,629.5709,363,SYNTH
2026-02-24 15:02:08.391Z,629.6283,526,SYNTH
2026-02-24 15:02:09.334Z,629.6860,413,SYNTH
2026-02-24 15:02:10.621Z,629.5785,598,SYNTH
2026-02-24 15:02:11.158Z,629.5433,1537,SYNTH
2026-02-24 15:02:12.115Z,629.4529,869,SYNTH
2026-02-24 15:02:13.294Z,629.5002,871,SYNTH
2026-02-24 15:02:14.122Z,629.7292,286,SYNTH
2026-02-24 15:02:15.654Z,629.5172,501,SYNTH
2026-02-24 15:02:16.876Z,629.8713,911,SYNTH
2026-02-24 15:02:17.198Z,629.7981,559,SYNTH
2026-02-24 15:02:18.742Z,629.7563,601,SYNTH
2026-02-24 15:02:19.500Z,629.6341,466,SYNTH
2026-02-24 15:02:20.664Z,629.7765,431,SYNTH
2026-02-24 15:02:21.032Z,629.8701,360,SYNTH
2026-02-24 15:02:22.866Z,629.6985,375,SYNTH
2026-02-24 15:02:23.684Z,630.0843,438,SYNTH
2026-02-24 15:02:24.214Z,630.0002,301,SYNTH
2026-02-24 15:02:25.379Z,629.9909,253,SYNTH
2026-02-24 15:02:26.202Z,630.1995,259,SYNTH
2026-02-24 15:02:27.196Z,630.1193,233,SYNTH
2026-02-24 15:02:28.756Z,630.1805,308,SYNTH
2026-02-24 15:02:29.625Z,630.5424,452,SYNTH
2026-02-24 15:02:30.165Z,630.5811,521,SYNTH
2026-02-24 15:02:31.700Z,630.4998,305,SYNTH
2026-02-24 15:02:32.614Z,630.6624,334,SYNTH
2026-02-24 15:02:33.451Z,630.6038,335,SYNTH
2026-02-24 15:02:34.755Z,630.8384,483,SYNTH
2026-02-24 15:02:35.831Z,630.7827,416,SYNTH
2026-02-24 15:02:36.450Z,630.7328,506,SYNTH
2026-02-24 15:02:37.131Z,630.6847,1071,SYNTH
2026-02-24 15:02:38.853Z,630.8791,671,SYNTH
2026-02-24 15:02:39.171Z,630.8037,942,SYNTH
2026-02-24 15:02:40.052Z,630.6947,998,SYNTH
2026-02-24 15:02:41.377Z,630.9001,479,SYNTH
2026-02-24 15:02:42.488Z,630.9641,532,SYNTH
2026-02-24 15:02:43.749Z,630.8833,436,SYNTH
2026-02-24 15:02:44.554Z,630.8153,535,SYNTH
2026-02-24 15:02:45.821Z,630.7777,929,SYNTH
2026-02-24 15:02:46.752Z,630.8891,758,SYNTH
2026-02-24 15:02:47.332Z,630.6973,508,SYNTH
2026-02-24 15:02:48.309Z,630.8936,502,SYNTH
2026-02-24 15:02:49.427Z,630.7366,457,SYNTH
2026-02-24 15:02:50.186Z,630.8508,494,SYNTH
2026-02-24 15:02:51.753Z,630.8879,512,SYNTH
2026-02-24 15:02:52.678Z,630.7007,689,SYNTH
2026-02-24 15:02:53.341Z,630.8192,637,SYNTH
2026-02-24 15:02:54.705Z,630.6183,646,SYNTH
2026-02-24 15:02:55.797Z,630.6729,456,SYNTH
2026-02-24 15:02:56.611Z,630.8418,393,SYNTH
2026-02-24 15:02:57.690Z,630.6323,488,SYNTH
2026-02-24 15:02:58.033Z,630.8840,395,SYNTH
2026-02-24 15:02:59.827Z,630.7358,726,SYNTH
2026-02-24 15:03:00.029Z,630.7893,699,SYNTH
2026-02-24 15:03:01.626Z,630.8697,620,SYNTH
2026-02-24 15:03:02.589Z,630.7348,389,SYNTH
2026-02-24 15:03:03.157Z,630.8219,421,SYNTH
2026-02-24 15:03:04.371Z,630.8850,369,SYNTH
2026-02-24 15:03:05.285Z,630.8423,538,SYNTH
2026-02-24 15:03:06.359Z,630.7783,277,SYNTH
2026-02-24 15:03:07.581Z,630.6850,442,SYNTH
2026-02-24 15:03:08.299Z,630.9868,291,SYNTH
2026-02-24 15:03:09.073Z,630.7933,549,SYNTH
2026-02-24 15:03:10.579Z,630.9695,271,SYNTH
2026-02-24 15:03:11.275Z,630.6700,1162,SYNTH
2026-02-24 15:03:12.278Z,630.9836,1043,SYNTH
2026-02-24 15:03:13.724Z,630.8007,1317,SYNTH
2026-02-24 15:03:14.079Z,630.7400,389,SYNTH
2026-02-24 15:03:15.696Z,630.9150,556,SYNTH
2026-02-24 15:03:16.838Z,630.8184,759,SYNTH
2026-02-24 15:03:17.048Z,630.8172,842,SYNTH
2026-02-24 15:03:18.000Z,630.9096,593,SYNTH
2026-02-24 15:03:19.085Z,630.6291,712,SYNTH
2026-02-24 15:03:20.395Z,630.7630,523,SYNTH
2026-02-24 15:03:21.785Z,630.6867,314,SYNTH
2026-02-24 15:03:22.690Z,630.5899,252,SYNTH
2026-02-24 15:03:23.694Z,630.4392,436,SYNTH
2026-02-24 15:03:24.746Z,630.5548,247,SYNTH
2026-02-24 15:03:25.743Z,630.2952,232,SYNTH
2026-02-24 15:03:26.311Z,630.4708,374,SYNTH
2026-02-24 15:03:27.468Z,630.2821,395,SYNTH
2026-02-24 15:03:28.575Z,630.2062,416,SYNTH
2026-02-24 15:03:29.609Z,630.0297,381,SYNTH
2026-02-24 15:03:30.278Z,629.7887,205,SYNTH
2026-02-24 15:03:31.185Z,629.6747,307,SYNTH
2026-02-24 15:03:32.143Z,629.5174,483,SYNTH
2026-02-24 15:03:33.413Z,629.6382,334,SYNTH
2026-02-24 15:03:34.141Z,629.4416,251,SYNTH
2026-02-24 15:03:35.577Z,629.4166,486,SYNTH
2026-02-24 15:03:36.608Z,629.4771,297,SYNTH
2026-02-24 15:03:37.652Z,629.5654,941,SYNTH
2026-02-24 15:03:38.380Z,629.1672,861,SYNTH
2026-02-24 15:03:39.298Z,629.5284,709,SYNTH
2026-02-24 15:03:40.366Z,629.3701,544,SYNTH
2026-02-24 15:03:41.822Z,629.3911,480,SYNTH
2026-02-24 15:03:42.189Z,629.5655,393,SYNTH
2026-02-24 15:03:43.822Z,629.4895,555,SYNTH
2026-02-24 15:03:44.432Z,629.6126,290,SYNTH
2026-02-24 15:03:45.377Z,629.3186,869,SYNTH
2026-02-24 15:03:46.292Z,629.4609,723,SYNTH
2026-02-24 15:03:47.264Z,629.5650,823,SYNTH
2026-02-24 15:03:48.762Z,629.6212,592,SYNTH
2026-02-24 15:03:49.789Z,629.4216,568,SYNTH
2026-02-24 15:03:50.713Z,629.5916,306,SYNTH
2026-02-24 15:03:51.000Z,629.4697,542,SYNTH
2026-02-24 15:03:52.674Z,629.6760,662,SYNTH
2026-02-24 15:03:53.004Z,629.5703,491,SYNTH
2026-02-24 15:03:54.452Z,629.7786,540,SYNTH
2026-02-24 15:03:55.094Z,629.7234,491,SYNTH
2026-02-24 15:03:56.567Z,629.6443,528,SYNTH
2026-02-24 15:03:57.325Z,629.6370,507,SYNTH
2026-02-24 15:03:58.789Z,629.5709,379,SYNTH
2026-02-24 15:03:59.148Z,629.7414,363,SYNTH
2026-02-24 15:04:00.886Z,629.7724,550,SYNTH
2026-02-24 15:04:01.795Z,629.6558,603,SYNTH
2026-02-24 15:04:02.861Z,629.8599,523,SYNTH
2026-02-24 15:04:03.698Z,629.8656,704,SYNTH
2026-02-24 15:04:04.194Z,629.9558,587,SYNTH
2026-02-24 15:04:05.422Z,629.7419,649,SYNTH
2026-02-24 15:04:06.246Z,629.8564,365,SYNTH
2026-02-24 15:04:07.512Z,629.7800,564,SYNTH
2026-02-24 15:04:08.319Z,630.0087,359,SYNTH
2026-02-24 15:04:09.712Z,629.8879,621,SYNTH
2026-02-24 15:04:10.233Z,630.0539,386,SYNTH
2026-02-24 15:04:11.737Z,629.8765,1294,SYNTH
2026-02-24 15:04:12.725Z,629.9179,1320,SYNTH
2026-02-24 15:04:13.304Z,630.1299,916,SYNTH
2026-02-24 15:04:14.800Z,629.8783,480,SYNTH
2026-02-24 15:04:15.313Z,629.9069,433,SYNTH
2026-02-24 15:04:16.347Z,629.8489,533,SYNTH
2026-02-24 15:04:17.280Z,629.8041,506,SYNTH
2026-02-24 15:04:18.615Z,629.9458,531,SYNTH
2026-02-24 15:04:19.001Z,629.8169,518,SYNTH
2026-02-24 15:04:20.002Z,629.9284,340,SYNTH
2026-02-24 15:04:21.212Z,629.7822,518,SYNTH
2026-02-24 15:04:22.701Z,629.8938,491,SYNTH
2026-02-24 15:04:23.825Z,629.6113,363,SYNTH
2026-02-24 15:04:24.067Z,629.8001,443,SYNTH
2026-02-24 15:04:25.643Z,629.7293,401,SYNTH
2026-02-24 15:04:26.616Z,629.6984,467,SYNTH
2026-02-24 15:04:27.645Z,629.6722,378,SYNTH
2026-02-24 15:04:28.077Z,629.5426,512,SYNTH
2026-02-24 15:04:29.377Z,629.5826,452,SYNTH
2026-02-24 15:04:30.440Z,629.4634,462,SYNTH
2026-02-24 15:04:31.457Z,629.4294,343,SYNTH
2026-02-24 15:04:32.093Z,629.4859,395,SYNTH
2026-02-24 15:04:33.542Z,629.2383,277,SYNTH
2026-02-24 15:04:34.086Z,629.3072,460,SYNTH
2026-02-24 15:04:35.465Z,629.0917,529,SYNTH
2026-02-24 15:04:36.271Z,629.3213,403,SYNTH
2026-02-24 15:04:37.029Z,629.1718,748,SYNTH
2026-02-24 15:04:38.385Z,629.1002,1266,SYNTH
2026-02-24 15:04:39.146Z,629.0302,580,SYNTH
2026-02-24 15:04:40.025Z,629.1579,733,SYNTH
2026-02-24 15:04:41.311Z,628.9551,425,SYNTH
2026-02-24 15:04:42.372Z,629.0406,456,SYNTH
2026-02-24 15:04:43.720Z,629.2017,264,SYNTH
2026-02-24 15:04:44.036Z,629.2887,540,SYNTH
2026-02-24 15:04:45.410Z,629.1454,600,SYNTH
2026-02-24 15:04:46.159Z,629.0865,584,SYNTH
2026-02-24 15:04:47.354Z,629.3112,749,SYNTH
2026-02-24 15:04:48.390Z,629.3591,560,SYNTH
2026-02-24 15:04:49.854Z,629.0961,651,SYNTH
2026-02-24 15:04:50.279Z,629.0880,553,SYNTH
2026-02-24 15:04:51.749Z,629.1381,417,SYNTH
2026-02-24 15:04:52.746Z,629.4319,429,SYNTH
2026-02-24 15:04:53.684Z,629.2325,661,SYNTH
2026-02-24 15:04:54.491Z,629.2952,689,SYNTH
2026-02-24 15:04:55.558Z,629.4103,535,SYNTH
2026-02-24 15:04:56.501Z,629.2740,643,SYNTH
2026-02-24 15:04:57.727Z,629.3387,776,SYNTH
2026-02-24 15:04:58.321Z,629.1416,386,SYNTH
2026-02-24 15:04:59.401Z,629.3339,348,SYNTH
2026-02-24 15:05:00.765Z,629.3323,432,SYNTH
2026-02-24 15:05:01.184Z,629.2632,604,SYNTH
2026-02-24 15:05:02.730Z,629.2173,508,SYNTH
2026-02-24 15:05:03.216Z,629.3534,284,SYNTH
2026-02-24 15:05:04.521Z,629.2197,599,SYNTH
2026-02-24 15:05:05.832Z,629.1819,363,SYNTH
2026-02-24 15:05:06.525Z,629.2356,571,SYNTH
2026-02-24 15:05:07.667Z,628.9864,341,SYNTH
2026-02-24 15:05:08.731Z,628.9400,304,SYNTH
2026-02-24 15:05:09.710Z,629.1126,420,SYNTH
2026-02-24 15:05:10.159Z,628.9316,476,SYNTH
2026-02-24 15:05:11.063Z,629.0322,1025,SYNTH
2026-02-24 15:05:12.072Z,628.8331,1137,SYNTH
2026-02-24 15:05:13.559Z,629.0314,1144,SYNTH
2026-02-24 15:05:14.174Z,629.0553,256,SYNTH
2026-02-24 15:05:15.392Z,628.9757,418,SYNTH
2026-02-24 15:05:16.806Z,629.0384,546,SYNTH
2026-02-24 15:05:17.483Z,628.9373,747,SYNTH
2026-02-24 15:05:18.099Z,628.9174,589,SYNTH
2026-02-24 15:05:19.609Z,629.0868,722,SYNTH
2026-02-24 15:05:20.490Z,629.0482,231,SYNTH
2026-02-24 15:05:21.481Z,629.2395,277,SYNTH
2026-02-24 15:05:22.860Z,629.1732,182,SYNTH
2026-02-24 15:05:23.366Z,629.2215,405,SYNTH
2026-02-24 15:05:24.152Z,629.4591,377,SYNTH
2026-02-24 15:05:25.220Z,629.3490,238,SYNTH
2026-02-24 15:05:26.351Z,629.3142,297,SYNTH
2026-02-24 15:05:27.868Z,629.6366,319,SYNTH
2026-02-24 15:05:28.535Z,629.5899,278,SYNTH
2026-02-24 15:05:29.157Z,629.4942,405,SYNTH
2026-02-24 15:05:30.715Z,629.8164,184,SYNTH
2026-02-24 15:05:31.058Z,629.6358,325,SYNTH
2026-02-24 15:05:32.671Z,629.9250,377,SYNTH
2026-02-24 15:05:33.214Z,630.0660,242,SYNTH
2026-02-24 15:05:34.703Z,629.8825,379,SYNTH
2026-02-24 15:05:35.063Z,630.2173,281,SYNTH
2026-02-24 15:05:36.353Z,630.0992,425,SYNTH
2026-02-24 15:05:37.554Z,630.1902,589,SYNTH
2026-02-24 15:05:38.222Z,630.0222,917,SYNTH
2026-02-24 15:05:39.640Z,629.9841,775,SYNTH
2026-02-24 15:05:40.070Z,630.0287,538,SYNTH
2026-02-24 15:05:41.601Z,630.1257,449,SYNTH
2026-02-24 15:05:42.469Z,629.9508,336,SYNTH
2026-02-24 15:05:43.566Z,630.0614,259,SYNTH
2026-02-24 15:05:44.220Z,630.0725,442,SYNTH
2026-02-24 15:05:45.323Z,629.7672,582,SYNTH
2026-02-24 15:05:46.457Z,629.8691,609,SYNTH
2026-02-24 15:05:47.739Z,629.9998,638,SYNTH
2026-02-24 15:05:48.624Z,629.9985,473,SYNTH
2026-02-24 15:05:49.493Z,629.8925,413,SYNTH
2026-02-24 15:05:50.515Z,629.7040,533,SYNTH
2026-02-24 15:05:51.567Z,629.7558,267,SYNTH
2026-02-24 15:05:52.560Z,629.7024,395,SYNTH
2026-02-24 15:05:53.667Z,629.5022,276,SYNTH
2026-02-24 15:05:54.574Z,629.6008,544,SYNTH
2026-02-24 15:05:55.333Z,629.4994,255,SYNTH
2026-02-24 15:05:56.805Z,629.6727,566,SYNTH
2026-02-24 15:05:57.739Z,629.6237,555,SYNTH
2026-02-24 15:05:58.660Z,629.5613,385,SYNTH
2026-02-24 15:05:59.335Z,629.4121,557,SYNTH
2026-02-24 15:06:00.731Z,629.4530,553,SYNTH
2026-02-24 15:06:01.359Z,629.4871,487,SYNTH
2026-02-24 15:06:02.635Z,629.2714,399,SYNTH
2026-02-24 15:06:03.567Z,629.4881,432,SYNTH
2026-02-24 15:06:04.434Z,629.2659,322,SYNTH
2026-02-24 15:06:05.822Z,629.3536,419,SYNTH
2026-02-24 15:06:06.760Z,629.2822,233,SYNTH
2026-02-24 15:06:07.727Z,629.4898,416,SYNTH
2026-02-24 15:06:08.303Z,629.4000,297,SYNTH
2026-02-24 15:06:09.244Z,629.3496,396,SYNTH
2026-02-24 15:06:10.159Z,629.2357,412,SYNTH
2026-02-24 15:06:11.503Z,629.1837,1126,SYNTH
2026-02-24 15:06:12.217Z,629.2367,1137,SYNTH
2026-02-24 15:06:13.011Z,629.4245,764,SYNTH
2026-02-24 15:06:14.240Z,629.2321,196,SYNTH
2026-02-24 15:06:15.456Z,629.2919,267,SYNTH
2026-02-24 15:06:16.422Z,629.5687,457,SYNTH
2026-02-24 15:06:17.477Z,629.4085,775,SYNTH
2026-02-24 15:06:18.895Z,629.3371,381,SYNTH
2026-02-24 15:06:19.649Z,629.4661,595,SYNTH
2026-02-24 15:06:20.235Z,629.3734,214,SYNTH
2026-02-24 15:06:21.789Z,629.5364,328,SYNTH
2026-02-24 15:06:22.578Z,629.4825,277,SYNTH
2026-02-24 15:06:23.148Z,629.7770,294,SYNTH
2026-02-24 15:06:24.743Z,629.8663,263,SYNTH
2026-02-24 15:06:25.372Z,629.7879,261,SYNTH
2026-02-24 15:06:26.121Z,630.0366,344,SYNTH
2026-02-24 15:06:27.706Z,630.1400,339,SYNTH
2026-02-24 15:06:28.762Z,630.1735,267,SYNTH
2026-02-24 15:06:29.378Z,630.2549,224,SYNTH
2026-02-24 15:06:30.262Z,630.3830,229,SYNTH
2026-02-24 15:06:31.136Z,630.6376,230,SYNTH
2026-02-24 15:06:32.591Z,630.5244,223,SYNTH
2026-02-24 15:06:33.011Z,630.7984,393,SYNTH
2026-02-24 15:06:34.364Z,630.8679,223,SYNTH
2026-02-24 15:06:35.427Z,630.9917,172,SYNTH
2026-02-24 15:06:36.426Z,631.0297,313,SYNTH
2026-02-24 15:06:37.006Z,630.9265,855,SYNTH
2026-02-24 15:06:38.058Z,631.1553,434,SYNTH
2026-02-24 15:06:39.869Z,630.8730,486,SYNTH
2026-02-24 15:06:40.897Z,631.1296,504,SYNTH
2026-02-24 15:06:41.854Z,630.8454,317,SYNTH
2026-02-24 15:06:42.376Z,630.9163,356,SYNTH
2026-02-24 15:06:43.075Z,630.8409,335,SYNTH
2026-02-24 15:06:44.492Z,630.9371,218,SYNTH
2026-02-24 15:06:45.824Z,630.7379,672,SYNTH
2026-02-24 15:06:46.694Z,630.7079,681,SYNTH
2026-02-24 15:06:47.811Z,630.9858,508,SYNTH
2026-02-24 15:06:48.425Z,630.6989,272,SYNTH
2026-02-24 15:06:49.340Z,630.9189,438,SYNTH
2026-02-24 15:06:50.000Z,630.8481,469,SYNTH
2026-02-24 15:06:51.232Z,630.8496,329,SYNTH
2026-02-24 15:06:52.260Z,630.8439,258,SYNTH
2026-02-24 15:06:53.863Z,630.6141,316,SYNTH
2026-02-24 15:06:54.552Z,630.4900,435,SYNTH
2026-02-24 15:06:55.156Z,630.4903,282,SYNTH
2026-02-24 15:06:56.653Z,630.5720,306,SYNTH
2026-02-24 15:06:57.761Z,630.4642,576,SYNTH
2026-02-24 15:06:58.344Z,630.7232,303,SYNTH
2026-02-24 15:06:59.159Z,630.5344,587,SYNTH
2026-02-24 15:07:00.104Z,630.6181,342,SYNTH
2026-02-24 15:07:01.863Z,630.6414,223,SYNTH
2026-02-24 15:07:02.031Z,630.6112,208,SYNTH
2026-02-24 15:07:03.737Z,630.4246,400,SYNTH
2026-02-24 15:07:04.376Z,630.2951,195,SYNTH
2026-02-24 15:07:05.128Z,630.4218,327,SYNTH
2026-02-24 15:07:06.238Z,630.2273,333,SYNTH
2026-02-24 15:07:07.289Z,630.1951,233,SYNTH
2026-02-24 15:07:08.658Z,630.1969,325,SYNTH
2026-02-24 15:07:09.702Z,629.9664,255,SYNTH
2026-02-24 15:07:10.081Z,630.2092,226,SYNTH
2026-02-24 15:07:11.002Z,630.2242,604,SYNTH
2026-02-24 15:07:12.658Z,629.9654,552,SYNTH
2026-02-24 15:07:13.846Z,629.9637,401,SYNTH
2026-02-24 15:07:14.600Z,630.1567,213,SYNTH
2026-02-24 15:07:15.234Z,629.9879,320,SYNTH
2026-02-24 15:07:16.175Z,630.0869,350,SYNTH
2026-02-24 15:07:17.853Z,630.1330,291,SYNTH
2026-02-24 15:07:18.297Z,630.3580,249,SYNTH
2026-02-24 15:07:19.114Z,630.2362,429,SYNTH
2026-02-24 15:07:20.273Z,630.0807,153,SYNTH
2026-02-24 15:07:21.488Z,630.4211,159,SYNTH
2026-02-24 15:07:22.288Z,630.2806,205,SYNTH
2026-02-24 15:07:23.277Z,630.3276,171,SYNTH
2026-02-24 15:07:24.820Z,630.2564,215,SYNTH
2026-02-24 15:07:25.368Z,630.5354,198,SYNTH
2026-02-24 15:07:26.511Z,630.6309,213,SYNTH
2026-02-24 15:07:27.533Z,630.3363,146,SYNTH
2026-02-24 15:07:28.307Z,630.4745,139,SYNTH
2026-02-24 15:07:29.662Z,630.6603,211,SYNTH
2026-02-24 15:07:30.140Z,630.8155,120,SYNTH
2026-02-24 15:07:31.643Z,630.5418,186,SYNTH
2026-02-24 15:07:32.495Z,630.6520,221,SYNTH
2026-02-24 15:07:33.710Z,630.9289,202,SYNTH
2026-02-24 15:07:34.791Z,630.7741,134,SYNTH
2026-02-24 15:07:35.692Z,630.6827,284,SYNTH
2026-02-24 15:07:36.485Z,630.9492,281,SYNTH
2026-02-24 15:07:37.147Z,630.8711,566,SYNTH
2026-02-24 15:07:38.871Z,630.9782,410,SYNTH
2026-02-24 15:07:39.086Z,630.9128,619,SYNTH
2026-02-24 15:07:40.499Z,630.7391,716,SYNTH
2026-02-24 15:07:41.557Z,630.6922,191,SYNTH
2026-02-24 15:07:42.790Z,630.8849,306,SYNTH
2026-02-24 15:07:43.179Z,630.7749,150,SYNTH
