TimestampUtc,Price,Size,Exchange
2026-03-09 13:30:00.849Z,1.0111,30,SYNTH
2026-03-09 13:30:01.267Z,1.0087,32,SYNTH
2026-03-09 13:30:02.601Z,1.0119,16,SYNTH
2026-03-09 13:30:03.470Z,1.0105,23,SYNTH
2026-03-09 13:30:04.169Z,1.0122,13,SYNTH
2026-03-09 13:30:05.812Z,1.0082,18,SYNTH
2026-03-09 13:30:06.453Z,1.0116,25,SYNTH
2026-03-09 13:30:07.480Z,1.0096,24,SYNTH
2026-03-09 13:30:08.580Z,1.0097,18,SYNTH
2026-03-09 13:30:09.228Z,1.0121,11,SYNTH
2026-03-09 13:30:10.700Z,1.0097,25,SYNTH
2026-03-09 13:30:11.679Z,1.0091,31,SYNTH
2026-03-09 13:30:12.635Z,1.0116,26,SYNTH
2026-03-09 13:30:13.543Z,1.0108,55,SYNTH
2026-03-09 13:30:14.766Z,1.0114,16,SYNTH
2026-03-09 13:30:15.002Z,1.0094,21,SYNTH
2026-03-09 13:30:16.481Z,1.0105,38,SYNTH
2026-03-09 13:30:17.878Z,1.0121,41,SYNTH
2026-03-09 13:30:18.055Z,1.0105,33,SYNTH
2026-03-09 13:30:19.880Z,1.0087,38,SYNTH
2026-03-09 13:30:20.592Z,1.0080,10,SYNTH
2026-03-09 13:30:21.844Z,1.0116,16,SYNTH
2026-03-09 13:30:22.299Z,1.0105,15,SYNTH
2026-03-09 13:30:23.092Z,1.0099,10,SYNTH
2026-03-09 13:30:24.645Z,1.0109,18,SYNTH
2026-03-09 13:30:25.728Z,1.0091,9,SYNTH
2026-03-09 13:30:26.597Z,1.0104,14,SYNTH
2026-03-09 13:30:27.433Z,1.0109,14,SYNTH
2026-03-09 13:30:28.483Z,1.0090,19,SYNTH
2026-03-09 13:30:29.352Z,1.0101,9,SYNTH
2026-03-09 13:30:30.412Z,1.0114,14,SYNTH
2026-03-09 13:30:31.649Z,1.0086,16,SYNTH
2026-03-09 13:30:32.383Z,1.0081,12,SYNTH
2026-03-09 13:30:33.257Z,1.0112,13,SYNTH
2026-03-09 13:30:34.129Z,1.0109,13,SYNTH
2026-03-09 13:30:35.852Z,1.0122,9,SYNTH
2026-03-09 13:30:36.068Z,1.0082,11,SYNTH
2026-03-09 13:30:37.273Z,1.0085,23,SYNTH
2026-03-09 13:30:38.610Z,1.0120,49,SYNTH
2026-03-09 13:30:39.845Z,1.0085,44,SYNTH
2026-03-09 13:30:40.255Z,1.0116,54,SYNTH
2026-03-09 13:30:41.405Z,1.0112,17,SYNTH
2026-03-09 13:30:42.429Z,1.0106,9,SYNTH
2026-03-09 13:30:43.571Z,1.0118,16,SYNTH
2026-03-09 13:30:44.456Z,1.0096,12,SYNTH
2026-03-09 13:30:45.392Z,1.0109,26,SYNTH
2026-03-09 13:30:46.345Z,1.0093,34,SYNTH
2026-03-09 13:30:47.601Z,1.0114,20,SYNTH
2026-03-09 13:30:48.153Z,1.0118,18,SYNTH
2026-03-09 13:30:49.763Z,1.0084,20,SYNTH
2026-03-09 13:30:50.058Z,1.0117,12,SYNTH
2026-03-09 13:30:51.354Z,1.0111,20,SYNTH
2026-03-09 13:30:52.624Z,1.0084,12,SYNTH
2026-03-09 13:30:53.520Z,1.0113,12,SYNTH
2026-03-09 13:30:54.028Z,1.0093,20,SYNTH
2026-03-09 13:30:55.213Z,1.0104,17,SYNTH
2026-03-09 13:30:56.183Z,1.0087,22,SYNTH
2026-03-09 13:30:57.153Z,1.0107,15,SYNTH
2026-03-09 13:30:58.197Z,1.0102,29,SYNTH
2026-03-09 13:30:59.738Z,1.0086,33,SYNTH
2026-03-09 13:39:00.173Z,1.0104,11,SYNTH
2026-03-09 13:39:01.288Z,1.0118,18,SYNTH
2026-03-09 13:39:02.273Z,1.0084,19,SYNTH
2026-03-09 13:39:03.681Z,1.0106,16,SYNTH
2026-03-09 13:39:04.024Z,1.0119,11,SYNTH
2026-03-09 13:39:05.586Z,1.0099,15,SYNTH
2026-03-09 13:39:06.733Z,1.0120,8,SYNTH
2026-03-09 13:39:07.143Z,1.0087,10,SYNTH
2026-03-09 13:39:08.218Z,1.0103,12,SYNTH
2026-03-09 13:39:09.467Z,1.0087,15,SYNTH
2026-03-09 13:39:10.126Z,1.0116,14,SYNTH
2026-03-09 13:39:11.267Z,1.0090,23,SYNTH
2026-03-09 13:39:12.054Z,1.0100,33,SYNTH
2026-03-09 13:39:13.027Z,1.0103,34,SYNTH
2026-03-09 13:39:14.771Z,1.0083,13,SYNTH
2026-03-09 13:39:15.720Z,1.0085,9,SYNTH
2026-03-09 13:39:16.248Z,1.0113,21,SYNTH
2026-03-09 13:39:17.262Z,1.0111,15,SYNTH
2026-03-09 13:39:18.451Z,1.0108,19,SYNTH
2026-03-09 13:39:19.516Z,1.0081,17,SYNTH
2026-03-09 13:39:20.163Z,1.0112,11,SYNTH
2026-03-09 13:39:21.626Z,1.0098,8,SYNTH
2026-03-09 13:39:22.019Z,1.0105,11,SYNTH
2026-03-09 13:39:23.531Z,1.0115,6,SYNTH
2026-03-09 13:39:24.084Z,1.0113,9,SYNTH
2026-03-09 13:39:25.171Z,1.0112,10,SYNTH
2026-03-09 13:39:26.551Z,1.0083,9,SYNTH
2026-03-09 13:39:27.525Z,1.0103,13,SYNTH
2026-03-09 13:39:28.300Z,1.0093,7,SYNTH
2026-03-09 13:39:29.551Z,1.0116,7,SYNTH
2026-03-09 13:39:30.310Z,1.0122,10,SYNTH
2026-03-09 13:39:31.421Z,1.0110,9,SYNTH
2026-03-09 13:39:32.137Z,1.0086,8,SYNTH
2026-03-09 13:39:33.203Z,1.0091,9,SYNTH
2026-03-09 13:39:34.369Z,1.0107,11,SYNTH
2026-03-09 13:39:35.339Z,1.0121,12,SYNTH
2026-03-09 13:39:36.042Z,1.0082,6,SYNTH
2026-03-09 13:39:37.569Z,1.0116,29,SYNTH
2026-03-09 13:39:38.355Z,1.0097,27,SYNTH
2026-03-09 13:39:39.437Z,1.0086,16,SYNTH
2026-03-09 13:39:40.759Z,1.0107,19,SYNTH
2026-03-09 13:39:41.716Z,1.0090,13,SYNTH
2026-03-09 13:39:42.471Z,1.0107,11,SYNTH
2026-03-09 13:39:43.378Z,1.0092,8,SYNTH
2026-03-09 13:39:44.464Z,1.0108,12,SYNTH
2026-03-09 13:39:45.600Z,1.0097,11,SYNTH
2026-03-09 13:39:46.056Z,1.0101,16,SYNTH
2026-03-09 13:39:47.704Z,1.0085,18,SYNTH
2026-03-09 13:39:48.548Z,1.0101,11,SYNTH
2026-03-09 13:39:49.425Z,1.0109,10,SYNTH
2026-03-09 13:39:50.515Z,1.0118,11,SYNTH
2026-03-09 13:39:51.263Z,1.0092,17,SYNTH
2026-03-09 13:39:52.666Z,1.0111,9,SYNTH
2026-03-09 13:39:53.894Z,1.0090,8,SYNTH
2026-03-09 13:39:54.497Z,1.0103,9,SYNTH
2026-03-09 13:39:55.490Z,1.0094,17,SYNTH
2026-03-09 13:39:56.117Z,1.0106,9,SYNTH
2026-03-09 13:39:57.029Z,1.0118,17,SYNTH
2026-03-09 13:39:58.657Z,1.0092,11,SYNTH
2026-03-09 13:39:59.608Z,1.0103,18,SYNTH
2026-03-09 13:46:00.043Z,1.0106,9,SYNTH
2026-03-09 13:46:01.752Z,1.0121,14,SYNTH
2026-03-09 13:46:02.599Z,1.0120,11,SYNTH
2026-03-09 13:46:03.356Z,1.0093,14,SYNTH
2026-03-09 13:46:04.531Z,1.0117,9,SYNTH
2026-03-09 13:46:05.288Z,1.0082,11,SYNTH
2026-03-09 13:46:06.708Z,1.0082,10,SYNTH
2026-03-09 13:46:07.297Z,1.0105,11,SYNTH
2026-03-09 13:46:08.321Z,1.0105,9,SYNTH
2026-03-09 13:46:09.502Z,1.0109,12,SYNTH
2026-03-09 13:46:10.384Z,1.0082,8,SYNTH
2026-03-09 13:46:11.269Z,1.0079,33,SYNTH
2026-03-09 13:46:12.511Z,1.0103,14,SYNTH
2026-03-09 13:46:13.466Z,1.0113,28,SYNTH
2026-03-09 13:46:14.475Z,1.0087,8,SYNTH
2026-03-09 13:46:15.424Z,1.0105,11,SYNTH
2026-03-09 13:46:16.601Z,1.0113,21,SYNTH
2026-03-09 13:46:17.708Z,1.0118,9,SYNTH
2026-03-09 13:46:18.349Z,1.0115,15,SYNTH
2026-03-09 13:46:19.466Z,1.0094,13,SYNTH
2026-03-09 13:46:20.598Z,1.0116,9,SYNTH
2026-03-09 13:46:21.039Z,1.0092,8,SYNTH
2026-03-09 13:46:22.262Z,1.0109,5,SYNTH
2026-03-09 13:46:23.197Z,1.0087,8,SYNTH
2026-03-09 13:46:24.002Z,1.0102,9,SYNTH
2026-03-09 13:46:25.605Z,1.0117,8,SYNTH
2026-03-09 13:46:26.714Z,1.0111,8,SYNTH
2026-03-09 13:46:27.620Z,1.0113,7,SYNTH
2026-03-09 13:46:28.143Z,1.0114,6,SYNTH
2026-03-09 13:46:29.304Z,1.0091,9,SYNTH
2026-03-09 13:46:30.696Z,1.0116,7,SYNTH
2026-03-09 13:46:31.839Z,1.0105,7,SYNTH
2026-03-09 13:46:32.689Z,1.0119,7,SYNTH
2026-03-09 13:46:33.167Z,1.0115,6,SYNTH
2026-03-09 13:46:34.699Z,1.0085,10,SYNTH
2026-03-09 13:46:35.041Z,1.0097,7,SYNTH
2026-03-09 13:46:36.727Z,1.0080,5,SYNTH
2026-03-09 13:46:37.418Z,1.0113,21,SYNTH
2026-03-09 13:46:38.630Z,1.0118,21,SYNTH
2026-03-09 13:46:39.626Z,1.0111,16,SYNTH
2026-03-09 13:46:40.078Z,1.0092,19,SYNTH
2026-03-09 13:46:41.001Z,1.0115,6,SYNTH
2026-03-09 13:46:42.389Z,1.0086,7,SYNTH
2026-03-09 13:46:43.147Z,1.0110,9,SYNTH
2026-03-09 13:46:44.772Z,1.0100,6,SYNTH
2026-03-09 13:46:45.129Z,1.0112,19,SYNTH
2026-03-09 13:46:46.266Z,1.0096,19,SYNTH
2026-03-09 13:46:47.595Z,1.0103,17,SYNTH
2026-03-09 13:46:48.182Z,1.0084,7,SYNTH
2026-03-09 13:46:49.605Z,1.0114,13,SYNTH
2026-03-09 13:46:50.470Z,1.0114,14,SYNTH
2026-03-09 13:46:51.827Z,1.0090,7,SYNTH
2026-03-09 13:46:52.229Z,1.0108,7,SYNTH
2026-03-09 13:46:53.102Z,1.0113,11,SYNTH
2026-03-09 13:46:54.382Z,1.0105,13,SYNTH
2026-03-09 13:46:55.777Z,1.0107,12,SYNTH
2026-03-09 13:46:56.759Z,1.0078,12,SYNTH
2026-03-09 13:46:57.808Z,1.0118,17,SYNTH
2026-03-09 13:46:58.638Z,1.0119,8,SYNTH
2026-03-09 13:46:59.775Z,1.0083,15,SYNTH
2026-03-09 13:53:00.407Z,1.0110,20,SYNTH
2026-03-09 13:53:01.856Z,1.0091,17,SYNTH
2026-03-09 13:53:02.371Z,1.0100,13,SYNTH
2026-03-09 13:53:03.838Z,1.0101,18,SYNTH
2026-03-09 13:53:04.831Z,1.0084,22,SYNTH
2026-03-09 13:53:05.365Z,1.0109,13,SYNTH
2026-03-09 13:53:06.555Z,1.0112,14,SYNTH
2026-03-09 13:53:07.015Z,1.0116,25,SYNTH
2026-03-09 13:53:08.377Z,1.0092,13,SYNTH
2026-03-09 13:53:09.023Z,1.0114,14,SYNTH
2026-03-09 13:53:10.470Z,1.0115,18,SYNTH
2026-03-09 13:53:11.533Z,1.0080,38,SYNTH
2026-03-09 13:53:12.022Z,1.0101,52,SYNTH
2026-03-09 13:53:13.293Z,1.0080,35,SYNTH
2026-03-09 13:53:14.200Z,1.0092,20,SYNTH
2026-03-09 13:53:15.333Z,1.0109,10,SYNTH
2026-03-09 13:53:16.331Z,1.0102,17,SYNTH
2026-03-09 13:53:17.377Z,1.0080,35,SYNTH
2026-03-09 13:53:18.627Z,1.0092,22,SYNTH
2026-03-09 13:53:19.592Z,1.0105,29,SYNTH
2026-03-09 13:53:20.144Z,1.0112,19,SYNTH
2026-03-09 13:53:21.615Z,1.0086,16,SYNTH
2026-03-09 13:53:22.464Z,1.0117,17,SYNTH
2026-03-09 13:53:23.495Z,1.0092,14,SYNTH
2026-03-09 13:53:24.058Z,1.0085,12,SYNTH
2026-03-09 13:53:25.096Z,1.0121,9,SYNTH
2026-03-09 13:53:26.738Z,1.0080,16,SYNTH
2026-03-09 13:53:27.655Z,1.0105,16,SYNTH
2026-03-09 13:53:28.663Z,1.0111,16,SYNTH
2026-03-09 13:53:29.751Z,1.0105,11,SYNTH
2026-03-09 13:53:30.498Z,1.0107,17,SYNTH
2026-03-09 13:53:31.347Z,1.0089,15,SYNTH
2026-03-09 13:53:32.684Z,1.0111,14,SYNTH
2026-03-09 13:53:33.662Z,1.0102,11,SYNTH
2026-03-09 13:53:34.853Z,1.0096,12,SYNTH
2026-03-09 13:53:35.527Z,1.0112,10,SYNTH
2026-03-09 13:53:36.553Z,1.0089,17,SYNTH
2026-03-09 13:53:37.381Z,1.0115,24,SYNTH
2026-03-09 13:53:38.193Z,1.0112,37,SYNTH
2026-03-09 13:53:39.749Z,1.0116,23,SYNTH
2026-03-09 13:53:40.611Z,1.0084,40,SYNTH
2026-03-09 13:53:41.624Z,1.0114,21,SYNTH
2026-03-09 13:53:42.333Z,1.0095,13,SYNTH
2026-03-09 13:53:43.463Z,1.0079,14,SYNTH
2026-03-09 13:53:44.686Z,1.0114,18,SYNTH
2026-03-09 13:53:45.590Z,1.0102,19,SYNTH
2026-03-09 13:53:46.496Z,1.0118,17,SYNTH
2026-03-09 13:53:47.089Z,1.0095,31,SYNTH
2026-03-09 13:53:48.747Z,1.0109,16,SYNTH
2026-03-09 13:53:49.757Z,1.0080,11,SYNTH
2026-03-09 13:53:50.632Z,1.0101,25,SYNTH
2026-03-09 13:53:51.065Z,1.0113,16,SYNTH
2026-03-09 13:53:52.887Z,1.0080,21,SYNTH
2026-03-09 13:53:53.693Z,1.0112,18,SYNTH
2026-03-09 13:53:54.763Z,1.0082,22,SYNTH
2026-03-09 13:53:55.374Z,1.0117,25,SYNTH
2026-03-09 13:53:56.553Z,1.0105,22,SYNTH
2026-03-09 13:53:57.700Z,1.0117,23,SYNTH
2026-03-09 13:53:58.152Z,1.0093,13,SYNTH
2026-03-09 13:53:59.068Z,1.0112,24,SYNTH
2026-03-09 14:04:00.385Z,1.0117,20,SYNTH
2026-03-09 14:04:01.321Z,1.0101,10,SYNTH
2026-03-09 14:04:02.706Z,1.0089,14,SYNTH
2026-03-09 14:04:03.259Z,1.0104,12,SYNTH
2026-03-09 14:04:04.720Z,1.0104,17,SYNTH
2026-03-09 14:04:05.457Z,1.0086,17,SYNTH
2026-03-09 14:04:06.662Z,1.0117,11,SYNTH
2026-03-09 14:04:07.838Z,1.0112,11,SYNTH
2026-03-09 14:04:08.451Z,1.0114,11,SYNTH
2026-03-09 14:04:09.161Z,1.0097,16,SYNTH
2026-03-09 14:04:10.490Z,1.0119,16,SYNTH
2026-03-09 14:04:11.872Z,1.0106,39,SYNTH
2026-03-09 14:04:12.269Z,1.0108,17,SYNTH
2026-03-09 14:04:13.009Z,1.0114,37,SYNTH
2026-03-09 14:04:14.437Z,1.0093,13,SYNTH
2026-03-09 14:04:15.879Z,1.0099,15,SYNTH
2026-03-09 14:04:16.882Z,1.0118,12,SYNTH
2026-03-09 14:04:17.823Z,1.0098,17,SYNTH
2026-03-09 14:04:18.582Z,1.0107,13,SYNTH
2026-03-09 14:04:19.205Z,1.0114,17,SYNTH
2026-03-09 14:04:20.381Z,1.0111,9,SYNTH
2026-03-09 14:04:21.521Z,1.0078,9,SYNTH
2026-03-09 14:04:22.333Z,1.0107,7,SYNTH
2026-03-09 14:04:23.836Z,1.0108,6,SYNTH
2026-03-09 14:04:24.444Z,1.0120,8,SYNTH
2026-03-09 14:04:25.262Z,1.0113,5,SYNTH
2026-03-09 14:04:26.113Z,1.0092,9,SYNTH
2026-03-09 14:04:27.016Z,1.0082,8,SYNTH
2026-03-09 14:04:28.090Z,1.0109,6,SYNTH
2026-03-09 14:04:29.380Z,1.0107,11,SYNTH
2026-03-09 14:04:30.613Z,1.0102,6,SYNTH
2026-03-09 14:04:31.508Z,1.0103,10,SYNTH
2026-03-09 14:04:32.149Z,1.0120,8,SYNTH
2026-03-09 14:04:33.763Z,1.0087,10,SYNTH
2026-03-09 14:04:34.230Z,1.0106,12,SYNTH
2026-03-09 14:04:35.625Z,1.0089,11,SYNTH
2026-03-09 14:04:36.624Z,1.0117,7,SYNTH
2026-03-09 14:04:37.713Z,1.0103,27,SYNTH
2026-03-09 14:04:38.078Z,1.0080,20,SYNTH
2026-03-09 14:04:39.429Z,1.0115,20,SYNTH
2026-03-09 14:04:40.830Z,1.0104,33,SYNTH
2026-03-09 14:04:41.814Z,1.0090,6,SYNTH
2026-03-09 14:04:42.553Z,1.0088,11,SYNTH
2026-03-09 14:04:43.832Z,1.0100,6,SYNTH
2026-03-09 14:04:44.377Z,1.0103,15,SYNTH
2026-03-09 14:04:45.191Z,1.0115,10,SYNTH
2026-03-09 14:04:46.339Z,1.0112,12,SYNTH
2026-03-09 14:04:47.300Z,1.0121,23,SYNTH
2026-03-09 14:04:48.003Z,1.0110,13,SYNTH
2026-03-09 14:04:49.596Z,1.0105,11,SYNTH
2026-03-09 14:04:50.531Z,1.0084,13,SYNTH
2026-03-09 14:04:51.190Z,1.0117,13,SYNTH
2026-03-09 14:04:52.811Z,1.0104,13,SYNTH
2026-03-09 14:04:53.104Z,1.0083,8,SYNTH
2026-03-09 14:04:54.061Z,1.0102,10,SYNTH
2026-03-09 14:04:55.288Z,1.0113,13,SYNTH
2026-03-09 14:04:56.260Z,1.0083,19,SYNTH
2026-03-09 14:04:57.615Z,1.0109,13,SYNTH
2026-03-09 14:04:58.008Z,1.0081,8,SYNTH
2026-03-09 14:04:59.872Z,1.0106,18,SYNTH
2026-03-09 14:11:00.044Z,1.0019,58,SYNTH
2026-03-09 14:11:01.196Z,0.9995,46,SYNTH
2026-03-09 14:11:02.728Z,1.0004,35,SYNTH
2026-03-09 14:11:03.527Z,1.0008,47,SYNTH
2026-03-09 14:11:04.606Z,1.0017,44,SYNTH
2026-03-09 14:11:05.444Z,0.9980,38,SYNTH
2026-03-09 14:11:06.813Z,1.0013,59,SYNTH
2026-03-09 14:11:07.482Z,1.0016,63,SYNTH
2026-03-09 14:11:08.393Z,0.9996,26,SYNTH
2026-03-09 14:11:09.050Z,0.9984,35,SYNTH
2026-03-09 14:11:10.728Z,1.0005,44,SYNTH
2026-03-09 14:11:11.615Z,1.0008,122,SYNTH
2026-03-09 14:11:12.198Z,1.0020,105,SYNTH
2026-03-09 14:11:13.085Z,0.9995,145,SYNTH
2026-03-09 14:11:14.352Z,1.0000,36,SYNTH
2026-03-09 14:11:15.305Z,0.9992,30,SYNTH
2026-03-09 14:11:16.209Z,1.0006,79,SYNTH
2026-03-09 14:11:17.807Z,1.0019,49,SYNTH
2026-03-09 14:11:18.457Z,1.0010,91,SYNTH
2026-03-09 14:11:19.088Z,0.9992,39,SYNTH
2026-03-09 14:11:20.160Z,1.0019,47,SYNTH
2026-03-09 14:11:21.695Z,0.9999,45,SYNTH
2026-03-09 14:11:22.040Z,0.9982,42,SYNTH
2026-03-09 14:11:23.269Z,1.0003,32,SYNTH
2026-03-09 14:11:24.545Z,0.9985,35,SYNTH
2026-03-09 14:11:25.879Z,0.9996,32,SYNTH
2026-03-09 14:11:26.132Z,1.0012,26,SYNTH
2026-03-09 14:11:27.830Z,0.9988,38,SYNTH
2026-03-09 14:11:28.284Z,1.0020,45,SYNTH
2026-03-09 14:11:29.001Z,0.9983,24,SYNTH
2026-03-09 14:11:30.483Z,1.0002,29,SYNTH
2026-03-09 14:11:31.267Z,0.9997,28,SYNTH
2026-03-09 14:11:32.521Z,1.0016,22,SYNTH
2026-03-09 14:11:33.109Z,1.0007,24,SYNTH
2026-03-09 14:11:34.770Z,0.9994,46,SYNTH
2026-03-09 14:11:35.498Z,1.0004,35,SYNTH
2026-03-09 14:11:36.727Z,1.0008,33,SYNTH
2026-03-09 14:11:37.137Z,1.0007,77,SYNTH
2026-03-09 14:11:38.230Z,1.0021,97,SYNTH
2026-03-09 14:11:39.390Z,0.9996,105,SYNTH
2026-03-09 14:11:40.321Z,1.0008,108,SYNTH
2026-03-09 14:11:41.034Z,0.9990,30,SYNTH
2026-03-09 14:11:42.884Z,1.0004,48,SYNTH
2026-03-09 14:11:43.762Z,1.0015,26,SYNTH
2026-03-09 14:11:44.174Z,1.0003,53,SYNTH
2026-03-09 14:11:45.216Z,0.9986,36,SYNTH
2026-03-09 14:11:46.562Z,0.9997,72,SYNTH
2026-03-09 14:11:47.019Z,1.0009,80,SYNTH
2026-03-09 14:11:48.290Z,0.9984,42,SYNTH
2026-03-09 14:11:49.810Z,1.0002,46,SYNTH
2026-03-09 14:11:50.669Z,1.0013,39,SYNTH
2026-03-09 14:11:51.887Z,0.9981,58,SYNTH
2026-03-09 14:11:52.138Z,1.0020,38,SYNTH
2026-03-09 14:11:53.655Z,1.0004,59,SYNTH
2026-03-09 14:11:54.656Z,1.0009,64,SYNTH
2026-03-09 14:11:55.055Z,0.9981,62,SYNTH
2026-03-09 14:11:56.633Z,1.0013,55,SYNTH
2026-03-09 14:11:57.616Z,0.9997,61,SYNTH
2026-03-09 14:11:58.732Z,1.0006,72,SYNTH
2026-03-09 14:11:59.501Z,0.9991,77,SYNTH
2026-03-09 14:16:00.118Z,1.0016,45,SYNTH
2026-03-09 14:16:01.444Z,1.0009,48,SYNTH
2026-03-09 14:16:02.067Z,0.9991,25,SYNTH
2026-03-09 14:16:03.763Z,0.9990,56,SYNTH
2026-03-09 14:16:04.643Z,1.0003,24,SYNTH
2026-03-09 14:16:05.408Z,0.9981,48,SYNTH
2026-03-09 14:16:06.877Z,1.0010,28,SYNTH
2026-03-09 14:16:07.329Z,1.0004,23,SYNTH
2026-03-09 14:16:08.449Z,0.9993,33,SYNTH
2026-03-09 14:16:09.716Z,1.0009,33,SYNTH
2026-03-09 14:16:10.373Z,0.9995,35,SYNTH
2026-03-09 14:16:11.266Z,0.9985,76,SYNTH
2026-03-09 14:16:12.899Z,1.0007,64,SYNTH
2026-03-09 14:16:13.100Z,1.0005,61,SYNTH
2026-03-09 14:16:14.105Z,1.0003,21,SYNTH
2026-03-09 14:16:15.395Z,0.9985,40,SYNTH
2026-03-09 14:16:16.761Z,1.0016,52,SYNTH
2026-03-09 14:16:17.600Z,0.9982,48,SYNTH
2026-03-09 14:16:18.569Z,1.0004,37,SYNTH
2026-03-09 14:16:19.784Z,1.0013,35,SYNTH
2026-03-09 14:16:20.192Z,1.0006,18,SYNTH
2026-03-09 14:16:21.387Z,0.9984,18,SYNTH
2026-03-09 14:16:22.607Z,1.0009,37,SYNTH
2026-03-09 14:16:23.468Z,1.0015,21,SYNTH
2026-03-09 14:16:24.386Z,1.0014,18,SYNTH
2026-03-09 14:16:25.133Z,0.9984,30,SYNTH
2026-03-09 14:16:26.387Z,1.0001,31,SYNTH
2026-03-09 14:16:27.344Z,1.0007,16,SYNTH
2026-03-09 14:16:28.221Z,0.9990,28,SYNTH
2026-03-09 14:16:29.090Z,0.9991,25,SYNTH
2026-03-09 14:16:30.184Z,1.0006,29,SYNTH
2026-03-09 14:16:31.280Z,1.0004,17,SYNTH
2026-03-09 14:16:32.545Z,0.9997,24,SYNTH
2026-03-09 14:16:33.662Z,0.9982,29,SYNTH
2026-03-09 14:16:34.884Z,1.0009,29,SYNTH
2026-03-09 14:16:35.594Z,1.0009,33,SYNTH
2026-03-09 14:16:36.840Z,1.0002,34,SYNTH
2026-03-09 14:16:37.589Z,0.9995,91,SYNTH
2026-03-09 14:16:38.295Z,1.0015,89,SYNTH
2026-03-09 14:16:39.431Z,0.9994,77,SYNTH
2026-03-09 14:16:40.822Z,1.0014,74,SYNTH
2026-03-09 14:16:41.249Z,1.0013,23,SYNTH
2026-03-09 14:16:42.779Z,1.0005,18,SYNTH
2026-03-09 14:16:43.286Z,1.0005,28,SYNTH
2026-03-09 14:16:44.594Z,0.9996,35,SYNTH
2026-03-09 14:16:45.451Z,1.0021,47,SYNTH
2026-03-09 14:16:46.557Z,0.9990,65,SYNTH
2026-03-09 14:16:47.096Z,1.0015,63,SYNTH
2026-03-09 14:16:48.293Z,1.0020,36,SYNTH
2026-03-09 14:16:49.172Z,0.9986,43,SYNTH
2026-03-09 14:16:50.594Z,1.0004,30,SYNTH
2026-03-09 14:16:51.848Z,0.9983,25,SYNTH
2026-03-09 14:16:52.405Z,0.9997,38,SYNTH
2026-03-09 14:16:53.776Z,1.0002,21,SYNTH
2026-03-09 14:16:54.006Z,1.0018,28,SYNTH
2026-03-09 14:16:55.819Z,1.0014,37,SYNTH
2026-03-09 14:16:56.632Z,0.9987,49,SYNTH
2026-03-09 14:16:57.708Z,1.0013,52,SYNTH
2026-03-09 14:16:58.454Z,0.9984,55,SYNTH
2026-03-09 14:16:59.683Z,1.0001,39,SYNTH
2026-03-09 14:20:00.198Z,1.0014,44,SYNTH
2026-03-09 14:20:01.102Z,1.0012,65,SYNTH
2026-03-09 14:20:02.561Z,0.9992,63,SYNTH
2026-03-09 14:20:03.745Z,1.0009,34,SYNTH
2026-03-09 14:20:04.582Z,1.0014,35,SYNTH
2026-03-09 14:20:05.899Z,0.9985,49,SYNTH
2026-03-09 14:20:06.465Z,1.0006,68,SYNTH
2026-03-09 14:20:07.028Z,0.9988,51,SYNTH
2026-03-09 14:20:08.803Z,1.0003,30,SYNTH
2026-03-09 14:20:09.595Z,1.0010,52,SYNTH
2026-03-09 14:20:10.291Z,0.9980,61,SYNTH
2026-03-09 14:20:11.803Z,0.9992,89,SYNTH
2026-03-09 14:20:12.817Z,1.0002,149,SYNTH
2026-03-09 14:20:13.204Z,1.0012,153,SYNTH
2026-03-09 14:20:14.671Z,0.9992,29,SYNTH
2026-03-09 14:20:15.156Z,1.0002,37,SYNTH
2026-03-09 14:20:16.653Z,0.9979,104,SYNTH
2026-03-09 14:20:17.292Z,0.9986,47,SYNTH
2026-03-09 14:20:18.438Z,1.0009,43,SYNTH
2026-03-09 14:20:19.015Z,1.0018,63,SYNTH
2026-03-09 14:20:20.691Z,1.0017,42,SYNTH
2026-03-09 14:20:21.547Z,1.0026,33,SYNTH
2026-03-09 14:20:22.653Z,1.0030,45,SYNTH
2026-03-09 14:20:23.599Z,1.0033,32,SYNTH
2026-03-09 14:20:24.350Z,1.0026,53,SYNTH
2026-03-09 14:20:25.176Z,1.0042,35,SYNTH
2026-03-09 14:20:26.562Z,1.0043,27,SYNTH
2026-03-09 14:20:27.269Z,1.0048,28,SYNTH
2026-03-09 14:20:28.615Z,1.0063,51,SYNTH
2026-03-09 14:20:29.535Z,1.0074,28,SYNTH
2026-03-09 14:20:30.279Z,1.0077,51,SYNTH
2026-03-09 14:20:31.190Z,1.0082,45,SYNTH
2026-03-09 14:20:32.531Z,1.0082,46,SYNTH
2026-03-09 14:20:33.343Z,1.0099,41,SYNTH
2026-03-09 14:20:34.133Z,1.0091,30,SYNTH
2026-03-09 14:20:35.718Z,1.0105,38,SYNTH
2026-03-09 14:20:36.240Z,1.0101,46,SYNTH
2026-03-09 14:20:37.069Z,1.0098,62,SYNTH
2026-03-09 14:20:38.014Z,1.0115,96,SYNTH
2026-03-09 14:20:39.062Z,1.0104,102,SYNTH
2026-03-09 14:20:40.001Z,1.0090,120,SYNTH
2026-03-09 14:20:41.842Z,1.0090,49,SYNTH
2026-03-09 14:20:42.021Z,1.0076,50,SYNTH
2026-03-09 14:20:43.118Z,1.0095,58,SYNTH
2026-03-09 14:20:44.476Z,1.0084,46,SYNTH
2026-03-09 14:20:45.443Z,1.0068,61,SYNTH
2026-03-09 14:20:46.593Z,1.0077,82,SYNTH
2026-03-09 14:20:47.892Z,1.0095,90,SYNTH
2026-03-09 14:20:48.236Z,1.0088,30,SYNTH
2026-03-09 14:20:49.043Z,1.0102,61,SYNTH
2026-03-09 14:20:50.813Z,1.0105,49,SYNTH
2026-03-09 14:20:51.117Z,1.0096,67,SYNTH
2026-03-09 14:20:52.159Z,1.0096,51,SYNTH
2026-03-09 14:20:53.767Z,1.0077,34,SYNTH
2026-03-09 14:20:54.315Z,1.0112,42,SYNTH
2026-03-09 14:20:55.215Z,1.0108,75,SYNTH
2026-03-09 14:20:56.439Z,1.0102,79,SYNTH
2026-03-09 14:20:57.029Z,1.0087,49,SYNTH
2026-03-09 14:20:58.859Z,1.0103,41,SYNTH
2026-03-09 14:20:59.342Z,1.0103,72,SYNTH
2026-03-09 14:33:00.201Z,1.0117,4,SYNTH
2026-03-09 14:33:01.600Z,1.0105,5,SYNTH
2026-03-09 14:33:02.212Z,1.0084,2,SYNTH
2026-03-09 14:33:03.156Z,1.0110,4,SYNTH
2026-03-09 14:33:04.358Z,1.0118,3,SYNTH
2026-03-09 14:33:05.324Z,1.0109,3,SYNTH
2026-03-09 14:33:06.519Z,1.0107,4,SYNTH
2026-03-09 14:33:07.506Z,1.0107,3,SYNTH
2026-03-09 14:33:08.352Z,1.0114,2,SYNTH
2026-03-09 14:33:09.048Z,1.0120,3,SYNTH
2026-03-09 14:33:10.514Z,1.0089,4,SYNTH
2026-03-09 14:33:11.791Z,1.0111,7,SYNTH
2026-03-09 14:33:12.823Z,1.0114,6,SYNTH
2026-03-09 14:33:13.226Z,1.0115,8,SYNTH
2026-03-09 14:33:14.453Z,1.0083,2,SYNTH
2026-03-09 14:33:15.072Z,1.0120,3,SYNTH
2026-03-09 14:33:16.583Z,1.0097,4,SYNTH
2026-03-09 14:33:17.743Z,1.0087,5,SYNTH
2026-03-09 14:33:18.496Z,1.0109,4,SYNTH
2026-03-09 14:33:19.749Z,1.0111,6,SYNTH
2026-03-09 14:33:20.097Z,1.0089,3,SYNTH
2026-03-09 14:33:21.330Z,1.0088,2,SYNTH
2026-03-09 14:33:22.654Z,1.0116,3,SYNTH
2026-03-09 14:33:23.634Z,1.0117,2,SYNTH
2026-03-09 14:33:24.307Z,1.0081,2,SYNTH
2026-03-09 14:33:25.434Z,1.0106,2,SYNTH
2026-03-09 14:33:26.120Z,1.0116,2,SYNTH
2026-03-09 14:33:27.445Z,1.0111,3,SYNTH
2026-03-09 14:33:28.255Z,1.0094,2,SYNTH
2026-03-09 14:33:29.008Z,1.0116,1,SYNTH
2026-03-09 14:33:30.400Z,1.0081,3,SYNTH
2026-03-09 14:33:31.624Z,1.0121,2,SYNTH
2026-03-09 14:33:32.696Z,1.0107,3,SYNTH
2026-03-09 14:33:33.581Z,1.0085,2,SYNTH
2026-03-09 14:33:34.432Z,1.0111,2,SYNTH
2026-03-09 14:33:35.280Z,1.0104,3,SYNTH
2026-03-09 14:33:36.338Z,1.0096,2,SYNTH
2026-03-09 14:33:37.092Z,1.0104,5,SYNTH
2026-03-09 14:33:38.267Z,1.0096,4,SYNTH
2026-03-09 14:33:39.133Z,1.0104,6,SYNTH
2026-03-09 14:33:40.013Z,1.0107,7,SYNTH
2026-03-09 14:33:41.094Z,1.0097,3,SYNTH
2026-03-09 14:33:42.332Z,1.0114,2,SYNTH
2026-03-09 14:33:43.381Z,1.0084,2,SYNTH
2026-03-09 14:33:44.384Z,1.0103,4,SYNTH
2026-03-09 14:33:45.132Z,1.0088,5,SYNTH
2026-03-09 14:33:46.346Z,1.0081,3,SYNTH
2026-03-09 14:33:47.828Z,1.0115,5,SYNTH
2026-03-09 14:33:48.005Z,1.0116,3,SYNTH
2026-03-09 14:33:49.802Z,1.0109,4,SYNTH
2026-03-09 14:33:50.437Z,1.0093,2,SYNTH
2026-03-09 14:33:51.438Z,1.0102,3,SYNTH
2026-03-09 14:33:52.723Z,1.0109,3,SYNTH
2026-03-09 14:33:53.016Z,1.0116,2,SYNTH
2026-03-09 14:33:54.657Z,1.0085,2,SYNTH
2026-03-09 14:33:55.359Z,1.0084,4,SYNTH
2026-03-09 14:33:56.317Z,1.0096,3,SYNTH
2026-03-09 14:33:57.445Z,1.0114,4,SYNTH
2026-03-09 14:33:58.887Z,1.0121,2,SYNTH
2026-03-09 14:33:59.768Z,1.0094,5,SYNTH
2026-03-09 14:37:00.446Z,1.0016,19,SYNTH
2026-03-09 14:37:01.231Z,1.0011,10,SYNTH
2026-03-09 14:37:02.561Z,1.0015,16,SYNTH
2026-03-09 14:37:03.252Z,1.0013,9,SYNTH
2026-03-09 14:37:04.526Z,1.0003,13,SYNTH
2026-03-09 14:37:05.335Z,0.9996,11,SYNTH
2026-03-09 14:37:06.708Z,1.0008,14,SYNTH
2026-03-09 14:37:07.381Z,0.9998,17,SYNTH
2026-03-09 14:37:08.313Z,1.0019,16,SYNTH
2026-03-09 14:37:09.641Z,0.9992,14,SYNTH
2026-03-09 14:37:10.048Z,0.9987,15,SYNTH
2026-03-09 14:37:11.803Z,1.0008,17,SYNTH
2026-03-09 14:37:12.108Z,1.0015,20,SYNTH
2026-03-09 14:37:13.764Z,1.0007,18,SYNTH
2026-03-09 14:37:14.038Z,0.9985,9,SYNTH
2026-03-09 14:37:15.333Z,1.0009,9,SYNTH
2026-03-09 14:37:16.385Z,0.9995,19,SYNTH
2026-03-09 14:37:17.281Z,1.0012,18,SYNTH
2026-03-09 14:37:18.700Z,0.9997,11,SYNTH
2026-03-09 14:37:19.710Z,0.9978,14,SYNTH
2026-03-09 14:37:20.430Z,1.0011,9,SYNTH
2026-03-09 14:37:21.805Z,0.9980,7,SYNTH
2026-03-09 14:37:22.804Z,1.0001,6,SYNTH
2026-03-09 14:37:23.196Z,0.9986,11,SYNTH
2026-03-09 14:37:24.539Z,1.0009,7,SYNTH
2026-03-09 14:37:25.172Z,1.0010,9,SYNTH
2026-03-09 14:37:26.029Z,1.0018,12,SYNTH
2026-03-09 14:37:27.195Z,0.9997,9,SYNTH
2026-03-09 14:37:28.551Z,1.0013,14,SYNTH
2026-03-09 14:37:29.067Z,1.0014,11,SYNTH
2026-03-09 14:37:30.428Z,0.9987,13,SYNTH
2026-03-09 14:37:31.544Z,0.9984,10,SYNTH
2026-03-09 14:37:32.188Z,1.0001,12,SYNTH
2026-03-09 14:37:33.675Z,1.0018,10,SYNTH
2026-03-09 14:37:34.692Z,1.0018,10,SYNTH
2026-03-09 14:37:35.370Z,1.0011,12,SYNTH
2026-03-09 14:37:36.072Z,1.0002,12,SYNTH
2026-03-09 14:37:37.378Z,0.9984,27,SYNTH
2026-03-09 14:37:38.279Z,1.0016,33,SYNTH
2026-03-09 14:37:39.329Z,0.9996,33,SYNTH
2026-03-09 14:37:40.449Z,1.0019,26,SYNTH
2026-03-09 14:37:41.257Z,0.9979,7,SYNTH
2026-03-09 14:37:42.044Z,1.0006,11,SYNTH
2026-03-09 14:37:43.369Z,0.9991,11,SYNTH
2026-03-09 14:37:44.453Z,0.9988,8,SYNTH
2026-03-09 14:37:45.431Z,1.0006,18,SYNTH
2026-03-09 14:37:46.603Z,1.0017,21,SYNTH
2026-03-09 14:37:47.072Z,1.0013,13,SYNTH
2026-03-09 14:37:48.808Z,1.0004,7,SYNTH
2026-03-09 14:37:49.298Z,0.9983,12,SYNTH
2026-03-09 14:37:50.232Z,1.0007,14,SYNTH
2026-03-09 14:37:51.564Z,1.0010,13,SYNTH
2026-03-09 14:37:52.552Z,0.9986,12,SYNTH
2026-03-09 14:37:53.220Z,1.0002,9,SYNTH
2026-03-09 14:37:54.738Z,1.0016,17,SYNTH
2026-03-09 14:37:55.074Z,0.9981,16,SYNTH
2026-03-09 14:37:56.578Z,1.0005,8,SYNTH
2026-03-09 14:37:57.350Z,0.9986,20,SYNTH
2026-03-09 14:37:58.874Z,0.9981,20,SYNTH
2026-03-09 14:37:59.139Z,1.0000,9,SYNTH
2026-03-09 14:42:00.826Z,1.0103,10,SYNTH
2026-03-09 14:42:01.334Z,1.0113,9,SYNTH
2026-03-09 14:42:02.599Z,1.0087,6,SYNTH
2026-03-09 14:42:03.820Z,1.0106,11,SYNTH
2026-03-09 14:42:04.380Z,1.0105,10,SYNTH
2026-03-09 14:42:05.027Z,1.0080,9,SYNTH
2026-03-09 14:42:06.161Z,1.0087,10,SYNTH
2026-03-09 14:42:07.131Z,1.0112,7,SYNTH
2026-03-09 14:42:08.817Z,1.0117,5,SYNTH
2026-03-09 14:42:09.122Z,1.0097,6,SYNTH
2026-03-09 14:42:10.364Z,1.0108,9,SYNTH
2026-03-09 14:42:11.215Z,1.0104,22,SYNTH
2026-03-09 14:42:12.367Z,1.0089,18,SYNTH
2026-03-09 14:42:13.224Z,1.0083,16,SYNTH
2026-03-09 14:42:14.334Z,1.0085,9,SYNTH
2026-03-09 14:42:15.355Z,1.0119,9,SYNTH
2026-03-09 14:42:16.635Z,1.0091,11,SYNTH
2026-03-09 14:42:17.565Z,1.0107,14,SYNTH
2026-03-09 14:42:18.625Z,1.0085,7,SYNTH
2026-03-09 14:42:19.763Z,1.0112,10,SYNTH
2026-03-09 14:42:20.558Z,1.0091,7,SYNTH
2026-03-09 14:42:21.637Z,1.0128,9,SYNTH
2026-03-09 14:42:22.842Z,1.0118,6,SYNTH
2026-03-09 14:42:23.089Z,1.0129,6,SYNTH
2026-03-09 14:42:24.082Z,1.0134,5,SYNTH
2026-03-09 14:42:25.128Z,1.0139,8,SYNTH
2026-03-09 14:42:26.418Z,1.0144,7,SYNTH
2026-03-09 14:42:27.878Z,1.0162,8,SYNTH
2026-03-09 14:42:28.761Z,1.0154,5,SYNTH
2026-03-09 14:42:29.580Z,1.0157,8,SYNTH
2026-03-09 14:42:30.600Z,1.0174,4,SYNTH
2026-03-09 14:42:31.010Z,1.0176,5,SYNTH
2026-03-09 14:42:32.480Z,1.0186,6,SYNTH
2026-03-09 14:42:33.349Z,1.0191,4,SYNTH
2026-03-09 14:42:34.219Z,1.0205,7,SYNTH
2026-03-09 14:42:35.336Z,1.0212,5,SYNTH
2026-03-09 14:42:36.124Z,1.0214,4,SYNTH
2026-03-09 14:42:37.166Z,1.0205,18,SYNTH
2026-03-09 14:42:38.039Z,1.0208,21,SYNTH
2026-03-09 14:42:39.153Z,1.0197,14,SYNTH
2026-03-09 14:42:40.376Z,1.0218,23,SYNTH
2026-03-09 14:42:41.344Z,1.0176,8,SYNTH
2026-03-09 14:42:42.342Z,1.0200,8,SYNTH
2026-03-09 14:42:43.761Z,1.0180,9,SYNTH
2026-03-09 14:42:44.550Z,1.0178,10,SYNTH
2026-03-09 14:42:45.784Z,1.0207,6,SYNTH
2026-03-09 14:42:46.445Z,1.0177,10,SYNTH
2026-03-09 14:42:47.676Z,1.0201,7,SYNTH
2026-03-09 14:42:48.539Z,1.0189,8,SYNTH
2026-03-09 14:42:49.057Z,1.0204,7,SYNTH
2026-03-09 14:42:50.306Z,1.0200,10,SYNTH
2026-03-09 14:42:51.169Z,1.0196,5,SYNTH
2026-03-09 14:42:52.454Z,1.0184,7,SYNTH
2026-03-09 14:42:53.266Z,1.0204,8,SYNTH
2026-03-09 14:42:54.882Z,1.0209,11,SYNTH
2026-03-09 14:42:55.493Z,1.0202,10,SYNTH
2026-03-09 14:42:56.271Z,1.0208,6,SYNTH
2026-03-09 14:42:57.877Z,1.0184,11,SYNTH
2026-03-09 14:42:58.689Z,1.0220,10,SYNTH
2026-03-09 14:42:59.090Z,1.0194,12,SYNTH
2026-03-09 14:43:00.373Z,1.0211,55,SYNTH
2026-03-09 14:43:01.677Z,1.0207,62,SYNTH
2026-03-09 14:43:02.254Z,1.0181,37,SYNTH
2026-03-09 14:43:03.273Z,1.0219,60,SYNTH
2026-03-09 14:43:04.511Z,1.0221,38,SYNTH
2026-03-09 14:43:05.889Z,1.0219,47,SYNTH
2026-03-09 14:43:06.865Z,1.0183,46,SYNTH
2026-03-09 14:43:07.144Z,1.0220,61,SYNTH
2026-03-09 14:43:08.868Z,1.0196,57,SYNTH
2026-03-09 14:43:09.535Z,1.0202,26,SYNTH
2026-03-09 14:43:10.773Z,1.0185,37,SYNTH
2026-03-09 14:43:11.019Z,1.0209,136,SYNTH
2026-03-09 14:43:12.543Z,1.0207,85,SYNTH
2026-03-09 14:43:13.477Z,1.0198,121,SYNTH
2026-03-09 14:43:14.478Z,1.0222,44,SYNTH
2026-03-09 14:43:15.454Z,1.0210,47,SYNTH
2026-03-09 14:43:16.423Z,1.0182,79,SYNTH
2026-03-09 14:43:17.513Z,1.0184,77,SYNTH
2026-03-09 14:43:18.140Z,1.0185,62,SYNTH
2026-03-09 14:43:19.106Z,1.0209,86,SYNTH
2026-03-09 14:43:20.109Z,1.0190,27,SYNTH
2026-03-09 14:43:21.439Z,1.0219,39,SYNTH
2026-03-09 14:43:22.308Z,1.0182,28,SYNTH
2026-03-09 14:43:23.082Z,1.0216,32,SYNTH
2026-03-09 14:43:24.746Z,1.0194,24,SYNTH
2026-03-09 14:43:25.326Z,1.0196,29,SYNTH
2026-03-09 14:43:26.849Z,1.0205,22,SYNTH
2026-03-09 14:43:27.139Z,1.0212,42,SYNTH
2026-03-09 14:43:28.473Z,1.0197,40,SYNTH
2026-03-09 14:43:29.886Z,1.0184,43,SYNTH
2026-03-09 14:43:30.390Z,1.0211,33,SYNTH
2026-03-09 14:43:31.742Z,1.0204,36,SYNTH
2026-03-09 14:43:32.703Z,1.0219,38,SYNTH
2026-03-09 14:43:33.237Z,1.0219,35,SYNTH
2026-03-09 14:43:34.537Z,1.0184,41,SYNTH
2026-03-09 14:43:35.379Z,1.0216,31,SYNTH
2026-03-09 14:43:36.116Z,1.0189,34,SYNTH
2026-03-09 14:43:37.629Z,1.0211,80,SYNTH
2026-03-09 14:43:38.512Z,1.0194,101,SYNTH
2026-03-09 14:43:39.594Z,1.0211,96,SYNTH
2026-03-09 14:43:40.090Z,1.0191,114,SYNTH
2026-03-09 14:43:41.531Z,1.0203,49,SYNTH
2026-03-09 14:43:42.051Z,1.0180,41,SYNTH
2026-03-09 14:43:43.131Z,1.0206,29,SYNTH
2026-03-09 14:43:44.639Z,1.0185,44,SYNTH
2026-03-09 14:43:45.624Z,1.0210,42,SYNTH
2026-03-09 14:43:46.821Z,1.0215,73,SYNTH
2026-03-09 14:43:47.479Z,1.0197,71,SYNTH
2026-03-09 14:43:48.096Z,1.0187,27,SYNTH
2026-03-09 14:43:49.063Z,1.0190,30,SYNTH
2026-03-09 14:43:50.791Z,1.0216,56,SYNTH
2026-03-09 14:43:51.625Z,1.0218,44,SYNTH
2026-03-09 14:43:52.012Z,1.0204,43,SYNTH
2026-03-09 14:43:53.043Z,1.0212,37,SYNTH
2026-03-09 14:43:54.245Z,1.0205,40,SYNTH
2026-03-09 14:43:55.141Z,1.0187,63,SYNTH
2026-03-09 14:43:56.725Z,1.0192,46,SYNTH
2026-03-09 14:43:57.161Z,1.0221,61,SYNTH
2026-03-09 14:43:58.741Z,1.0196,56,SYNTH
2026-03-09 14:43:59.591Z,1.0207,70,SYNTH
2026-03-09 14:57:00.107Z,1.0315,16,SYNTH
2026-03-09 14:57:01.522Z,1.0302,12,SYNTH
2026-03-09 14:57:02.899Z,1.0297,24,SYNTH
2026-03-09 14:57:03.436Z,1.0286,17,SYNTH
2026-03-09 14:57:04.306Z,1.0319,19,SYNTH
2026-03-09 14:57:05.320Z,1.0313,14,SYNTH
2026-03-09 14:57:06.576Z,1.0281,12,SYNTH
2026-03-09 14:57:07.108Z,1.0307,12,SYNTH
2026-03-09 14:57:08.466Z,1.0286,10,SYNTH
2026-03-09 14:57:09.592Z,1.0310,10,SYNTH
2026-03-09 14:57:10.769Z,1.0316,13,SYNTH
2026-03-09 14:57:11.791Z,1.0308,43,SYNTH
2026-03-09 14:57:12.075Z,1.0285,28,SYNTH
2026-03-09 14:57:13.636Z,1.0317,46,SYNTH
2026-03-09 14:57:14.574Z,1.0299,10,SYNTH
2026-03-09 14:57:15.244Z,1.0284,14,SYNTH
2026-03-09 14:57:16.785Z,1.0313,21,SYNTH
2026-03-09 14:57:17.799Z,1.0281,19,SYNTH
2026-03-09 14:57:18.436Z,1.0304,29,SYNTH
2026-03-09 14:57:19.684Z,1.0314,18,SYNTH
2026-03-09 14:57:20.537Z,1.0320,13,SYNTH
2026-03-09 14:57:21.440Z,1.0289,14,SYNTH
2026-03-09 14:57:22.894Z,1.0311,13,SYNTH
2026-03-09 14:57:23.181Z,1.0288,14,SYNTH
2026-03-09 14:57:24.791Z,1.0307,9,SYNTH
2026-03-09 14:57:25.395Z,1.0305,12,SYNTH
2026-03-09 14:57:26.039Z,1.0295,9,SYNTH
2026-03-09 14:57:27.263Z,1.0285,16,SYNTH
2026-03-09 14:57:28.795Z,1.0305,7,SYNTH
2026-03-09 14:57:29.153Z,1.0281,14,SYNTH
2026-03-09 14:57:30.376Z,1.0319,10,SYNTH
2026-03-09 14:57:31.647Z,1.0287,14,SYNTH
2026-03-09 14:57:32.098Z,1.0309,11,SYNTH
2026-03-09 14:57:33.361Z,1.0306,9,SYNTH
2026-03-09 14:57:34.306Z,1.0314,9,SYNTH
2026-03-09 14:57:35.044Z,1.0283,9,SYNTH
2026-03-09 14:57:36.659Z,1.0316,12,SYNTH
2026-03-09 14:57:37.869Z,1.0320,25,SYNTH
2026-03-09 14:57:38.715Z,1.0303,38,SYNTH
2026-03-09 14:57:39.875Z,1.0295,22,SYNTH
2026-03-09 14:57:40.223Z,1.0292,28,SYNTH
2026-03-09 14:57:41.157Z,1.0315,8,SYNTH
2026-03-09 14:57:42.096Z,1.0316,17,SYNTH
2026-03-09 14:57:43.479Z,1.0289,16,SYNTH
2026-03-09 14:57:44.682Z,1.0308,18,SYNTH
2026-03-09 14:57:45.062Z,1.0312,25,SYNTH
2026-03-09 14:57:46.869Z,1.0296,14,SYNTH
2026-03-09 14:57:47.073Z,1.0313,30,SYNTH
2026-03-09 14:57:48.202Z,1.0319,12,SYNTH
2026-03-09 14:57:49.079Z,1.0290,14,SYNTH
2026-03-09 14:57:50.010Z,1.0300,18,SYNTH
2026-03-09 14:57:51.234Z,1.0291,9,SYNTH
2026-03-09 14:57:52.893Z,1.0318,12,SYNTH
2026-03-09 14:57:53.004Z,1.0292,23,SYNTH
2026-03-09 14:57:54.232Z,1.0308,10,SYNTH
2026-03-09 14:57:55.851Z,1.0285,20,SYNTH
2026-03-09 14:57:56.115Z,1.0311,18,SYNTH
2026-03-09 14:57:57.352Z,1.0290,14,SYNTH
2026-03-09 14:57:58.798Z,1.0311,15,SYNTH
2026-03-09 14:57:59.404Z,1.0317,13,SYNTH
2026-03-09 15:01:00.815Z,1.0305,9,SYNTH
2026-03-09 15:01:01.745Z,1.0292,8,SYNTH
2026-03-09 15:01:02.534Z,1.0299,8,SYNTH
2026-03-09 15:01:03.414Z,1.0295,9,SYNTH
2026-03-09 15:01:04.193Z,1.0302,15,SYNTH
2026-03-09 15:01:05.041Z,1.0286,9,SYNTH
2026-03-09 15:01:06.294Z,1.0307,8,SYNTH
2026-03-09 15:01:07.423Z,1.0286,10,SYNTH
2026-03-09 15:01:08.803Z,1.0304,14,SYNTH
2026-03-09 15:01:09.146Z,1.0314,8,SYNTH
2026-03-09 15:01:10.371Z,1.0289,8,SYNTH
2026-03-09 15:01:11.123Z,1.0302,16,SYNTH
2026-03-09 15:01:12.489Z,1.0307,27,SYNTH
2026-03-09 15:01:13.843Z,1.0313,30,SYNTH
2026-03-09 15:01:14.556Z,1.0299,7,SYNTH
2026-03-09 15:01:15.802Z,1.0317,12,SYNTH
2026-03-09 15:01:16.079Z,1.0321,12,SYNTH
2026-03-09 15:01:17.172Z,1.0282,14,SYNTH
2026-03-09 15:01:18.319Z,1.0296,13,SYNTH
2026-03-09 15:01:19.104Z,1.0283,10,SYNTH
2026-03-09 15:01:20.575Z,1.0301,8,SYNTH
2026-03-09 15:01:21.015Z,1.0314,6,SYNTH
2026-03-09 15:01:22.431Z,1.0304,11,SYNTH
2026-03-09 15:01:23.245Z,1.0305,7,SYNTH
2026-03-09 15:01:24.677Z,1.0284,11,SYNTH
2026-03-09 15:01:25.482Z,1.0319,5,SYNTH
2026-03-09 15:01:26.156Z,1.0307,7,SYNTH
2026-03-09 15:01:27.378Z,1.0321,8,SYNTH
2026-03-09 15:01:28.631Z,1.0314,6,SYNTH
2026-03-09 15:01:29.332Z,1.0289,7,SYNTH
2026-03-09 15:01:30.233Z,1.0312,11,SYNTH
2026-03-09 15:01:31.275Z,1.0313,8,SYNTH
2026-03-09 15:01:32.238Z,1.0312,10,SYNTH
2026-03-09 15:01:33.760Z,1.0292,5,SYNTH
2026-03-09 15:01:34.029Z,1.0313,7,SYNTH
2026-03-09 15:01:35.199Z,1.0295,8,SYNTH
2026-03-09 15:01:36.025Z,1.0289,7,SYNTH
2026-03-09 15:01:37.722Z,1.0319,12,SYNTH
2026-03-09 15:01:38.861Z,1.0315,19,SYNTH
2026-03-09 15:01:39.537Z,1.0295,14,SYNTH
2026-03-09 15:01:40.445Z,1.0312,14,SYNTH
2026-03-09 15:01:41.344Z,1.0287,5,SYNTH
2026-03-09 15:01:42.554Z,1.0289,10,SYNTH
2026-03-09 15:01:43.477Z,1.0313,10,SYNTH
2026-03-09 15:01:44.124Z,1.0315,7,SYNTH
2026-03-09 15:01:45.836Z,1.0297,9,SYNTH
2026-03-09 15:01:46.331Z,1.0307,18,SYNTH
2026-03-09 15:01:47.186Z,1.0305,15,SYNTH
2026-03-09 15:01:48.534Z,1.0308,6,SYNTH
2026-03-09 15:01:49.266Z,1.0284,12,SYNTH
2026-03-09 15:01:50.679Z,1.0291,9,SYNTH
2026-03-09 15:01:51.804Z,1.0312,14,SYNTH
2026-03-09 15:01:52.668Z,1.0319,8,SYNTH
2026-03-09 15:01:53.767Z,1.0285,11,SYNTH
2026-03-09 15:01:54.379Z,1.0303,8,SYNTH
2026-03-09 15:01:55.216Z,1.0289,15,SYNTH
2026-03-09 15:01:56.611Z,1.0281,9,SYNTH
2026-03-09 15:01:57.706Z,1.0309,13,SYNTH
2026-03-09 15:01:58.664Z,1.0310,10,SYNTH
2026-03-09 15:01:59.811Z,1.0289,15,SYNTH
2026-03-09 15:12:00.210Z,1.0409,2,SYNTH
2026-03-09 15:12:01.445Z,1.0414,2,SYNTH
2026-03-09 15:12:02.090Z,1.0382,2,SYNTH
2026-03-09 15:12:03.553Z,1.0404,2,SYNTH
2026-03-09 15:12:04.110Z,1.0386,2,SYNTH
2026-03-09 15:12:05.885Z,1.0403,1,SYNTH
2026-03-09 15:12:06.469Z,1.0385,1,SYNTH
2026-03-09 15:12:07.771Z,1.0402,1,SYNTH
2026-03-09 15:12:08.393Z,1.0386,2,SYNTH
2026-03-09 15:12:09.019Z,1.0411,2,SYNTH
2026-03-09 15:12:10.495Z,1.0383,2,SYNTH
2026-03-09 15:12:11.022Z,1.0407,2,SYNTH
2026-03-09 15:12:12.031Z,1.0404,4,SYNTH
2026-03-09 15:12:13.448Z,1.0384,4,SYNTH
2026-03-09 15:12:14.253Z,1.0393,1,SYNTH
2026-03-09 15:12:15.762Z,1.0386,2,SYNTH
2026-03-09 15:12:16.758Z,1.0409,3,SYNTH
2026-03-09 15:12:17.034Z,1.0385,3,SYNTH
2026-03-09 15:12:18.267Z,1.0404,2,SYNTH
2026-03-09 15:12:19.031Z,1.0396,3,SYNTH
2026-03-09 15:12:20.898Z,1.0407,2,SYNTH
2026-03-09 15:12:21.676Z,1.0387,1,SYNTH
2026-03-09 15:12:22.776Z,1.0413,1,SYNTH
2026-03-09 15:12:23.325Z,1.0401,1,SYNTH
2026-03-09 15:12:24.352Z,1.0420,1,SYNTH
2026-03-09 15:12:25.894Z,1.0392,1,SYNTH
2026-03-09 15:12:26.271Z,1.0408,1,SYNTH
2026-03-09 15:12:27.441Z,1.0393,1,SYNTH
2026-03-09 15:12:28.845Z,1.0411,1,SYNTH
2026-03-09 15:12:29.496Z,1.0394,1,SYNTH
2026-03-09 15:12:30.673Z,1.0409,1,SYNTH
2026-03-09 15:12:31.008Z,1.0408,1,SYNTH
2026-03-09 15:12:32.060Z,1.0405,1,SYNTH
2026-03-09 15:12:33.860Z,1.0384,1,SYNTH
2026-03-09 15:12:34.805Z,1.0403,2,SYNTH
2026-03-09 15:12:35.164Z,1.0387,1,SYNTH
2026-03-09 15:12:36.323Z,1.0419,2,SYNTH
2026-03-09 15:12:37.749Z,1.0387,2,SYNTH
2026-03-09 15:12:38.747Z,1.0415,4,SYNTH
2026-03-09 15:12:39.278Z,1.0388,3,SYNTH
2026-03-09 15:12:40.208Z,1.0418,4,SYNTH
2026-03-09 15:12:41.624Z,1.0387,1,SYNTH
2026-03-09 15:12:42.197Z,1.0379,1,SYNTH
2026-03-09 15:12:43.483Z,1.0407,2,SYNTH
2026-03-09 15:12:44.010Z,1.0408,1,SYNTH
2026-03-09 15:12:45.357Z,1.0419,1,SYNTH
2026-03-09 15:12:46.352Z,1.0382,2,SYNTH
2026-03-09 15:12:47.804Z,1.0383,3,SYNTH
2026-03-09 15:12:48.132Z,1.0403,1,SYNTH
2026-03-09 15:12:49.184Z,1.0382,1,SYNTH
2026-03-09 15:12:50.779Z,1.0388,2,SYNTH
2026-03-09 15:12:51.005Z,1.0411,1,SYNTH
2026-03-09 15:12:52.818Z,1.0399,2,SYNTH
2026-03-09 15:12:53.430Z,1.0402,1,SYNTH
2026-03-09 15:12:54.532Z,1.0403,1,SYNTH
2026-03-09 15:12:55.435Z,1.0402,2,SYNTH
2026-03-09 15:12:56.097Z,1.0398,1,SYNTH
2026-03-09 15:12:57.264Z,1.0402,1,SYNTH
2026-03-09 15:12:58.571Z,1.0409,2,SYNTH
2026-03-09 15:12:59.284Z,1.0394,2,SYNTH
2026-03-09 15:19:00.709Z,1.0420,3,SYNTH
2026-03-09 15:19:01.897Z,1.0415,3,SYNTH
2026-03-09 15:19:02.343Z,1.0399,3,SYNTH
2026-03-09 15:19:03.834Z,1.0414,4,SYNTH
2026-03-09 15:19:04.397Z,1.0379,4,SYNTH
2026-03-09 15:19:05.892Z,1.0416,2,SYNTH
2026-03-09 15:19:06.155Z,1.0386,4,SYNTH
2026-03-09 15:19:07.731Z,1.0408,3,SYNTH
2026-03-09 15:19:08.303Z,1.0404,4,SYNTH
2026-03-09 15:19:09.680Z,1.0411,3,SYNTH
2026-03-09 15:19:10.604Z,1.0389,3,SYNTH
2026-03-09 15:19:11.124Z,1.0421,9,SYNTH
2026-03-09 15:19:12.898Z,1.0388,7,SYNTH
2026-03-09 15:19:13.335Z,1.0405,7,SYNTH
2026-03-09 15:19:14.258Z,1.0409,3,SYNTH
2026-03-09 15:19:15.397Z,1.0407,3,SYNTH
2026-03-09 15:19:16.501Z,1.0380,6,SYNTH
2026-03-09 15:19:17.122Z,1.0406,4,SYNTH
2026-03-09 15:19:18.001Z,1.0390,6,SYNTH
2026-03-09 15:19:19.231Z,1.0417,5,SYNTH
2026-03-09 15:19:20.086Z,1.0383,2,SYNTH
2026-03-09 15:19:21.891Z,1.0400,1,SYNTH
2026-03-09 15:19:22.324Z,1.0409,2,SYNTH
2026-03-09 15:19:23.877Z,1.0385,2,SYNTH
2026-03-09 15:19:24.594Z,1.0401,3,SYNTH
2026-03-09 15:19:25.233Z,1.0402,3,SYNTH
2026-03-09 15:19:26.069Z,1.0404,2,SYNTH
2026-03-09 15:19:27.238Z,1.0403,3,SYNTH
2026-03-09 15:19:28.186Z,1.0398,3,SYNTH
2026-03-09 15:19:29.297Z,1.0412,1,SYNTH
2026-03-09 15:19:30.236Z,1.0404,3,SYNTH
2026-03-09 15:19:31.620Z,1.0398,2,SYNTH
2026-03-09 15:19:32.211Z,1.0396,2,SYNTH
2026-03-09 15:19:33.385Z,1.0405,2,SYNTH
2026-03-09 15:19:34.560Z,1.0404,3,SYNTH
2026-03-09 15:19:35.788Z,1.0394,3,SYNTH
2026-03-09 15:19:36.672Z,1.0415,2,SYNTH
2026-03-09 15:19:37.061Z,1.0410,6,SYNTH
2026-03-09 15:19:38.347Z,1.0394,4,SYNTH
2026-03-09 15:19:39.633Z,1.0407,4,SYNTH
2026-03-09 15:19:40.242Z,1.0417,7,SYNTH
2026-03-09 15:19:41.828Z,1.0405,2,SYNTH
2026-03-09 15:19:42.514Z,1.0384,3,SYNTH
2026-03-09 15:19:43.736Z,1.0420,3,SYNTH
2026-03-09 15:19:44.303Z,1.0394,2,SYNTH
2026-03-09 15:19:45.787Z,1.0408,2,SYNTH
2026-03-09 15:19:46.128Z,1.0389,4,SYNTH
2026-03-09 15:19:47.369Z,1.0419,4,SYNTH
2026-03-09 15:19:48.308Z,1.0418,3,SYNTH
2026-03-09 15:19:49.219Z,1.0397,3,SYNTH
2026-03-09 15:19:50.337Z,1.0400,2,SYNTH
2026-03-09 15:19:51.552Z,1.0398,4,SYNTH
2026-03-09 15:19:52.850Z,1.0399,3,SYNTH
2026-03-09 15:19:53.800Z,1.0415,3,SYNTH
2026-03-09 15:19:54.290Z,1.0389,3,SYNTH
2026-03-09 15:19:55.096Z,1.0413,2,SYNTH
2026-03-09 15:19:56.492Z,1.0380,4,SYNTH
2026-03-09 15:19:57.095Z,1.0419,2,SYNTH
2026-03-09 15:19:58.898Z,1.0399,2,SYNTH
2026-03-09 15:19:59.706Z,1.0400,5,SYNTH
2026-03-09 15:20:00.254Z,1.0407,36,SYNTH
2026-03-09 15:20:01.169Z,1.0384,42,SYNTH
2026-03-09 15:20:02.267Z,1.0418,41,SYNTH
2026-03-09 15:20:03.412Z,1.0385,45,SYNTH
2026-03-09 15:20:04.558Z,1.0411,43,SYNTH
2026-03-09 15:20:05.729Z,1.0386,54,SYNTH
2026-03-09 15:20:06.351Z,1.0406,34,SYNTH
2026-03-09 15:20:07.358Z,1.0397,40,SYNTH
2026-03-09 15:20:08.746Z,1.0415,45,SYNTH
2026-03-09 15:20:09.352Z,1.0414,26,SYNTH
2026-03-09 15:20:10.586Z,1.0402,47,SYNTH
2026-03-09 15:20:11.242Z,1.0392,102,SYNTH
2026-03-09 15:20:12.081Z,1.0399,96,SYNTH
2026-03-09 15:20:13.115Z,1.0411,100,SYNTH
2026-03-09 15:20:14.271Z,1.0389,43,SYNTH
2026-03-09 15:20:15.570Z,1.0401,31,SYNTH
2026-03-09 15:20:16.199Z,1.0415,48,SYNTH
2026-03-09 15:20:17.185Z,1.0404,47,SYNTH
2026-03-09 15:20:18.838Z,1.0399,42,SYNTH
2026-03-09 15:20:19.356Z,1.0416,52,SYNTH
2026-03-09 15:20:20.208Z,1.0386,38,SYNTH
2026-03-09 15:20:21.618Z,1.0411,41,SYNTH
2026-03-09 15:20:22.686Z,1.0388,24,SYNTH
2026-03-09 15:20:23.026Z,1.0417,28,SYNTH
2026-03-09 15:20:24.605Z,1.0390,32,SYNTH
2026-03-09 15:20:25.142Z,1.0404,39,SYNTH
2026-03-09 15:20:26.732Z,1.0394,31,SYNTH
2026-03-09 15:20:27.708Z,1.0421,19,SYNTH
2026-03-09 15:20:28.018Z,1.0387,24,SYNTH
2026-03-09 15:20:29.151Z,1.0419,18,SYNTH
2026-03-09 15:20:30.582Z,1.0402,35,SYNTH
2026-03-09 15:20:31.531Z,1.0381,33,SYNTH
2026-03-09 15:20:32.139Z,1.0410,22,SYNTH
2026-03-09 15:20:33.881Z,1.0413,24,SYNTH
2026-03-09 15:20:34.712Z,1.0392,31,SYNTH
2026-03-09 15:20:35.590Z,1.0405,30,SYNTH
2026-03-09 15:20:36.564Z,1.0410,20,SYNTH
2026-03-09 15:20:37.599Z,1.0406,45,SYNTH
2026-03-09 15:20:38.230Z,1.0396,98,SYNTH
2026-03-09 15:20:39.356Z,1.0409,83,SYNTH
2026-03-09 15:20:40.883Z,1.0379,83,SYNTH
2026-03-09 15:20:41.600Z,1.0408,27,SYNTH
2026-03-09 15:20:42.358Z,1.0413,27,SYNTH
2026-03-09 15:20:43.775Z,1.0398,27,SYNTH
2026-03-09 15:20:44.740Z,1.0405,23,SYNTH
2026-03-09 15:20:45.235Z,1.0383,41,SYNTH
2026-03-09 15:20:46.640Z,1.0409,42,SYNTH
2026-03-09 15:20:47.898Z,1.0394,56,SYNTH
2026-03-09 15:20:48.073Z,1.0416,31,SYNTH
2026-03-09 15:20:49.684Z,1.0398,24,SYNTH
2026-03-09 15:20:50.184Z,1.0409,41,SYNTH
2026-03-09 15:20:51.877Z,1.0420,21,SYNTH
2026-03-09 15:20:52.043Z,1.0392,41,SYNTH
2026-03-09 15:20:53.633Z,1.0411,29,SYNTH
2026-03-09 15:20:54.383Z,1.0416,27,SYNTH
2026-03-09 15:20:55.175Z,1.0413,33,SYNTH
2026-03-09 15:20:56.593Z,1.0381,29,SYNTH
2026-03-09 15:20:57.319Z,1.0410,60,SYNTH
2026-03-09 15:20:58.519Z,1.0396,60,SYNTH
2026-03-09 15:20:59.156Z,1.0382,50,SYNTH
2026-03-09 15:32:00.008Z,1.0416,38,SYNTH
2026-03-09 15:32:01.415Z,1.0419,53,SYNTH
2026-03-09 15:32:02.891Z,1.0396,37,SYNTH
2026-03-09 15:32:03.385Z,1.0417,22,SYNTH
2026-03-09 15:32:04.485Z,1.0389,31,SYNTH
2026-03-09 15:32:05.309Z,1.0404,24,SYNTH
2026-03-09 15:32:06.754Z,1.0405,29,SYNTH
2026-03-09 15:32:07.020Z,1.0390,36,SYNTH
2026-03-09 15:32:08.066Z,1.0409,19,SYNTH
2026-03-09 15:32:09.342Z,1.0418,41,SYNTH
2026-03-09 15:32:10.676Z,1.0399,26,SYNTH
2026-03-09 15:32:11.208Z,1.0411,45,SYNTH
2026-03-09 15:32:12.166Z,1.0379,50,SYNTH
2026-03-09 15:32:13.816Z,1.0417,88,SYNTH
2026-03-09 15:32:14.164Z,1.0394,34,SYNTH
2026-03-09 15:32:15.655Z,1.0381,17,SYNTH
2026-03-09 15:32:16.856Z,1.0409,45,SYNTH
2026-03-09 15:32:17.035Z,1.0419,70,SYNTH
2026-03-09 15:32:18.708Z,1.0386,41,SYNTH
2026-03-09 15:32:19.716Z,1.0411,35,SYNTH
2026-03-09 15:32:20.260Z,1.0415,20,SYNTH
2026-03-09 15:32:21.349Z,1.0384,34,SYNTH
2026-03-09 15:32:22.829Z,1.0388,36,SYNTH
2026-03-09 15:32:23.359Z,1.0402,26,SYNTH
2026-03-09 15:32:24.297Z,1.0402,27,SYNTH
2026-03-09 15:32:25.771Z,1.0399,32,SYNTH
2026-03-09 15:32:26.060Z,1.0420,17,SYNTH
2026-03-09 15:32:27.615Z,1.0383,35,SYNTH
2026-03-09 15:32:28.324Z,1.0403,16,SYNTH
2026-03-09 15:32:29.648Z,1.0400,24,SYNTH
2026-03-09 15:32:30.892Z,1.0382,15,SYNTH
2026-03-09 15:32:31.814Z,1.0416,32,SYNTH
2026-03-09 15:32:32.459Z,1.0404,20,SYNTH
2026-03-09 15:32:33.399Z,1.0416,28,SYNTH
2026-03-09 15:32:34.235Z,1.0414,32,SYNTH
2026-03-09 15:32:35.327Z,1.0407,32,SYNTH
2026-03-09 15:32:36.246Z,1.0419,16,SYNTH
2026-03-09 15:32:37.124Z,1.0399,85,SYNTH
2026-03-09 15:32:38.325Z,1.0390,76,SYNTH
2026-03-09 15:32:39.191Z,1.0412,51,SYNTH
2026-03-09 15:32:40.855Z,1.0416,59,SYNTH
2026-03-09 15:32:41.410Z,1.0397,34,SYNTH
2026-03-09 15:32:42.185Z,1.0414,16,SYNTH
2026-03-09 15:32:43.281Z,1.0379,36,SYNTH
2026-03-09 15:32:44.594Z,1.0408,17,SYNTH
2026-03-09 15:32:45.830Z,1.0410,55,SYNTH
2026-03-09 15:32:46.446Z,1.0386,36,SYNTH
2026-03-09 15:32:47.717Z,1.0387,39,SYNTH
2026-03-09 15:32:48.218Z,1.0417,40,SYNTH
2026-03-09 15:32:49.057Z,1.0385,30,SYNTH
2026-03-09 15:32:50.456Z,1.0421,42,SYNTH
2026-03-09 15:32:51.572Z,1.0395,38,SYNTH
2026-03-09 15:32:52.891Z,1.0385,35,SYNTH
2026-03-09 15:32:53.052Z,1.0416,43,SYNTH
2026-03-09 15:32:54.792Z,1.0416,30,SYNTH
2026-03-09 15:32:55.489Z,1.0387,39,SYNTH
2026-03-09 15:32:56.548Z,1.0420,51,SYNTH
2026-03-09 15:32:57.187Z,1.0416,53,SYNTH
2026-03-09 15:32:58.001Z,1.0412,37,SYNTH
2026-03-09 15:32:59.483Z,1.0394,40,SYNTH
2026-03-09 15:40:00.309Z,1.0311,16,SYNTH
2026-03-09 15:40:01.674Z,1.0310,23,SYNTH
2026-03-09 15:40:02.869Z,1.0310,26,SYNTH
2026-03-09 15:40:03.217Z,1.0315,14,SYNTH
2026-03-09 15:40:04.134Z,1.0284,25,SYNTH
2026-03-09 15:40:05.513Z,1.0310,16,SYNTH
2026-03-09 15:40:06.060Z,1.0308,13,SYNTH
2026-03-09 15:40:07.318Z,1.0293,11,SYNTH
2026-03-09 15:40:08.389Z,1.0317,25,SYNTH
2026-03-09 15:40:09.038Z,1.0310,15,SYNTH
2026-03-09 15:40:10.800Z,1.0318,15,SYNTH
2026-03-09 15:40:11.887Z,1.0299,53,SYNTH
2026-03-09 15:40:12.781Z,1.0286,39,SYNTH
2026-03-09 15:40:13.759Z,1.0304,56,SYNTH
2026-03-09 15:40:14.034Z,1.0305,18,SYNTH
2026-03-09 15:40:15.825Z,1.0281,22,SYNTH
2026-03-09 15:40:16.303Z,1.0313,35,SYNTH
2026-03-09 15:40:17.024Z,1.0284,27,SYNTH
2026-03-09 15:40:18.469Z,1.0315,24,SYNTH
2026-03-09 15:40:19.508Z,1.0318,22,SYNTH
2026-03-09 15:40:20.615Z,1.0309,9,SYNTH
2026-03-09 15:40:21.122Z,1.0321,15,SYNTH
2026-03-09 15:40:22.352Z,1.0293,14,SYNTH
2026-03-09 15:40:23.863Z,1.0287,19,SYNTH
2026-03-09 15:40:24.099Z,1.0290,16,SYNTH
2026-03-09 15:40:25.653Z,1.0315,18,SYNTH
2026-03-09 15:40:26.691Z,1.0288,19,SYNTH
2026-03-09 15:40:27.538Z,1.0309,16,SYNTH
2026-03-09 15:40:28.091Z,1.0319,13,SYNTH
2026-03-09 15:40:29.677Z,1.0297,9,SYNTH
2026-03-09 15:40:30.361Z,1.0319,17,SYNTH
2026-03-09 15:40:31.882Z,1.0293,15,SYNTH
2026-03-09 15:40:32.606Z,1.0283,10,SYNTH
2026-03-09 15:40:33.238Z,1.0278,8,SYNTH
2026-03-09 15:40:34.493Z,1.0307,9,SYNTH
2026-03-09 15:40:35.853Z,1.0297,10,SYNTH
2026-03-09 15:40:36.386Z,1.0306,20,SYNTH
2026-03-09 15:40:37.724Z,1.0311,50,SYNTH
2026-03-09 15:40:38.663Z,1.0297,36,SYNTH
2026-03-09 15:40:39.278Z,1.0292,41,SYNTH
2026-03-09 15:40:40.813Z,1.0307,47,SYNTH
2026-03-09 15:40:41.053Z,1.0319,19,SYNTH
2026-03-09 15:40:42.295Z,1.0283,20,SYNTH
2026-03-09 15:40:43.861Z,1.0307,15,SYNTH
2026-03-09 15:40:44.827Z,1.0308,15,SYNTH
2026-03-09 15:40:45.410Z,1.0322,14,SYNTH
2026-03-09 15:40:46.304Z,1.0300,28,SYNTH
2026-03-09 15:40:47.208Z,1.0305,27,SYNTH
2026-03-09 15:40:48.480Z,1.0304,10,SYNTH
2026-03-09 15:40:49.079Z,1.0318,21,SYNTH
2026-03-09 15:40:50.262Z,1.0316,24,SYNTH
2026-03-09 15:40:51.201Z,1.0295,14,SYNTH
2026-03-09 15:40:52.233Z,1.0311,22,SYNTH
2026-03-09 15:40:53.693Z,1.0301,19,SYNTH
2026-03-09 15:40:54.807Z,1.0318,23,SYNTH
2026-03-09 15:40:55.135Z,1.0305,22,SYNTH
2026-03-09 15:40:56.368Z,1.0315,13,SYNTH
2026-03-09 15:40:57.080Z,1.0292,28,SYNTH
2026-03-09 15:40:58.062Z,1.0320,21,SYNTH
2026-03-09 15:40:59.120Z,1.0288,13,SYNTH
2026-03-09 16:21:00.143Z,1.0305,17,SYNTH
2026-03-09 16:21:01.447Z,1.0304,21,SYNTH
2026-03-09 16:21:02.748Z,1.0303,11,SYNTH
2026-03-09 16:21:03.657Z,1.0297,18,SYNTH
2026-03-09 16:21:04.162Z,1.0312,11,SYNTH
2026-03-09 16:21:05.596Z,1.0320,18,SYNTH
2026-03-09 16:21:06.807Z,1.0295,23,SYNTH
2026-03-09 16:21:07.897Z,1.0309,19,SYNTH
2026-03-09 16:21:08.225Z,1.0282,17,SYNTH
2026-03-09 16:21:09.309Z,1.0318,15,SYNTH
2026-03-09 16:21:10.620Z,1.0314,9,SYNTH
2026-03-09 16:21:11.263Z,1.0314,50,SYNTH
2026-03-09 16:21:12.551Z,1.0286,28,SYNTH
2026-03-09 16:21:13.830Z,1.0301,32,SYNTH
2026-03-09 16:21:14.658Z,1.0289,21,SYNTH
2026-03-09 16:21:15.436Z,1.0305,10,SYNTH
2026-03-09 16:21:16.567Z,1.0306,21,SYNTH
2026-03-09 16:21:17.033Z,1.0290,18,SYNTH
2026-03-09 16:21:18.566Z,1.0318,23,SYNTH
2026-03-09 16:21:19.607Z,1.0283,29,SYNTH
2026-03-09 16:21:20.004Z,1.0304,16,SYNTH
2026-03-09 16:21:21.699Z,1.0305,10,SYNTH
2026-03-09 16:21:22.491Z,1.0321,15,SYNTH
2026-03-09 16:21:23.815Z,1.0307,14,SYNTH
2026-03-09 16:21:24.702Z,1.0288,12,SYNTH
2026-03-09 16:21:25.069Z,1.0317,9,SYNTH
2026-03-09 16:21:26.730Z,1.0304,11,SYNTH
2026-03-09 16:21:27.138Z,1.0310,9,SYNTH
2026-03-09 16:21:28.720Z,1.0299,14,SYNTH
2026-03-09 16:21:29.772Z,1.0319,9,SYNTH
2026-03-09 16:21:30.138Z,1.0288,8,SYNTH
2026-03-09 16:21:31.271Z,1.0280,13,SYNTH
2026-03-09 16:21:32.498Z,1.0306,13,SYNTH
2026-03-09 16:21:33.445Z,1.0317,17,SYNTH
2026-03-09 16:21:34.646Z,1.0287,18,SYNTH
2026-03-09 16:21:35.175Z,1.0313,16,SYNTH
2026-03-09 16:21:36.219Z,1.0315,11,SYNTH
2026-03-09 16:21:37.759Z,1.0320,19,SYNTH
2026-03-09 16:21:38.068Z,1.0297,40,SYNTH
2026-03-09 16:21:39.348Z,1.0308,47,SYNTH
2026-03-09 16:21:40.248Z,1.0303,39,SYNTH
2026-03-09 16:21:41.055Z,1.0304,8,SYNTH
2026-03-09 16:21:42.449Z,1.0318,18,SYNTH
2026-03-09 16:21:43.404Z,1.0312,16,SYNTH
2026-03-09 16:21:44.839Z,1.0295,20,SYNTH
2026-03-09 16:21:45.812Z,1.0301,24,SYNTH
2026-03-09 16:21:46.709Z,1.0307,31,SYNTH
2026-03-09 16:21:47.837Z,1.0292,22,SYNTH
2026-03-09 16:21:48.421Z,1.0286,21,SYNTH
2026-03-09 16:21:49.414Z,1.0311,23,SYNTH
2026-03-09 16:21:50.863Z,1.0290,18,SYNTH
2026-03-09 16:21:51.657Z,1.0284,16,SYNTH
2026-03-09 16:21:52.190Z,1.0310,19,SYNTH
2026-03-09 16:21:53.669Z,1.0321,21,SYNTH
2026-03-09 16:21:54.099Z,1.0280,20,SYNTH
2026-03-09 16:21:55.082Z,1.0308,12,SYNTH
2026-03-09 16:21:56.253Z,1.0283,25,SYNTH
2026-03-09 16:21:57.094Z,1.0289,18,SYNTH
2026-03-09 16:21:58.247Z,1.0309,13,SYNTH
2026-03-09 16:21:59.622Z,1.0313,27,SYNTH
2026-03-09 16:56:00.333Z,1.0303,27,SYNTH
2026-03-09 16:56:01.354Z,1.0296,27,SYNTH
2026-03-09 16:56:02.201Z,1.0299,24,SYNTH
2026-03-09 16:56:03.491Z,1.0302,15,SYNTH
2026-03-09 16:56:04.646Z,1.0286,31,SYNTH
2026-03-09 16:56:05.309Z,1.0302,35,SYNTH
2026-03-09 16:56:06.189Z,1.0310,25,SYNTH
2026-03-09 16:56:07.012Z,1.0298,32,SYNTH
2026-03-09 16:56:08.233Z,1.0300,16,SYNTH
2026-03-09 16:56:09.255Z,1.0312,33,SYNTH
2026-03-09 16:56:10.608Z,1.0298,19,SYNTH
2026-03-09 16:56:11.046Z,1.0293,76,SYNTH
2026-03-09 16:56:12.303Z,1.0312,53,SYNTH
2026-03-09 16:56:13.648Z,1.0323,54,SYNTH
2026-03-09 16:56:14.041Z,1.0296,23,SYNTH
2026-03-09 16:56:15.545Z,1.0301,22,SYNTH
2026-03-09 16:56:16.850Z,1.0308,42,SYNTH
2026-03-09 16:56:17.303Z,1.0286,21,SYNTH
2026-03-09 16:56:18.719Z,1.0314,32,SYNTH
2026-03-09 16:56:19.581Z,1.0286,24,SYNTH
2026-03-09 16:56:20.054Z,1.0286,21,SYNTH
2026-03-09 16:56:21.044Z,1.0281,20,SYNTH
2026-03-09 16:56:22.413Z,1.0287,11,SYNTH
2026-03-09 16:56:23.422Z,1.0269,18,SYNTH
2026-03-09 16:56:24.816Z,1.0263,16,SYNTH
2026-03-09 16:56:25.006Z,1.0255,12,SYNTH
2026-03-09 16:56:26.547Z,1.0243,20,SYNTH
2026-03-09 16:56:27.322Z,1.0244,17,SYNTH
2026-03-09 16:56:28.683Z,1.0245,15,SYNTH
2026-03-09 16:56:29.813Z,1.0225,15,SYNTH
2026-03-09 16:56:30.788Z,1.0226,23,SYNTH
2026-03-09 16:56:31.622Z,1.0218,24,SYNTH
2026-03-09 16:56:32.535Z,1.0218,25,SYNTH
2026-03-09 16:56:33.134Z,1.0205,14,SYNTH
2026-03-09 16:56:34.476Z,1.0205,26,SYNTH
2026-03-09 16:56:35.479Z,1.0192,21,SYNTH
2026-03-09 16:56:36.306Z,1.0188,16,SYNTH
2026-03-09 16:56:37.123Z,1.0209,29,SYNTH
2026-03-09 16:56:38.231Z,1.0218,65,SYNTH
2026-03-09 16:56:39.897Z,1.0194,58,SYNTH
2026-03-09 16:56:40.408Z,1.0191,33,SYNTH
2026-03-09 16:56:41.372Z,1.0220,12,SYNTH
2026-03-09 16:56:42.419Z,1.0185,18,SYNTH
2026-03-09 16:56:43.024Z,1.0218,19,SYNTH
2026-03-09 16:56:44.090Z,1.0213,17,SYNTH
2026-03-09 16:56:45.528Z,1.0221,25,SYNTH
2026-03-09 16:56:46.842Z,1.0228,28,SYNTH
2026-03-09 16:56:47.223Z,1.0206,26,SYNTH
2026-03-09 16:56:48.086Z,1.0205,22,SYNTH
2026-03-09 16:56:49.585Z,1.0223,18,SYNTH
2026-03-09 16:56:50.389Z,1.0197,31,SYNTH
2026-03-09 16:56:51.852Z,1.0207,23,SYNTH
2026-03-09 16:56:52.832Z,1.0204,31,SYNTH
2026-03-09 16:56:53.786Z,1.0200,26,SYNTH
2026-03-09 16:56:54.100Z,1.0214,16,SYNTH
2026-03-09 16:56:55.596Z,1.0194,34,SYNTH
2026-03-09 16:56:56.522Z,1.0185,26,SYNTH
2026-03-09 16:56:57.512Z,1.0197,36,SYNTH
2026-03-09 16:56:58.276Z,1.0221,32,SYNTH
2026-03-09 16:56:59.788Z,1.0180,33,SYNTH
2026-03-09 17:19:00.153Z,1.0205,89,SYNTH
2026-03-09 17:19:01.262Z,1.0213,70,SYNTH
2026-03-09 17:19:02.315Z,1.0210,93,SYNTH
2026-03-09 17:19:03.443Z,1.0205,81,SYNTH
2026-03-09 17:19:04.115Z,1.0195,59,SYNTH
2026-03-09 17:19:05.422Z,1.0218,78,SYNTH
2026-03-09 17:19:06.761Z,1.0205,83,SYNTH
2026-03-09 17:19:07.758Z,1.0216,45,SYNTH
2026-03-09 17:19:08.527Z,1.0181,58,SYNTH
2026-03-09 17:19:09.173Z,1.0189,35,SYNTH
2026-03-09 17:19:10.478Z,1.0217,36,SYNTH
2026-03-09 17:19:11.077Z,1.0195,171,SYNTH
2026-03-09 17:19:12.449Z,1.0216,170,SYNTH
2026-03-09 17:19:13.649Z,1.0191,151,SYNTH
2026-03-09 17:19:14.734Z,1.0213,48,SYNTH
2026-03-09 17:19:15.749Z,1.0195,33,SYNTH
2026-03-09 17:19:16.255Z,1.0187,117,SYNTH
2026-03-09 17:19:17.507Z,1.0204,96,SYNTH
2026-03-09 17:19:18.569Z,1.0205,93,SYNTH
2026-03-09 17:19:19.605Z,1.0209,75,SYNTH
2026-03-09 17:19:20.539Z,1.0216,56,SYNTH
2026-03-09 17:19:21.744Z,1.0197,52,SYNTH
2026-03-09 17:19:22.007Z,1.0210,48,SYNTH
2026-03-09 17:19:23.562Z,1.0207,58,SYNTH
2026-03-09 17:19:24.305Z,1.0198,62,SYNTH
2026-03-09 17:19:25.479Z,1.0217,47,SYNTH
2026-03-09 17:19:26.896Z,1.0201,49,SYNTH
2026-03-09 17:19:27.555Z,1.0214,57,SYNTH
2026-03-09 17:19:28.273Z,1.0207,48,SYNTH
2026-03-09 17:19:29.874Z,1.0192,39,SYNTH
2026-03-09 17:19:30.264Z,1.0202,54,SYNTH
2026-03-09 17:19:31.040Z,1.0205,55,SYNTH
2026-03-09 17:19:32.693Z,1.0197,46,SYNTH
2026-03-09 17:19:33.326Z,1.0196,50,SYNTH
2026-03-09 17:19:34.801Z,1.0221,30,SYNTH
2026-03-09 17:19:35.002Z,1.0181,55,SYNTH
2026-03-09 17:19:36.442Z,1.0192,54,SYNTH
2026-03-09 17:19:37.377Z,1.0180,118,SYNTH
2026-03-09 17:19:38.514Z,1.0217,111,SYNTH
2026-03-09 17:19:39.193Z,1.0221,114,SYNTH
2026-03-09 17:19:40.295Z,1.0192,158,SYNTH
2026-03-09 17:19:41.227Z,1.0201,38,SYNTH
2026-03-09 17:19:42.348Z,1.0192,30,SYNTH
2026-03-09 17:19:43.688Z,1.0212,66,SYNTH
2026-03-09 17:19:44.035Z,1.0186,69,SYNTH
2026-03-09 17:19:45.695Z,1.0216,96,SYNTH
2026-03-09 17:19:46.629Z,1.0194,73,SYNTH
2026-03-09 17:19:47.799Z,1.0208,83,SYNTH
2026-03-09 17:19:48.529Z,1.0191,75,SYNTH
2026-03-09 17:19:49.134Z,1.0200,50,SYNTH
2026-03-09 17:19:50.871Z,1.0218,56,SYNTH
2026-03-09 17:19:51.374Z,1.0197,48,SYNTH
2026-03-09 17:19:52.294Z,1.0205,35,SYNTH
2026-03-09 17:19:53.331Z,1.0215,47,SYNTH
2026-03-09 17:19:54.270Z,1.0218,86,SYNTH
2026-03-09 17:19:55.507Z,1.0204,44,SYNTH
2026-03-09 17:19:56.894Z,1.0217,88,SYNTH
2026-03-09 17:19:57.877Z,1.0186,45,SYNTH
2026-03-09 17:19:58.833Z,1.0201,86,SYNTH
2026-03-09 17:19:59.127Z,1.0186,89,SYNTH
2026-03-09 17:31:00.104Z,1.0306,7,SYNTH
2026-03-09 17:31:01.208Z,1.0312,11,SYNTH
2026-03-09 17:31:02.724Z,1.0315,11,SYNTH
2026-03-09 17:31:03.637Z,1.0283,5,SYNTH
2026-03-09 17:31:04.292Z,1.0311,9,SYNTH
2026-03-09 17:31:05.578Z,1.0288,9,SYNTH
2026-03-09 17:31:06.600Z,1.0308,10,SYNTH
2026-03-09 17:31:07.092Z,1.0284,8,SYNTH
2026-03-09 17:31:08.315Z,1.0312,8,SYNTH
2026-03-09 17:31:09.434Z,1.0285,10,SYNTH
2026-03-09 17:31:10.174Z,1.0303,4,SYNTH
2026-03-09 17:31:11.525Z,1.0315,13,SYNTH
2026-03-09 17:31:12.528Z,1.0319,13,SYNTH
2026-03-09 17:31:13.535Z,1.0290,21,SYNTH
2026-03-09 17:31:14.448Z,1.0319,7,SYNTH
2026-03-09 17:31:15.615Z,1.0320,4,SYNTH
2026-03-09 17:31:16.518Z,1.0306,14,SYNTH
2026-03-09 17:31:17.059Z,1.0294,6,SYNTH
2026-03-09 17:31:18.788Z,1.0312,12,SYNTH
2026-03-09 17:31:19.403Z,1.0322,6,SYNTH
2026-03-09 17:31:20.722Z,1.0300,8,SYNTH
2026-03-09 17:31:21.674Z,1.0317,6,SYNTH
2026-03-09 17:31:22.247Z,1.0315,5,SYNTH
2026-03-09 17:31:23.739Z,1.0334,7,SYNTH
2026-03-09 17:31:24.107Z,1.0335,7,SYNTH
2026-03-09 17:31:25.808Z,1.0340,4,SYNTH
2026-03-09 17:31:26.278Z,1.0338,6,SYNTH
2026-03-09 17:31:27.878Z,1.0353,6,SYNTH
2026-03-09 17:31:28.338Z,1.0359,6,SYNTH
2026-03-09 17:31:29.676Z,1.0374,6,SYNTH
2026-03-09 17:31:30.886Z,1.0379,6,SYNTH
2026-03-09 17:31:31.082Z,1.0390,7,SYNTH
2026-03-09 17:31:32.734Z,1.0385,7,SYNTH
2026-03-09 17:31:33.660Z,1.0384,3,SYNTH
2026-03-09 17:31:34.000Z,1.0397,3,SYNTH
2026-03-09 17:31:35.204Z,1.0412,4,SYNTH
2026-03-09 17:31:36.002Z,1.0406,5,SYNTH
2026-03-09 17:31:37.531Z,1.0401,11,SYNTH
2026-03-09 17:31:38.500Z,1.0390,8,SYNTH
2026-03-09 17:31:39.170Z,1.0414,13,SYNTH
2026-03-09 17:31:40.499Z,1.0393,13,SYNTH
2026-03-09 17:31:41.484Z,1.0386,4,SYNTH
2026-03-09 17:31:42.183Z,1.0392,4,SYNTH
2026-03-09 17:31:43.722Z,1.0406,5,SYNTH
2026-03-09 17:31:44.617Z,1.0378,6,SYNTH
2026-03-09 17:31:45.859Z,1.0391,10,SYNTH
2026-03-09 17:31:46.369Z,1.0396,12,SYNTH
2026-03-09 17:31:47.733Z,1.0386,6,SYNTH
2026-03-09 17:31:48.700Z,1.0384,7,SYNTH
2026-03-09 17:31:49.515Z,1.0404,5,SYNTH
2026-03-09 17:31:50.173Z,1.0392,5,SYNTH
2026-03-09 17:31:51.803Z,1.0386,4,SYNTH
2026-03-09 17:31:52.299Z,1.0398,5,SYNTH
2026-03-09 17:31:53.386Z,1.0376,8,SYNTH
2026-03-09 17:31:54.256Z,1.0412,5,SYNTH
2026-03-09 17:31:55.259Z,1.0415,9,SYNTH
2026-03-09 17:31:56.000Z,1.0396,8,SYNTH
2026-03-09 17:31:57.880Z,1.0410,5,SYNTH
2026-03-09 17:31:58.117Z,1.0413,6,SYNTH
2026-03-09 17:31:59.080Z,1.0389,9,SYNTH
2026-03-09 17:33:00.488Z,1.0416,67,SYNTH
2026-03-09 17:33:01.736Z,1.0404,43,SYNTH
2026-03-09 17:33:02.553Z,1.0388,53,SYNTH
2026-03-09 17:33:03.784Z,1.0384,48,SYNTH
2026-03-09 17:33:04.788Z,1.0420,49,SYNTH
2026-03-09 17:33:05.008Z,1.0394,56,SYNTH
2026-03-09 17:33:06.578Z,1.0387,35,SYNTH
2026-03-09 17:33:07.293Z,1.0402,54,SYNTH
2026-03-09 17:33:08.384Z,1.0414,46,SYNTH
2026-03-09 17:33:09.198Z,1.0406,56,SYNTH
2026-03-09 17:33:10.826Z,1.0391,30,SYNTH
2026-03-09 17:33:11.282Z,1.0417,151,SYNTH
2026-03-09 17:33:12.836Z,1.0412,72,SYNTH
2026-03-09 17:33:13.138Z,1.0382,67,SYNTH
2026-03-09 17:33:14.283Z,1.0397,58,SYNTH
2026-03-09 17:33:15.137Z,1.0417,31,SYNTH
2026-03-09 17:33:16.803Z,1.0397,66,SYNTH
2026-03-09 17:33:17.555Z,1.0382,83,SYNTH
2026-03-09 17:33:18.502Z,1.0403,53,SYNTH
2026-03-09 17:33:19.450Z,1.0387,95,SYNTH
2026-03-09 17:33:20.306Z,1.0416,33,SYNTH
2026-03-09 17:33:21.178Z,1.0385,44,SYNTH
2026-03-09 17:33:22.541Z,1.0395,23,SYNTH
2026-03-09 17:33:23.251Z,1.0420,31,SYNTH
2026-03-09 17:33:24.357Z,1.0392,32,SYNTH
2026-03-09 17:33:25.211Z,1.0388,23,SYNTH
2026-03-09 17:33:26.272Z,1.0408,23,SYNTH
2026-03-09 17:33:27.106Z,1.0413,50,SYNTH
2026-03-09 17:33:28.534Z,1.0391,42,SYNTH
2026-03-09 17:33:29.763Z,1.0416,28,SYNTH
2026-03-09 17:33:30.103Z,1.0401,50,SYNTH
2026-03-09 17:33:31.885Z,1.0391,29,SYNTH
2026-03-09 17:33:32.488Z,1.0401,30,SYNTH
2026-03-09 17:33:33.683Z,1.0394,40,SYNTH
2026-03-09 17:33:34.208Z,1.0383,43,SYNTH
2026-03-09 17:33:35.865Z,1.0415,46,SYNTH
2026-03-09 17:33:36.745Z,1.0407,40,SYNTH
2026-03-09 17:33:37.817Z,1.0409,75,SYNTH
2026-03-09 17:33:38.619Z,1.0379,123,SYNTH
2026-03-09 17:33:39.206Z,1.0417,59,SYNTH
2026-03-09 17:33:40.301Z,1.0390,98,SYNTH
2026-03-09 17:33:41.175Z,1.0401,39,SYNTH
2026-03-09 17:33:42.281Z,1.0417,43,SYNTH
2026-03-09 17:33:43.301Z,1.0382,55,SYNTH
2026-03-09 17:33:44.836Z,1.0403,54,SYNTH
2026-03-09 17:33:45.317Z,1.0403,39,SYNTH
2026-03-09 17:33:46.535Z,1.0385,47,SYNTH
2026-03-09 17:33:47.708Z,1.0399,85,SYNTH
2026-03-09 17:33:48.376Z,1.0402,45,SYNTH
2026-03-09 17:33:49.852Z,1.0417,36,SYNTH
2026-03-09 17:33:50.071Z,1.0421,40,SYNTH
2026-03-09 17:33:51.051Z,1.0384,65,SYNTH
2026-03-09 17:33:52.178Z,1.0413,44,SYNTH
2026-03-09 17:33:53.785Z,1.0380,53,SYNTH
2026-03-09 17:33:54.275Z,1.0414,31,SYNTH
2026-03-09 17:33:55.761Z,1.0404,30,SYNTH
2026-03-09 17:33:56.729Z,1.0421,38,SYNTH
2026-03-09 17:33:57.809Z,1.0407,38,SYNTH
2026-03-09 17:33:58.811Z,1.0397,33,SYNTH
2026-03-09 17:33:59.815Z,1.0404,51,SYNTH
2026-03-09 17:34:00.735Z,1.0403,105,SYNTH
2026-03-09 17:34:01.585Z,1.0385,123,SYNTH
2026-03-09 17:34:02.038Z,1.0402,107,SYNTH
2026-03-09 17:34:03.100Z,1.0418,97,SYNTH
2026-03-09 17:34:04.305Z,1.0420,64,SYNTH
2026-03-09 17:34:05.686Z,1.0417,99,SYNTH
2026-03-09 17:34:06.430Z,1.0395,83,SYNTH
2026-03-09 17:34:07.056Z,1.0398,99,SYNTH
2026-03-09 17:34:08.858Z,1.0411,102,SYNTH
2026-03-09 17:34:09.074Z,1.0422,99,SYNTH
2026-03-09 17:34:10.067Z,1.0385,97,SYNTH
2026-03-09 17:34:11.515Z,1.0408,110,SYNTH
2026-03-09 17:34:12.895Z,1.0418,179,SYNTH
2026-03-09 17:34:13.771Z,1.0380,241,SYNTH
2026-03-09 17:34:14.034Z,1.0420,51,SYNTH
2026-03-09 17:34:15.789Z,1.0393,52,SYNTH
2026-03-09 17:34:16.837Z,1.0414,93,SYNTH
2026-03-09 17:34:17.265Z,1.0404,66,SYNTH
2026-03-09 17:34:18.725Z,1.0400,87,SYNTH
2026-03-09 17:34:19.371Z,1.0394,69,SYNTH
2026-03-09 17:34:20.838Z,1.0421,51,SYNTH
2026-03-09 17:34:21.770Z,1.0412,67,SYNTH
2026-03-09 17:34:22.744Z,1.0418,62,SYNTH
2026-03-09 17:34:23.217Z,1.0429,70,SYNTH
2026-03-09 17:34:24.544Z,1.0427,46,SYNTH
2026-03-09 17:34:25.050Z,1.0439,66,SYNTH
2026-03-09 17:34:26.636Z,1.0452,79,SYNTH
2026-03-09 17:34:27.864Z,1.0460,64,SYNTH
2026-03-09 17:34:28.130Z,1.0455,67,SYNTH
2026-03-09 17:34:29.531Z,1.0473,81,SYNTH
2026-03-09 17:34:30.034Z,1.0467,69,SYNTH
2026-03-09 17:34:31.123Z,1.0490,45,SYNTH
2026-03-09 17:34:32.311Z,1.0492,65,SYNTH
2026-03-09 17:34:33.111Z,1.0494,66,SYNTH
2026-03-09 17:34:34.371Z,1.0497,72,SYNTH
2026-03-09 17:34:35.150Z,1.0507,77,SYNTH
2026-03-09 17:34:36.652Z,1.0504,45,SYNTH
2026-03-09 17:34:37.208Z,1.0514,117,SYNTH
2026-03-09 17:34:38.714Z,1.0487,195,SYNTH
2026-03-09 17:34:39.219Z,1.0504,156,SYNTH
2026-03-09 17:34:40.602Z,1.0508,216,SYNTH
2026-03-09 17:34:41.138Z,1.0495,47,SYNTH
2026-03-09 17:34:42.139Z,1.0501,72,SYNTH
2026-03-09 17:34:43.288Z,1.0480,55,SYNTH
2026-03-09 17:34:44.610Z,1.0506,73,SYNTH
2026-03-09 17:34:45.618Z,1.0496,87,SYNTH
2026-03-09 17:34:46.373Z,1.0488,87,SYNTH
2026-03-09 17:34:47.319Z,1.0499,122,SYNTH
2026-03-09 17:34:48.714Z,1.0482,99,SYNTH
2026-03-09 17:34:49.647Z,1.0495,81,SYNTH
2026-03-09 17:34:50.247Z,1.0503,48,SYNTH
2026-03-09 17:34:51.793Z,1.0509,106,SYNTH
2026-03-09 17:34:52.273Z,1.0507,83,SYNTH
2026-03-09 17:34:53.878Z,1.0491,98,SYNTH
2026-03-09 17:34:54.390Z,1.0511,52,SYNTH
2026-03-09 17:34:55.474Z,1.0497,50,SYNTH
2026-03-09 17:34:56.506Z,1.0519,77,SYNTH
2026-03-09 17:34:57.870Z,1.0503,52,SYNTH
2026-03-09 17:34:58.360Z,1.0503,81,SYNTH
2026-03-09 17:34:59.564Z,1.0492,96,SYNTH
2026-03-09 17:35:00.220Z,1.0403,20,SYNTH
2026-03-09 17:35:01.763Z,1.0403,21,SYNTH
2026-03-09 17:35:02.703Z,1.0396,42,SYNTH
2026-03-09 17:35:03.540Z,1.0381,19,SYNTH
2026-03-09 17:35:04.754Z,1.0387,25,SYNTH
2026-03-09 17:35:05.193Z,1.0407,21,SYNTH
2026-03-09 17:35:06.100Z,1.0407,37,SYNTH
2026-03-09 17:35:07.607Z,1.0407,26,SYNTH
2026-03-09 17:35:08.839Z,1.0395,25,SYNTH
2026-03-09 17:35:09.601Z,1.0381,31,SYNTH
2026-03-09 17:35:10.517Z,1.0420,36,SYNTH
2026-03-09 17:35:11.497Z,1.0396,45,SYNTH
2026-03-09 17:35:12.205Z,1.0417,84,SYNTH
2026-03-09 17:35:13.312Z,1.0403,56,SYNTH
2026-03-09 17:35:14.481Z,1.0383,22,SYNTH
2026-03-09 17:35:15.531Z,1.0415,30,SYNTH
2026-03-09 17:35:16.027Z,1.0419,34,SYNTH
2026-03-09 17:35:17.253Z,1.0398,29,SYNTH
2026-03-09 17:35:18.792Z,1.0398,34,SYNTH
2026-03-09 17:35:19.805Z,1.0409,57,SYNTH
2026-03-09 17:35:20.709Z,1.0392,24,SYNTH
2026-03-09 17:35:21.295Z,1.0410,28,SYNTH
2026-03-09 17:35:22.411Z,1.0398,30,SYNTH
2026-03-09 17:35:23.372Z,1.0391,18,SYNTH
2026-03-09 17:35:24.186Z,1.0406,17,SYNTH
2026-03-09 17:35:25.418Z,1.0407,21,SYNTH
2026-03-09 17:35:26.883Z,1.0398,29,SYNTH
2026-03-09 17:35:27.660Z,1.0414,19,SYNTH
2026-03-09 17:35:28.390Z,1.0387,21,SYNTH
2026-03-09 17:35:29.122Z,1.0411,27,SYNTH
2026-03-09 17:35:30.103Z,1.0406,22,SYNTH
2026-03-09 17:35:31.862Z,1.0382,31,SYNTH
2026-03-09 17:35:32.352Z,1.0407,29,SYNTH
2026-03-09 17:35:33.753Z,1.0404,21,SYNTH
2026-03-09 17:35:34.263Z,1.0383,27,SYNTH
2026-03-09 17:35:35.298Z,1.0404,18,SYNTH
2026-03-09 17:35:36.228Z,1.0383,31,SYNTH
2026-03-09 17:35:37.411Z,1.0381,60,SYNTH
2026-03-09 17:35:38.107Z,1.0404,34,SYNTH
2026-03-09 17:35:39.106Z,1.0413,68,SYNTH
2026-03-09 17:35:40.679Z,1.0384,40,SYNTH
2026-03-09 17:35:41.681Z,1.0419,33,SYNTH
2026-03-09 17:35:42.523Z,1.0398,15,SYNTH
2026-03-09 17:35:43.355Z,1.0398,25,SYNTH
2026-03-09 17:35:44.416Z,1.0403,15,SYNTH
2026-03-09 17:35:45.589Z,1.0404,27,SYNTH
2026-03-09 17:35:46.595Z,1.0385,42,SYNTH
2026-03-09 17:35:47.167Z,1.0406,29,SYNTH
2026-03-09 17:35:48.074Z,1.0387,31,SYNTH
2026-03-09 17:35:49.344Z,1.0418,29,SYNTH
2026-03-09 17:35:50.698Z,1.0382,24,SYNTH
2026-03-09 17:35:51.633Z,1.0412,23,SYNTH
2026-03-09 17:35:52.180Z,1.0404,26,SYNTH
2026-03-09 17:35:53.267Z,1.0417,35,SYNTH
2026-03-09 17:35:54.859Z,1.0397,38,SYNTH
2026-03-09 17:35:55.605Z,1.0413,25,SYNTH
2026-03-09 17:35:56.658Z,1.0385,24,SYNTH
2026-03-09 17:35:57.632Z,1.0413,34,SYNTH
2026-03-09 17:35:58.681Z,1.0404,42,SYNTH
2026-03-09 17:35:59.072Z,1.0383,45,SYNTH
2026-03-09 17:38:00.037Z,1.0401,3,SYNTH
2026-03-09 17:38:01.653Z,1.0395,4,SYNTH
2026-03-09 17:38:02.828Z,1.0418,3,SYNTH
2026-03-09 17:38:03.833Z,1.0378,3,SYNTH
2026-03-09 17:38:04.108Z,1.0411,4,SYNTH
2026-03-09 17:38:05.486Z,1.0410,3,SYNTH
2026-03-09 17:38:06.245Z,1.0388,2,SYNTH
2026-03-09 17:38:07.567Z,1.0402,3,SYNTH
2026-03-09 17:38:08.112Z,1.0397,3,SYNTH
2026-03-09 17:38:09.171Z,1.0411,2,SYNTH
2026-03-09 17:38:10.856Z,1.0398,3,SYNTH
2026-03-09 17:38:11.408Z,1.0411,4,SYNTH
2026-03-09 17:38:12.272Z,1.0414,5,SYNTH
2026-03-09 17:38:13.606Z,1.0405,5,SYNTH
2026-03-09 17:38:14.645Z,1.0398,3,SYNTH
2026-03-09 17:38:15.161Z,1.0386,3,SYNTH
2026-03-09 17:38:16.026Z,1.0408,3,SYNTH
2026-03-09 17:38:17.534Z,1.0419,4,SYNTH
2026-03-09 17:38:18.173Z,1.0417,5,SYNTH
2026-03-09 17:38:19.428Z,1.0383,3,SYNTH
2026-03-09 17:38:20.058Z,1.0416,1,SYNTH
2026-03-09 17:38:21.815Z,1.0417,2,SYNTH
2026-03-09 17:38:22.523Z,1.0412,2,SYNTH
2026-03-09 17:38:23.817Z,1.0401,2,SYNTH
2026-03-09 17:38:24.330Z,1.0399,2,SYNTH
2026-03-09 17:38:25.766Z,1.0411,2,SYNTH
2026-03-09 17:38:26.660Z,1.0386,2,SYNTH
2026-03-09 17:38:27.125Z,1.0413,2,SYNTH
2026-03-09 17:38:28.364Z,1.0409,2,SYNTH
2026-03-09 17:38:29.454Z,1.0398,3,SYNTH
2026-03-09 17:38:30.734Z,1.0419,1,SYNTH
2026-03-09 17:38:31.811Z,1.0420,3,SYNTH
2026-03-09 17:38:32.322Z,1.0381,3,SYNTH
2026-03-09 17:38:33.606Z,1.0386,2,SYNTH
2026-03-09 17:38:34.551Z,1.0411,2,SYNTH
2026-03-09 17:38:35.184Z,1.0408,3,SYNTH
2026-03-09 17:38:36.548Z,1.0414,1,SYNTH
2026-03-09 17:38:37.142Z,1.0386,3,SYNTH
2026-03-09 17:38:38.334Z,1.0403,5,SYNTH
2026-03-09 17:38:39.785Z,1.0414,5,SYNTH
2026-03-09 17:38:40.610Z,1.0405,4,SYNTH
2026-03-09 17:38:41.683Z,1.0414,2,SYNTH
2026-03-09 17:38:42.537Z,1.0407,2,SYNTH
2026-03-09 17:38:43.314Z,1.0397,2,SYNTH
2026-03-09 17:38:44.405Z,1.0421,3,SYNTH
2026-03-09 17:38:45.382Z,1.0394,3,SYNTH
2026-03-09 17:38:46.147Z,1.0417,4,SYNTH
2026-03-09 17:38:47.483Z,1.0396,5,SYNTH
2026-03-09 17:38:48.583Z,1.0415,2,SYNTH
2026-03-09 17:38:49.010Z,1.0396,3,SYNTH
2026-03-09 17:38:50.576Z,1.0404,2,SYNTH
2026-03-09 17:38:51.733Z,1.0419,3,SYNTH
2026-03-09 17:38:52.807Z,1.0390,2,SYNTH
2026-03-09 17:38:53.439Z,1.0418,2,SYNTH
2026-03-09 17:38:54.170Z,1.0407,3,SYNTH
2026-03-09 17:38:55.182Z,1.0399,4,SYNTH
2026-03-09 17:38:56.641Z,1.0379,3,SYNTH
2026-03-09 17:38:57.077Z,1.0417,4,SYNTH
2026-03-09 17:38:58.070Z,1.0419,2,SYNTH
2026-03-09 17:38:59.329Z,1.0406,2,SYNTH
2026-03-09 17:49:00.164Z,1.0405,114,SYNTH
2026-03-09 17:49:01.896Z,1.0410,102,SYNTH
2026-03-09 17:49:02.040Z,1.0420,95,SYNTH
2026-03-09 17:49:03.559Z,1.0407,80,SYNTH
2026-03-09 17:49:04.022Z,1.0388,68,SYNTH
2026-03-09 17:49:05.573Z,1.0421,95,SYNTH
2026-03-09 17:49:06.134Z,1.0395,81,SYNTH
2026-03-09 17:49:07.825Z,1.0380,83,SYNTH
2026-03-09 17:49:08.545Z,1.0405,92,SYNTH
2026-03-09 17:49:09.218Z,1.0409,70,SYNTH
2026-03-09 17:49:10.602Z,1.0417,94,SYNTH
2026-03-09 17:49:11.743Z,1.0391,124,SYNTH
2026-03-09 17:49:12.316Z,1.0404,156,SYNTH
2026-03-09 17:49:13.072Z,1.0400,181,SYNTH
2026-03-09 17:49:14.604Z,1.0414,51,SYNTH
2026-03-09 17:49:15.800Z,1.0407,45,SYNTH
2026-03-09 17:49:16.346Z,1.0385,146,SYNTH
2026-03-09 17:49:17.169Z,1.0419,102,SYNTH
2026-03-09 17:49:18.475Z,1.0415,151,SYNTH
2026-03-09 17:49:19.755Z,1.0403,117,SYNTH
2026-03-09 17:49:20.489Z,1.0417,35,SYNTH
2026-03-09 17:49:21.757Z,1.0395,61,SYNTH
2026-03-09 17:49:22.216Z,1.0406,36,SYNTH
2026-03-09 17:49:23.875Z,1.0382,58,SYNTH
2026-03-09 17:49:24.753Z,1.0411,66,SYNTH
2026-03-09 17:49:25.225Z,1.0419,60,SYNTH
2026-03-09 17:49:26.142Z,1.0392,59,SYNTH
2026-03-09 17:49:27.079Z,1.0410,73,SYNTH
2026-03-09 17:49:28.684Z,1.0394,40,SYNTH
2026-03-09 17:49:29.360Z,1.0393,62,SYNTH
2026-03-09 17:49:30.533Z,1.0406,41,SYNTH
2026-03-09 17:49:31.477Z,1.0389,75,SYNTH
2026-03-09 17:49:32.113Z,1.0414,52,SYNTH
2026-03-09 17:49:33.853Z,1.0403,34,SYNTH
2026-03-09 17:49:34.610Z,1.0407,42,SYNTH
2026-03-09 17:49:35.009Z,1.0380,72,SYNTH
2026-03-09 17:49:36.590Z,1.0407,38,SYNTH
2026-03-09 17:49:37.261Z,1.0383,205,SYNTH
2026-03-09 17:49:38.133Z,1.0384,97,SYNTH
2026-03-09 17:49:39.333Z,1.0417,210,SYNTH
2026-03-09 17:49:40.714Z,1.0382,170,SYNTH
2026-03-09 17:49:41.389Z,1.0406,56,SYNTH
2026-03-09 17:49:42.369Z,1.0396,86,SYNTH
2026-03-09 17:49:43.110Z,1.0407,58,SYNTH
2026-03-09 17:49:44.645Z,1.0401,42,SYNTH
2026-03-09 17:49:45.202Z,1.0398,88,SYNTH
2026-03-09 17:49:46.030Z,1.0408,102,SYNTH
2026-03-09 17:49:47.278Z,1.0397,74,SYNTH
2026-03-09 17:49:48.446Z,1.0417,71,SYNTH
2026-03-09 17:49:49.721Z,1.0405,57,SYNTH
2026-03-09 17:49:50.689Z,1.0381,49,SYNTH
2026-03-09 17:49:51.081Z,1.0419,78,SYNTH
2026-03-09 17:49:52.381Z,1.0386,58,SYNTH
2026-03-09 17:49:53.218Z,1.0412,73,SYNTH
2026-03-09 17:49:54.132Z,1.0397,49,SYNTH
2026-03-09 17:49:55.646Z,1.0406,66,SYNTH
2026-03-09 17:49:56.064Z,1.0407,93,SYNTH
2026-03-09 17:49:57.099Z,1.0382,59,SYNTH
2026-03-09 17:49:58.825Z,1.0410,110,SYNTH
2026-03-09 17:49:59.440Z,1.0391,111,SYNTH
2026-03-09 18:30:00.526Z,1.0402,24,SYNTH
2026-03-09 18:30:01.750Z,1.0409,15,SYNTH
2026-03-09 18:30:02.707Z,1.0388,22,SYNTH
2026-03-09 18:30:03.688Z,1.0415,14,SYNTH
2026-03-09 18:30:04.412Z,1.0381,13,SYNTH
2026-03-09 18:30:05.015Z,1.0408,17,SYNTH
2026-03-09 18:30:06.753Z,1.0411,17,SYNTH
2026-03-09 18:30:07.609Z,1.0385,13,SYNTH
2026-03-09 18:30:08.786Z,1.0394,18,SYNTH
2026-03-09 18:30:09.034Z,1.0417,11,SYNTH
2026-03-09 18:30:10.179Z,1.0409,18,SYNTH
2026-03-09 18:30:11.814Z,1.0403,38,SYNTH
2026-03-09 18:30:12.030Z,1.0412,36,SYNTH
2026-03-09 18:30:13.712Z,1.0399,42,SYNTH
2026-03-09 18:30:14.822Z,1.0416,18,SYNTH
2026-03-09 18:30:15.497Z,1.0379,10,SYNTH
2026-03-09 18:30:16.800Z,1.0382,15,SYNTH
2026-03-09 18:30:17.015Z,1.0409,15,SYNTH
2026-03-09 18:30:18.532Z,1.0404,13,SYNTH
2026-03-09 18:30:19.892Z,1.0377,23,SYNTH
2026-03-09 18:30:20.434Z,1.0420,11,SYNTH
2026-03-09 18:30:21.577Z,1.0395,14,SYNTH
2026-03-09 18:30:22.220Z,1.0405,12,SYNTH
2026-03-09 18:30:23.470Z,1.0411,10,SYNTH
2026-03-09 18:30:24.064Z,1.0385,9,SYNTH
2026-03-09 18:30:25.848Z,1.0415,11,SYNTH
2026-03-09 18:30:26.874Z,1.0411,6,SYNTH
2026-03-09 18:30:27.355Z,1.0411,9,SYNTH
2026-03-09 18:30:28.601Z,1.0385,11,SYNTH
2026-03-09 18:30:29.136Z,1.0416,10,SYNTH
2026-03-09 18:30:30.613Z,1.0397,8,SYNTH
2026-03-09 18:30:31.246Z,1.0398,7,SYNTH
2026-03-09 18:30:32.104Z,1.0415,14,SYNTH
2026-03-09 18:30:33.600Z,1.0416,11,SYNTH
2026-03-09 18:30:34.711Z,1.0418,11,SYNTH
2026-03-09 18:30:35.582Z,1.0383,12,SYNTH
2026-03-09 18:30:36.621Z,1.0381,11,SYNTH
2026-03-09 18:30:37.683Z,1.0404,36,SYNTH
2026-03-09 18:30:38.453Z,1.0408,20,SYNTH
2026-03-09 18:30:39.307Z,1.0413,18,SYNTH
2026-03-09 18:30:40.184Z,1.0397,18,SYNTH
2026-03-09 18:30:41.421Z,1.0406,14,SYNTH
2026-03-09 18:30:42.677Z,1.0384,15,SYNTH
2026-03-09 18:30:43.238Z,1.0401,13,SYNTH
2026-03-09 18:30:44.372Z,1.0407,8,SYNTH
2026-03-09 18:30:45.804Z,1.0410,22,SYNTH
2026-03-09 18:30:46.719Z,1.0397,12,SYNTH
2026-03-09 18:30:47.000Z,1.0413,17,SYNTH
2026-03-09 18:30:48.821Z,1.0412,19,SYNTH
2026-03-09 18:30:49.868Z,1.0381,15,SYNTH
2026-03-09 18:30:50.685Z,1.0404,12,SYNTH
2026-03-09 18:30:51.072Z,1.0402,10,SYNTH
2026-03-09 18:30:52.147Z,1.0388,12,SYNTH
2026-03-09 18:30:53.028Z,1.0408,20,SYNTH
2026-03-09 18:30:54.240Z,1.0405,17,SYNTH
2026-03-09 18:30:55.237Z,1.0386,11,SYNTH
2026-03-09 18:30:56.191Z,1.0393,20,SYNTH
2026-03-09 18:30:57.478Z,1.0416,17,SYNTH
2026-03-09 18:30:58.580Z,1.0409,10,SYNTH
2026-03-09 18:30:59.392Z,1.0410,22,SYNTH
2026-03-09 18:45:00.219Z,1.0516,8,SYNTH
2026-03-09 18:45:01.432Z,1.0482,13,SYNTH
2026-03-09 18:45:02.540Z,1.0521,13,SYNTH
2026-03-09 18:45:03.197Z,1.0485,10,SYNTH
2026-03-09 18:45:04.065Z,1.0502,7,SYNTH
2026-03-09 18:45:05.871Z,1.0517,13,SYNTH
2026-03-09 18:45:06.182Z,1.0491,15,SYNTH
2026-03-09 18:45:07.009Z,1.0519,7,SYNTH
2026-03-09 18:45:08.171Z,1.0492,6,SYNTH
2026-03-09 18:45:09.399Z,1.0515,10,SYNTH
2026-03-09 18:45:10.725Z,1.0490,14,SYNTH
2026-03-09 18:45:11.557Z,1.0518,23,SYNTH
2026-03-09 18:45:12.269Z,1.0521,17,SYNTH
2026-03-09 18:45:13.665Z,1.0500,22,SYNTH
2026-03-09 18:45:14.232Z,1.0502,12,SYNTH
2026-03-09 18:45:15.279Z,1.0514,12,SYNTH
2026-03-09 18:45:16.566Z,1.0520,14,SYNTH
2026-03-09 18:45:17.466Z,1.0521,23,SYNTH
2026-03-09 18:45:18.175Z,1.0489,10,SYNTH
2026-03-09 18:45:19.043Z,1.0493,11,SYNTH
2026-03-09 18:45:20.660Z,1.0508,8,SYNTH
2026-03-09 18:45:21.419Z,1.0484,12,SYNTH
2026-03-09 18:45:22.211Z,1.0505,5,SYNTH
2026-03-09 18:45:23.086Z,1.0488,6,SYNTH
2026-03-09 18:45:24.220Z,1.0494,10,SYNTH
2026-03-09 18:45:25.624Z,1.0520,8,SYNTH
2026-03-09 18:45:26.392Z,1.0519,8,SYNTH
2026-03-09 18:45:27.551Z,1.0511,10,SYNTH
2026-03-09 18:45:28.199Z,1.0494,11,SYNTH
2026-03-09 18:45:29.450Z,1.0508,6,SYNTH
2026-03-09 18:45:30.031Z,1.0513,9,SYNTH
2026-03-09 18:45:31.578Z,1.0494,8,SYNTH
2026-03-09 18:45:32.304Z,1.0518,6,SYNTH
2026-03-09 18:45:33.279Z,1.0492,9,SYNTH
2026-03-09 18:45:34.162Z,1.0505,11,SYNTH
2026-03-09 18:45:35.861Z,1.0484,10,SYNTH
2026-03-09 18:45:36.245Z,1.0520,6,SYNTH
2026-03-09 18:45:37.364Z,1.0484,23,SYNTH
2026-03-09 18:45:38.389Z,1.0505,24,SYNTH
2026-03-09 18:45:39.617Z,1.0510,28,SYNTH
2026-03-09 18:45:40.547Z,1.0483,16,SYNTH
2026-03-09 18:45:41.086Z,1.0512,6,SYNTH
2026-03-09 18:45:42.747Z,1.0511,11,SYNTH
2026-03-09 18:45:43.296Z,1.0489,7,SYNTH
2026-03-09 18:45:44.023Z,1.0483,8,SYNTH
2026-03-09 18:45:45.739Z,1.0488,14,SYNTH
2026-03-09 18:45:46.191Z,1.0511,13,SYNTH
2026-03-09 18:45:47.461Z,1.0518,18,SYNTH
2026-03-09 18:45:48.513Z,1.0509,9,SYNTH
2026-03-09 18:45:49.748Z,1.0494,7,SYNTH
2026-03-09 18:45:50.422Z,1.0510,7,SYNTH
2026-03-09 18:45:51.552Z,1.0488,12,SYNTH
2026-03-09 18:45:52.844Z,1.0485,9,SYNTH
2026-03-09 18:45:53.856Z,1.0517,16,SYNTH
2026-03-09 18:45:54.213Z,1.0518,15,SYNTH
2026-03-09 18:45:55.046Z,1.0486,8,SYNTH
2026-03-09 18:45:56.006Z,1.0502,12,SYNTH
2026-03-09 18:45:57.675Z,1.0480,11,SYNTH
2026-03-09 18:45:58.420Z,1.0496,14,SYNTH
2026-03-09 18:45:59.889Z,1.0509,14,SYNTH
2026-03-09 18:59:00.127Z,1.0514,3,SYNTH
2026-03-09 18:59:01.663Z,1.0506,3,SYNTH
2026-03-09 18:59:02.084Z,1.0499,2,SYNTH
2026-03-09 18:59:03.325Z,1.0503,5,SYNTH
2026-03-09 18:59:04.528Z,1.0480,3,SYNTH
2026-03-09 18:59:05.490Z,1.0490,3,SYNTH
2026-03-09 18:59:06.576Z,1.0503,3,SYNTH
2026-03-09 18:59:07.332Z,1.0505,2,SYNTH
2026-03-09 18:59:08.720Z,1.0506,3,SYNTH
2026-03-09 18:59:09.129Z,1.0499,3,SYNTH
2026-03-09 18:59:10.804Z,1.0498,2,SYNTH
2026-03-09 18:59:11.418Z,1.0503,9,SYNTH
2026-03-09 18:59:12.472Z,1.0491,4,SYNTH
2026-03-09 18:59:13.267Z,1.0512,6,SYNTH
2026-03-09 18:59:14.544Z,1.0508,3,SYNTH
2026-03-09 18:59:15.375Z,1.0499,3,SYNTH
2026-03-09 18:59:16.374Z,1.0494,3,SYNTH
2026-03-09 18:59:17.133Z,1.0516,5,SYNTH
2026-03-09 18:59:18.616Z,1.0516,4,SYNTH
2026-03-09 18:59:19.417Z,1.0498,5,SYNTH
2026-03-09 18:59:20.632Z,1.0507,2,SYNTH
2026-03-09 18:59:21.840Z,1.0488,2,SYNTH
2026-03-09 18:59:22.821Z,1.0515,3,SYNTH
2026-03-09 18:59:23.284Z,1.0487,2,SYNTH
2026-03-09 18:59:24.305Z,1.0516,1,SYNTH
2026-03-09 18:59:25.320Z,1.0518,3,SYNTH
2026-03-09 18:59:26.667Z,1.0505,2,SYNTH
2026-03-09 18:59:27.642Z,1.0519,1,SYNTH
2026-03-09 18:59:28.142Z,1.0494,1,SYNTH
2026-03-09 18:59:29.662Z,1.0511,3,SYNTH
2026-03-09 18:59:30.034Z,1.0490,3,SYNTH
2026-03-09 18:59:31.728Z,1.0497,2,SYNTH
2026-03-09 18:59:32.751Z,1.0517,3,SYNTH
2026-03-09 18:59:33.665Z,1.0479,3,SYNTH
2026-03-09 18:59:34.216Z,1.0504,3,SYNTH
2026-03-09 18:59:35.354Z,1.0501,2,SYNTH
2026-03-09 18:59:36.057Z,1.0517,3,SYNTH
2026-03-09 18:59:37.713Z,1.0486,5,SYNTH
2026-03-09 18:59:38.387Z,1.0500,5,SYNTH
2026-03-09 18:59:39.076Z,1.0481,5,SYNTH
2026-03-09 18:59:40.114Z,1.0506,8,SYNTH
2026-03-09 18:59:41.191Z,1.0505,4,SYNTH
2026-03-09 18:59:42.844Z,1.0496,3,SYNTH
2026-03-09 18:59:43.884Z,1.0520,2,SYNTH
2026-03-09 18:59:44.881Z,1.0513,2,SYNTH
2026-03-09 18:59:45.142Z,1.0484,5,SYNTH
2026-03-09 18:59:46.364Z,1.0500,3,SYNTH
2026-03-09 18:59:47.058Z,1.0511,4,SYNTH
2026-03-09 18:59:48.082Z,1.0487,2,SYNTH
2026-03-09 18:59:49.021Z,1.0499,2,SYNTH
2026-03-09 18:59:50.077Z,1.0504,4,SYNTH
2026-03-09 18:59:51.841Z,1.0481,3,SYNTH
2026-03-09 18:59:52.530Z,1.0517,2,SYNTH
2026-03-09 18:59:53.350Z,1.0518,4,SYNTH
2026-03-09 18:59:54.845Z,1.0495,3,SYNTH
2026-03-09 18:59:55.463Z,1.0509,2,SYNTH
2026-03-09 18:59:56.675Z,1.0501,4,SYNTH
2026-03-09 18:59:57.691Z,1.0502,5,SYNTH
2026-03-09 18:59:58.215Z,1.0521,5,SYNTH
2026-03-09 18:59:59.081Z,1.0481,4,SYNTH
2026-03-09 19:05:00.643Z,1.0520,56,SYNTH
2026-03-09 19:05:01.519Z,1.0504,36,SYNTH
2026-03-09 19:05:02.487Z,1.0491,38,SYNTH
2026-03-09 19:05:03.096Z,1.0518,47,SYNTH
2026-03-09 19:05:04.347Z,1.0519,46,SYNTH
2026-03-09 19:05:05.422Z,1.0495,41,SYNTH
2026-03-09 19:05:06.214Z,1.0517,48,SYNTH
2026-03-09 19:05:07.217Z,1.0509,40,SYNTH
2026-03-09 19:05:08.442Z,1.0508,25,SYNTH
2026-03-09 19:05:09.615Z,1.0507,48,SYNTH
2026-03-09 19:05:10.084Z,1.0488,24,SYNTH
2026-03-09 19:05:11.433Z,1.0511,84,SYNTH
2026-03-09 19:05:12.031Z,1.0497,116,SYNTH
2026-03-09 19:05:13.552Z,1.0511,64,SYNTH
2026-03-09 19:05:14.024Z,1.0513,48,SYNTH
2026-03-09 19:05:15.759Z,1.0482,40,SYNTH
2026-03-09 19:05:16.045Z,1.0514,58,SYNTH
2026-03-09 19:05:17.866Z,1.0512,79,SYNTH
2026-03-09 19:05:18.611Z,1.0488,54,SYNTH
2026-03-09 19:05:19.028Z,1.0492,47,SYNTH
2026-03-09 19:05:20.206Z,1.0481,33,SYNTH
2026-03-09 19:05:21.626Z,1.0484,25,SYNTH
2026-03-09 19:05:22.816Z,1.0478,34,SYNTH
2026-03-09 19:05:23.638Z,1.0482,19,SYNTH
2026-03-09 19:05:24.850Z,1.0474,36,SYNTH
2026-03-09 19:05:25.171Z,1.0461,35,SYNTH
2026-03-09 19:05:26.437Z,1.0463,37,SYNTH
2026-03-09 19:05:27.423Z,1.0440,25,SYNTH
2026-03-09 19:05:28.684Z,1.0440,19,SYNTH
2026-03-09 19:05:29.486Z,1.0440,19,SYNTH
2026-03-09 19:05:30.657Z,1.0435,37,SYNTH
2026-03-09 19:05:31.884Z,1.0411,30,SYNTH
2026-03-09 19:05:32.126Z,1.0408,20,SYNTH
2026-03-09 19:05:33.837Z,1.0398,18,SYNTH
2026-03-09 19:05:34.693Z,1.0396,24,SYNTH
2026-03-09 19:05:35.891Z,1.0389,39,SYNTH
2026-03-09 19:05:36.722Z,1.0420,22,SYNTH
2026-03-09 19:05:37.003Z,1.0403,104,SYNTH
2026-03-09 19:05:38.101Z,1.0396,107,SYNTH
2026-03-09 19:05:39.782Z,1.0411,87,SYNTH
2026-03-09 19:05:40.269Z,1.0419,86,SYNTH
2026-03-09 19:05:41.325Z,1.0421,31,SYNTH
2026-03-09 19:05:42.480Z,1.0413,44,SYNTH
2026-03-09 19:05:43.458Z,1.0413,26,SYNTH
2026-03-09 19:05:44.226Z,1.0429,20,SYNTH
2026-03-09 19:05:45.775Z,1.0420,62,SYNTH
2026-03-09 19:05:46.579Z,1.0410,45,SYNTH
2026-03-09 19:05:47.757Z,1.0419,55,SYNTH
2026-03-09 19:05:48.341Z,1.0421,36,SYNTH
2026-03-09 19:05:49.014Z,1.0399,50,SYNTH
2026-03-09 19:05:50.898Z,1.0398,29,SYNTH
2026-03-09 19:05:51.317Z,1.0391,34,SYNTH
2026-03-09 19:05:52.406Z,1.0414,55,SYNTH
2026-03-09 19:05:53.832Z,1.0396,34,SYNTH
2026-03-09 19:05:54.764Z,1.0402,38,SYNTH
2026-03-09 19:05:55.567Z,1.0402,40,SYNTH
2026-03-09 19:05:56.171Z,1.0387,48,SYNTH
2026-03-09 19:05:57.475Z,1.0412,35,SYNTH
2026-03-09 19:05:58.104Z,1.0419,59,SYNTH
2026-03-09 19:05:59.631Z,1.0390,61,SYNTH
2026-03-09 19:07:00.060Z,1.0415,32,SYNTH
2026-03-09 19:07:01.485Z,1.0391,32,SYNTH
2026-03-09 19:07:02.226Z,1.0404,15,SYNTH
2026-03-09 19:07:03.857Z,1.0405,33,SYNTH
2026-03-09 19:07:04.147Z,1.0383,17,SYNTH
2026-03-09 19:07:05.583Z,1.0414,23,SYNTH
2026-03-09 19:07:06.121Z,1.0415,14,SYNTH
2026-03-09 19:07:07.608Z,1.0381,19,SYNTH
2026-03-09 19:07:08.309Z,1.0394,29,SYNTH
2026-03-09 19:07:09.497Z,1.0418,15,SYNTH
2026-03-09 19:07:10.345Z,1.0395,21,SYNTH
2026-03-09 19:07:11.588Z,1.0402,49,SYNTH
2026-03-09 19:07:12.868Z,1.0412,48,SYNTH
2026-03-09 19:07:13.465Z,1.0392,55,SYNTH
2026-03-09 19:07:14.761Z,1.0395,25,SYNTH
2026-03-09 19:07:15.136Z,1.0415,16,SYNTH
2026-03-09 19:07:16.766Z,1.0407,33,SYNTH
2026-03-09 19:07:17.526Z,1.0381,21,SYNTH
2026-03-09 19:07:18.696Z,1.0403,47,SYNTH
2026-03-09 19:07:19.535Z,1.0407,46,SYNTH
2026-03-09 19:07:20.604Z,1.0398,11,SYNTH
2026-03-09 19:07:21.027Z,1.0413,22,SYNTH
2026-03-09 19:07:22.147Z,1.0384,21,SYNTH
2026-03-09 19:07:23.463Z,1.0397,20,SYNTH
2026-03-09 19:07:24.812Z,1.0417,18,SYNTH
2026-03-09 19:07:25.411Z,1.0384,13,SYNTH
2026-03-09 19:07:26.484Z,1.0422,15,SYNTH
2026-03-09 19:07:27.689Z,1.0383,23,SYNTH
2026-03-09 19:07:28.093Z,1.0418,14,SYNTH
2026-03-09 19:07:29.000Z,1.0389,21,SYNTH
2026-03-09 19:07:30.269Z,1.0408,15,SYNTH
2026-03-09 19:07:31.735Z,1.0387,23,SYNTH
2026-03-09 19:07:32.866Z,1.0401,15,SYNTH
2026-03-09 19:07:33.153Z,1.0411,15,SYNTH
2026-03-09 19:07:34.527Z,1.0419,18,SYNTH
2026-03-09 19:07:35.214Z,1.0393,13,SYNTH
2026-03-09 19:07:36.238Z,1.0418,10,SYNTH
2026-03-09 19:07:37.436Z,1.0403,42,SYNTH
2026-03-09 19:07:38.824Z,1.0384,30,SYNTH
2026-03-09 19:07:39.339Z,1.0412,53,SYNTH
2026-03-09 19:07:40.723Z,1.0421,56,SYNTH
2026-03-09 19:07:41.122Z,1.0380,12,SYNTH
2026-03-09 19:07:42.615Z,1.0404,15,SYNTH
2026-03-09 19:07:43.839Z,1.0410,14,SYNTH
2026-03-09 19:07:44.457Z,1.0390,20,SYNTH
2026-03-09 19:07:45.524Z,1.0411,27,SYNTH
2026-03-09 19:07:46.351Z,1.0399,18,SYNTH
2026-03-09 19:07:47.897Z,1.0394,43,SYNTH
2026-03-09 19:07:48.097Z,1.0408,25,SYNTH
2026-03-09 19:07:49.379Z,1.0385,12,SYNTH
2026-03-09 19:07:50.325Z,1.0405,23,SYNTH
2026-03-09 19:07:51.501Z,1.0387,27,SYNTH
2026-03-09 19:07:52.490Z,1.0415,20,SYNTH
2026-03-09 19:07:53.168Z,1.0385,15,SYNTH
2026-03-09 19:07:54.598Z,1.0388,29,SYNTH
2026-03-09 19:07:55.207Z,1.0381,33,SYNTH
2026-03-09 19:07:56.677Z,1.0404,15,SYNTH
2026-03-09 19:07:57.673Z,1.0387,21,SYNTH
2026-03-09 19:07:58.652Z,1.0383,22,SYNTH
2026-03-09 19:07:59.027Z,1.0406,36,SYNTH
2026-03-09 19:09:00.372Z,1.0516,54,SYNTH
2026-03-09 19:09:01.534Z,1.0502,32,SYNTH
2026-03-09 19:09:02.438Z,1.0497,29,SYNTH
2026-03-09 19:09:03.307Z,1.0497,26,SYNTH
2026-03-09 19:09:04.109Z,1.0486,21,SYNTH
2026-03-09 19:09:05.320Z,1.0509,38,SYNTH
2026-03-09 19:09:06.125Z,1.0512,21,SYNTH
2026-03-09 19:09:07.181Z,1.0521,35,SYNTH
2026-03-09 19:09:08.768Z,1.0498,41,SYNTH
2026-03-09 19:09:09.198Z,1.0480,36,SYNTH
2026-03-09 19:09:10.404Z,1.0497,34,SYNTH
2026-03-09 19:09:11.013Z,1.0510,86,SYNTH
2026-03-09 19:09:12.641Z,1.0518,62,SYNTH
2026-03-09 19:09:13.561Z,1.0513,57,SYNTH
2026-03-09 19:09:14.299Z,1.0502,20,SYNTH
2026-03-09 19:09:15.830Z,1.0483,20,SYNTH
2026-03-09 19:09:16.138Z,1.0501,49,SYNTH
2026-03-09 19:09:17.015Z,1.0513,64,SYNTH
2026-03-09 19:09:18.295Z,1.0483,44,SYNTH
2026-03-09 19:09:19.695Z,1.0506,33,SYNTH
2026-03-09 19:09:20.678Z,1.0493,25,SYNTH
2026-03-09 19:09:21.675Z,1.0501,27,SYNTH
2026-03-09 19:09:22.084Z,1.0506,21,SYNTH
2026-03-09 19:09:23.493Z,1.0495,23,SYNTH
2026-03-09 19:09:24.657Z,1.0507,29,SYNTH
2026-03-09 19:09:25.333Z,1.0483,33,SYNTH
2026-03-09 19:09:26.029Z,1.0507,19,SYNTH
2026-03-09 19:09:27.689Z,1.0507,33,SYNTH
2026-03-09 19:09:28.157Z,1.0510,23,SYNTH
2026-03-09 19:09:29.118Z,1.0493,22,SYNTH
2026-03-09 19:09:30.637Z,1.0489,31,SYNTH
2026-03-09 19:09:31.878Z,1.0507,15,SYNTH
2026-03-09 19:09:32.239Z,1.0502,28,SYNTH
2026-03-09 19:09:33.735Z,1.0488,29,SYNTH
2026-03-09 19:09:34.156Z,1.0516,33,SYNTH
2026-03-09 19:09:35.806Z,1.0482,17,SYNTH
2026-03-09 19:09:36.225Z,1.0511,29,SYNTH
2026-03-09 19:09:37.216Z,1.0489,76,SYNTH
2026-03-09 19:09:38.623Z,1.0502,68,SYNTH
2026-03-09 19:09:39.412Z,1.0514,89,SYNTH
2026-03-09 19:09:40.777Z,1.0491,57,SYNTH
2026-03-09 19:09:41.308Z,1.0516,18,SYNTH
2026-03-09 19:09:42.254Z,1.0485,31,SYNTH
2026-03-09 19:09:43.159Z,1.0497,25,SYNTH
2026-03-09 19:09:44.383Z,1.0518,29,SYNTH
2026-03-09 19:09:45.178Z,1.0484,55,SYNTH
2026-03-09 19:09:46.419Z,1.0507,54,SYNTH
2026-03-09 19:09:47.022Z,1.0484,56,SYNTH
2026-03-09 19:09:48.078Z,1.0482,33,SYNTH
2026-03-09 19:09:49.445Z,1.0517,27,SYNTH
2026-03-09 19:09:50.013Z,1.0504,44,SYNTH
2026-03-09 19:09:51.568Z,1.0485,32,SYNTH
2026-03-09 19:09:52.572Z,1.0501,24,SYNTH
2026-03-09 19:09:53.271Z,1.0504,40,SYNTH
2026-03-09 19:09:54.100Z,1.0494,32,SYNTH
2026-03-09 19:09:55.442Z,1.0507,31,SYNTH
2026-03-09 19:09:56.598Z,1.0483,21,SYNTH
2026-03-09 19:09:57.439Z,1.0514,47,SYNTH
2026-03-09 19:09:58.248Z,1.0513,36,SYNTH
2026-03-09 19:09:59.446Z,1.0498,25,SYNTH
2026-03-09 19:10:00.411Z,1.0608,19,SYNTH
2026-03-09 19:10:01.706Z,1.0617,36,SYNTH
2026-03-09 19:10:02.134Z,1.0595,18,SYNTH
2026-03-09 19:10:03.469Z,1.0594,32,SYNTH
2026-03-09 19:10:04.272Z,1.0620,40,SYNTH
2026-03-09 19:10:05.352Z,1.0581,29,SYNTH
2026-03-09 19:10:06.144Z,1.0612,27,SYNTH
2026-03-09 19:10:07.073Z,1.0592,25,SYNTH
2026-03-09 19:10:08.761Z,1.0594,35,SYNTH
2026-03-09 19:10:09.867Z,1.0617,18,SYNTH
2026-03-09 19:10:10.349Z,1.0612,33,SYNTH
2026-03-09 19:10:11.732Z,1.0578,41,SYNTH
2026-03-09 19:10:12.591Z,1.0613,41,SYNTH
2026-03-09 19:10:13.381Z,1.0613,45,SYNTH
2026-03-09 19:10:14.159Z,1.0619,32,SYNTH
2026-03-09 19:10:15.083Z,1.0600,23,SYNTH
2026-03-09 19:10:16.366Z,1.0617,40,SYNTH
2026-03-09 19:10:17.416Z,1.0595,43,SYNTH
2026-03-09 19:10:18.099Z,1.0596,42,SYNTH
2026-03-09 19:10:19.834Z,1.0609,40,SYNTH
2026-03-09 19:10:20.056Z,1.0618,21,SYNTH
2026-03-09 19:10:21.570Z,1.0612,17,SYNTH
2026-03-09 19:10:22.284Z,1.0614,23,SYNTH
2026-03-09 19:10:23.759Z,1.0581,18,SYNTH
2026-03-09 19:10:24.266Z,1.0613,21,SYNTH
2026-03-09 19:10:25.571Z,1.0601,13,SYNTH
2026-03-09 19:10:26.398Z,1.0596,13,SYNTH
2026-03-09 19:10:27.445Z,1.0601,23,SYNTH
2026-03-09 19:10:28.159Z,1.0608,24,SYNTH
2026-03-09 19:10:29.754Z,1.0602,21,SYNTH
2026-03-09 19:10:30.754Z,1.0579,24,SYNTH
2026-03-09 19:10:31.584Z,1.0605,13,SYNTH
2026-03-09 19:10:32.081Z,1.0581,13,SYNTH
2026-03-09 19:10:33.702Z,1.0581,20,SYNTH
2026-03-09 19:10:34.166Z,1.0621,27,SYNTH
2026-03-09 19:10:35.250Z,1.0615,15,SYNTH
2026-03-09 19:10:36.746Z,1.0583,18,SYNTH
2026-03-09 19:10:37.249Z,1.0606,65,SYNTH
2026-03-09 19:10:38.815Z,1.0581,39,SYNTH
2026-03-09 19:10:39.351Z,1.0614,72,SYNTH
2026-03-09 19:10:40.678Z,1.0620,69,SYNTH
2026-03-09 19:10:41.823Z,1.0596,30,SYNTH
2026-03-09 19:10:42.247Z,1.0607,30,SYNTH
2026-03-09 19:10:43.288Z,1.0593,19,SYNTH
2026-03-09 19:10:44.708Z,1.0604,19,SYNTH
2026-03-09 19:10:45.189Z,1.0591,45,SYNTH
2026-03-09 19:10:46.709Z,1.0618,44,SYNTH
2026-03-09 19:10:47.047Z,1.0606,35,SYNTH
2026-03-09 19:10:48.282Z,1.0600,32,SYNTH
2026-03-09 19:10:49.342Z,1.0593,34,SYNTH
2026-03-09 19:10:50.721Z,1.0593,29,SYNTH
2026-03-09 19:10:51.444Z,1.0615,23,SYNTH
2026-03-09 19:10:52.897Z,1.0601,37,SYNTH
2026-03-09 19:10:53.383Z,1.0607,38,SYNTH
2026-03-09 19:10:54.708Z,1.0589,27,SYNTH
2026-03-09 19:10:55.037Z,1.0595,34,SYNTH
2026-03-09 19:10:56.741Z,1.0593,18,SYNTH
2026-03-09 19:10:57.280Z,1.0609,34,SYNTH
2026-03-09 19:10:58.591Z,1.0584,18,SYNTH
2026-03-09 19:10:59.381Z,1.0611,41,SYNTH
2026-03-09 19:20:00.871Z,1.0501,1,SYNTH
2026-03-09 19:20:01.856Z,1.0509,1,SYNTH
2026-03-09 19:20:02.898Z,1.0518,1,SYNTH
2026-03-09 19:20:03.427Z,1.0488,1,SYNTH
2026-03-09 19:20:04.678Z,1.0483,1,SYNTH
2026-03-09 19:20:05.686Z,1.0515,1,SYNTH
2026-03-09 19:20:06.627Z,1.0505,1,SYNTH
2026-03-09 19:20:07.485Z,1.0491,1,SYNTH
2026-03-09 19:20:08.500Z,1.0510,1,SYNTH
2026-03-09 19:20:09.265Z,1.0521,1,SYNTH
2026-03-09 19:20:10.321Z,1.0481,1,SYNTH
2026-03-09 19:20:11.084Z,1.0483,2,SYNTH
2026-03-09 19:20:12.483Z,1.0517,2,SYNTH
2026-03-09 19:20:13.030Z,1.0487,2,SYNTH
2026-03-09 19:20:14.344Z,1.0519,1,SYNTH
2026-03-09 19:20:15.012Z,1.0499,1,SYNTH
2026-03-09 19:20:16.881Z,1.0484,1,SYNTH
2026-03-09 19:20:17.216Z,1.0501,2,SYNTH
2026-03-09 19:20:18.355Z,1.0521,1,SYNTH
2026-03-09 19:20:19.780Z,1.0487,1,SYNTH
2026-03-09 19:20:20.532Z,1.0510,1,SYNTH
2026-03-09 19:20:21.259Z,1.0498,1,SYNTH
2026-03-09 19:20:22.394Z,1.0507,1,SYNTH
2026-03-09 19:20:23.376Z,1.0488,1,SYNTH
2026-03-09 19:20:24.042Z,1.0518,1,SYNTH
2026-03-09 19:20:25.761Z,1.0480,1,SYNTH
2026-03-09 19:20:26.142Z,1.0485,1,SYNTH
2026-03-09 19:20:27.632Z,1.0498,1,SYNTH
2026-03-09 19:20:28.149Z,1.0511,1,SYNTH
2026-03-09 19:20:29.287Z,1.0489,1,SYNTH
2026-03-09 19:20:30.801Z,1.0509,1,SYNTH
2026-03-09 19:20:31.795Z,1.0515,1,SYNTH
2026-03-09 19:20:32.828Z,1.0495,1,SYNTH
2026-03-09 19:20:33.758Z,1.0512,1,SYNTH
2026-03-09 19:20:34.472Z,1.0507,1,SYNTH
2026-03-09 19:20:35.034Z,1.0512,1,SYNTH
2026-03-09 19:20:36.150Z,1.0504,1,SYNTH
2026-03-09 19:20:37.044Z,1.0490,1,SYNTH
2026-03-09 19:20:38.147Z,1.0480,2,SYNTH
2026-03-09 19:20:39.760Z,1.0517,1,SYNTH
2026-03-09 19:20:40.856Z,1.0480,2,SYNTH
2026-03-09 19:20:41.652Z,1.0509,1,SYNTH
2026-03-09 19:20:42.598Z,1.0492,1,SYNTH
2026-03-09 19:20:43.864Z,1.0517,1,SYNTH
2026-03-09 19:20:44.395Z,1.0511,1,SYNTH
2026-03-09 19:20:45.721Z,1.0512,1,SYNTH
2026-03-09 19:20:46.886Z,1.0490,1,SYNTH
2026-03-09 19:20:47.065Z,1.0508,1,SYNTH
2026-03-09 19:20:48.101Z,1.0518,1,SYNTH
2026-03-09 19:20:49.531Z,1.0481,1,SYNTH
2026-03-09 19:20:50.845Z,1.0507,1,SYNTH
2026-03-09 19:20:51.389Z,1.0483,1,SYNTH
2026-03-09 19:20:52.321Z,1.0509,1,SYNTH
2026-03-09 19:20:53.419Z,1.0490,1,SYNTH
2026-03-09 19:20:54.427Z,1.0516,1,SYNTH
2026-03-09 19:20:55.326Z,1.0519,1,SYNTH
2026-03-09 19:20:56.694Z,1.0513,1,SYNTH
2026-03-09 19:20:57.383Z,1.0485,1,SYNTH
2026-03-09 19:20:58.596Z,1.0502,1,SYNTH
2026-03-09 19:20:59.441Z,1.0487,1,SYNTH
2026-03-09 19:23:00.128Z,1.0605,69,SYNTH
2026-03-09 19:23:01.449Z,1.0603,38,SYNTH
2026-03-09 19:23:02.490Z,1.0599,30,SYNTH
2026-03-09 19:23:03.176Z,1.0620,39,SYNTH
2026-03-09 19:23:04.307Z,1.0590,39,SYNTH
2026-03-09 19:23:05.533Z,1.0619,27,SYNTH
2026-03-09 19:23:06.167Z,1.0598,49,SYNTH
2026-03-09 19:23:07.732Z,1.0608,51,SYNTH
2026-03-09 19:23:08.522Z,1.0581,52,SYNTH
2026-03-09 19:23:09.056Z,1.0604,37,SYNTH
2026-03-09 19:23:10.601Z,1.0607,51,SYNTH
2026-03-09 19:23:11.284Z,1.0613,105,SYNTH
2026-03-09 19:23:12.775Z,1.0618,131,SYNTH
2026-03-09 19:23:13.032Z,1.0581,73,SYNTH
2026-03-09 19:23:14.832Z,1.0608,27,SYNTH
2026-03-09 19:23:15.637Z,1.0610,49,SYNTH
2026-03-09 19:23:16.403Z,1.0583,73,SYNTH
2026-03-09 19:23:17.075Z,1.0613,57,SYNTH
2026-03-09 19:23:18.596Z,1.0610,81,SYNTH
2026-03-09 19:23:19.256Z,1.0582,36,SYNTH
2026-03-09 19:23:20.319Z,1.0587,23,SYNTH
2026-03-09 19:23:21.146Z,1.0615,21,SYNTH
2026-03-09 19:23:22.023Z,1.0606,26,SYNTH
2026-03-09 19:23:23.071Z,1.0593,23,SYNTH
2026-03-09 19:23:24.033Z,1.0610,21,SYNTH
2026-03-09 19:23:25.779Z,1.0603,34,SYNTH
2026-03-09 19:23:26.778Z,1.0603,42,SYNTH
2026-03-09 19:23:27.415Z,1.0578,27,SYNTH
2026-03-09 19:23:28.601Z,1.0613,20,SYNTH
2026-03-09 19:23:29.503Z,1.0609,34,SYNTH
2026-03-09 19:23:30.379Z,1.0602,22,SYNTH
2026-03-09 19:23:31.665Z,1.0588,27,SYNTH
2026-03-09 19:23:32.582Z,1.0617,19,SYNTH
2026-03-09 19:23:33.495Z,1.0616,26,SYNTH
2026-03-09 19:23:34.147Z,1.0582,37,SYNTH
2026-03-09 19:23:35.375Z,1.0595,22,SYNTH
2026-03-09 19:23:36.564Z,1.0590,29,SYNTH
2026-03-09 19:23:37.183Z,1.0609,87,SYNTH
2026-03-09 19:23:38.677Z,1.0609,46,SYNTH
2026-03-09 19:23:39.386Z,1.0601,48,SYNTH
2026-03-09 19:23:40.223Z,1.0583,57,SYNTH
2026-03-09 19:23:41.196Z,1.0612,46,SYNTH
2026-03-09 19:23:42.251Z,1.0619,45,SYNTH
2026-03-09 19:23:43.748Z,1.0591,33,SYNTH
2026-03-09 19:23:44.310Z,1.0578,43,SYNTH
2026-03-09 19:23:45.626Z,1.0616,38,SYNTH
2026-03-09 19:23:46.414Z,1.0593,45,SYNTH
2026-03-09 19:23:47.776Z,1.0610,36,SYNTH
2026-03-09 19:23:48.411Z,1.0603,28,SYNTH
2026-03-09 19:23:49.111Z,1.0592,42,SYNTH
2026-03-09 19:23:50.075Z,1.0615,28,SYNTH
2026-03-09 19:23:51.236Z,1.0589,43,SYNTH
2026-03-09 19:23:52.293Z,1.0602,49,SYNTH
2026-03-09 19:23:53.099Z,1.0620,51,SYNTH
2026-03-09 19:23:54.442Z,1.0603,42,SYNTH
2026-03-09 19:23:55.781Z,1.0620,58,SYNTH
2026-03-09 19:23:56.723Z,1.0589,63,SYNTH
2026-03-09 19:23:57.709Z,1.0608,63,SYNTH
2026-03-09 19:23:58.203Z,1.0604,36,SYNTH
2026-03-09 19:23:59.749Z,1.0599,58,SYNTH
2026-03-09 19:31:00.735Z,1.0605,6,SYNTH
2026-03-09 19:31:01.015Z,1.0614,4,SYNTH
2026-03-09 19:31:02.367Z,1.0590,6,SYNTH
2026-03-09 19:31:03.267Z,1.0611,5,SYNTH
2026-03-09 19:31:04.273Z,1.0614,5,SYNTH
2026-03-09 19:31:05.521Z,1.0588,6,SYNTH
2026-03-09 19:31:06.661Z,1.0609,6,SYNTH
2026-03-09 19:31:07.723Z,1.0615,3,SYNTH
2026-03-09 19:31:08.649Z,1.0585,3,SYNTH
2026-03-09 19:31:09.083Z,1.0612,3,SYNTH
2026-03-09 19:31:10.571Z,1.0616,4,SYNTH
2026-03-09 19:31:11.482Z,1.0615,11,SYNTH
2026-03-09 19:31:12.306Z,1.0618,7,SYNTH
2026-03-09 19:31:13.618Z,1.0595,7,SYNTH
2026-03-09 19:31:14.437Z,1.0618,4,SYNTH
2026-03-09 19:31:15.316Z,1.0614,2,SYNTH
2026-03-09 19:31:16.464Z,1.0594,6,SYNTH
2026-03-09 19:31:17.204Z,1.0616,8,SYNTH
2026-03-09 19:31:18.197Z,1.0584,8,SYNTH
2026-03-09 19:31:19.104Z,1.0615,9,SYNTH
2026-03-09 19:31:20.436Z,1.0583,3,SYNTH
2026-03-09 19:31:21.666Z,1.0608,4,SYNTH
2026-03-09 19:31:22.865Z,1.0604,5,SYNTH
2026-03-09 19:31:23.726Z,1.0613,5,SYNTH
2026-03-09 19:31:24.552Z,1.0590,3,SYNTH
2026-03-09 19:31:25.611Z,1.0615,3,SYNTH
2026-03-09 19:31:26.544Z,1.0603,5,SYNTH
2026-03-09 19:31:27.387Z,1.0580,3,SYNTH
2026-03-09 19:31:28.599Z,1.0620,4,SYNTH
2026-03-09 19:31:29.475Z,1.0592,4,SYNTH
2026-03-09 19:31:30.409Z,1.0621,5,SYNTH
2026-03-09 19:31:31.557Z,1.0612,3,SYNTH
2026-03-09 19:31:32.268Z,1.0597,3,SYNTH
2026-03-09 19:31:33.471Z,1.0616,5,SYNTH
2026-03-09 19:31:34.314Z,1.0597,3,SYNTH
2026-03-09 19:31:35.565Z,1.0599,2,SYNTH
2026-03-09 19:31:36.899Z,1.0608,4,SYNTH
2026-03-09 19:31:37.656Z,1.0590,9,SYNTH
2026-03-09 19:31:38.643Z,1.0593,8,SYNTH
2026-03-09 19:31:39.770Z,1.0610,7,SYNTH
2026-03-09 19:31:40.516Z,1.0583,7,SYNTH
2026-03-09 19:31:41.067Z,1.0607,5,SYNTH
2026-03-09 19:31:42.757Z,1.0588,4,SYNTH
2026-03-09 19:31:43.090Z,1.0604,3,SYNTH
2026-03-09 19:31:44.406Z,1.0578,4,SYNTH
2026-03-09 19:31:45.694Z,1.0601,7,SYNTH
2026-03-09 19:31:46.454Z,1.0588,4,SYNTH
2026-03-09 19:31:47.157Z,1.0607,7,SYNTH
2026-03-09 19:31:48.509Z,1.0592,4,SYNTH
2026-03-09 19:31:49.156Z,1.0590,5,SYNTH
2026-03-09 19:31:50.680Z,1.0618,2,SYNTH
2026-03-09 19:31:51.733Z,1.0607,4,SYNTH
2026-03-09 19:31:52.813Z,1.0619,5,SYNTH
2026-03-09 19:31:53.261Z,1.0585,3,SYNTH
2026-03-09 19:31:54.030Z,1.0611,7,SYNTH
2026-03-09 19:31:55.024Z,1.0597,6,SYNTH
2026-03-09 19:31:56.702Z,1.0585,4,SYNTH
2026-03-09 19:31:57.501Z,1.0613,7,SYNTH
2026-03-09 19:31:58.841Z,1.0610,4,SYNTH
2026-03-09 19:31:59.404Z,1.0587,3,SYNTH
2026-03-09 19:35:00.068Z,1.0613,9,SYNTH
2026-03-09 19:35:01.187Z,1.0615,10,SYNTH
2026-03-09 19:35:02.156Z,1.0588,9,SYNTH
2026-03-09 19:35:03.732Z,1.0579,9,SYNTH
2026-03-09 19:35:04.176Z,1.0608,11,SYNTH
2026-03-09 19:35:05.087Z,1.0614,10,SYNTH
2026-03-09 19:35:06.072Z,1.0605,5,SYNTH
2026-03-09 19:35:07.742Z,1.0610,5,SYNTH
2026-03-09 19:35:08.891Z,1.0597,8,SYNTH
2026-03-09 19:35:09.540Z,1.0595,5,SYNTH
2026-03-09 19:35:10.382Z,1.0617,8,SYNTH
2026-03-09 19:35:11.138Z,1.0611,23,SYNTH
2026-03-09 19:35:12.422Z,1.0612,10,SYNTH
2026-03-09 19:35:13.324Z,1.0612,10,SYNTH
2026-03-09 19:35:14.724Z,1.0580,7,SYNTH
2026-03-09 19:35:15.847Z,1.0616,7,SYNTH
2026-03-09 19:35:16.176Z,1.0584,14,SYNTH
2026-03-09 19:35:17.066Z,1.0599,6,SYNTH
2026-03-09 19:35:18.665Z,1.0619,10,SYNTH
2026-03-09 19:35:19.211Z,1.0588,15,SYNTH
2026-03-09 19:35:20.091Z,1.0620,4,SYNTH
2026-03-09 19:35:21.306Z,1.0620,6,SYNTH
2026-03-09 19:35:22.749Z,1.0586,7,SYNTH
2026-03-09 19:35:23.319Z,1.0609,8,SYNTH
2026-03-09 19:35:24.767Z,1.0617,4,SYNTH
2026-03-09 19:35:25.167Z,1.0597,8,SYNTH
2026-03-09 19:35:26.134Z,1.0617,7,SYNTH
2026-03-09 19:35:27.382Z,1.0597,4,SYNTH
2026-03-09 19:35:28.552Z,1.0603,7,SYNTH
2026-03-09 19:35:29.362Z,1.0590,5,SYNTH
2026-03-09 19:35:30.562Z,1.0613,6,SYNTH
2026-03-09 19:35:31.074Z,1.0617,6,SYNTH
2026-03-09 19:35:32.075Z,1.0595,7,SYNTH
2026-03-09 19:35:33.543Z,1.0619,6,SYNTH
2026-03-09 19:35:34.792Z,1.0596,7,SYNTH
2026-03-09 19:35:35.640Z,1.0585,8,SYNTH
2026-03-09 19:35:36.766Z,1.0605,5,SYNTH
2026-03-09 19:35:37.542Z,1.0592,13,SYNTH
2026-03-09 19:35:38.159Z,1.0616,14,SYNTH
2026-03-09 19:35:39.848Z,1.0610,11,SYNTH
2026-03-09 19:35:40.375Z,1.0615,16,SYNTH
2026-03-09 19:35:41.470Z,1.0595,5,SYNTH
2026-03-09 19:35:42.158Z,1.0596,8,SYNTH
2026-03-09 19:35:43.650Z,1.0602,9,SYNTH
2026-03-09 19:35:44.227Z,1.0593,7,SYNTH
2026-03-09 19:35:45.063Z,1.0619,6,SYNTH
2026-03-09 19:35:46.843Z,1.0599,12,SYNTH
2026-03-09 19:35:47.112Z,1.0614,13,SYNTH
2026-03-09 19:35:48.045Z,1.0587,7,SYNTH
2026-03-09 19:35:49.657Z,1.0602,10,SYNTH
2026-03-09 19:35:50.609Z,1.0608,4,SYNTH
2026-03-09 19:35:51.770Z,1.0594,7,SYNTH
2026-03-09 19:35:52.066Z,1.0621,9,SYNTH
2026-03-09 19:35:53.758Z,1.0594,8,SYNTH
2026-03-09 19:35:54.049Z,1.0603,8,SYNTH
2026-03-09 19:35:55.474Z,1.0603,5,SYNTH
2026-03-09 19:35:56.113Z,1.0585,11,SYNTH
2026-03-09 19:35:57.101Z,1.0580,9,SYNTH
2026-03-09 19:35:58.822Z,1.0612,9,SYNTH
2026-03-09 19:35:59.022Z,1.0613,5,SYNTH
2026-03-09 19:38:00.006Z,1.0607,46,SYNTH
2026-03-09 19:38:01.278Z,1.0602,51,SYNTH
2026-03-09 19:38:02.233Z,1.0585,51,SYNTH
2026-03-09 19:38:03.605Z,1.0608,46,SYNTH
2026-03-09 19:38:04.295Z,1.0601,55,SYNTH
2026-03-09 19:38:05.430Z,1.0613,42,SYNTH
2026-03-09 19:38:06.718Z,1.0619,44,SYNTH
2026-03-09 19:38:07.721Z,1.0608,43,SYNTH
2026-03-09 19:38:08.600Z,1.0595,27,SYNTH
2026-03-09 19:38:09.153Z,1.0606,44,SYNTH
2026-03-09 19:38:10.653Z,1.0580,46,SYNTH
2026-03-09 19:38:11.027Z,1.0619,52,SYNTH
2026-03-09 19:38:12.245Z,1.0585,69,SYNTH
2026-03-09 19:38:13.073Z,1.0613,65,SYNTH
2026-03-09 19:38:14.187Z,1.0594,32,SYNTH
2026-03-09 19:38:15.327Z,1.0594,35,SYNTH
2026-03-09 19:38:16.353Z,1.0619,77,SYNTH
2026-03-09 19:38:17.899Z,1.0619,74,SYNTH
2026-03-09 19:38:18.194Z,1.0581,33,SYNTH
2026-03-09 19:38:19.483Z,1.0613,46,SYNTH
2026-03-09 19:38:20.799Z,1.0621,31,SYNTH
2026-03-09 19:38:21.782Z,1.0594,22,SYNTH
2026-03-09 19:38:22.293Z,1.0612,18,SYNTH
2026-03-09 19:38:23.545Z,1.0585,30,SYNTH
2026-03-09 19:38:24.109Z,1.0584,33,SYNTH
2026-03-09 19:38:25.789Z,1.0603,28,SYNTH
2026-03-09 19:38:26.372Z,1.0617,30,SYNTH
2026-03-09 19:38:27.477Z,1.0618,28,SYNTH
2026-03-09 19:38:28.194Z,1.0608,22,SYNTH
2026-03-09 19:38:29.299Z,1.0611,24,SYNTH
2026-03-09 19:38:30.145Z,1.0613,26,SYNTH
2026-03-09 19:38:31.894Z,1.0582,29,SYNTH
2026-03-09 19:38:32.847Z,1.0608,27,SYNTH
2026-03-09 19:38:33.130Z,1.0621,18,SYNTH
2026-03-09 19:38:34.027Z,1.0582,38,SYNTH
2026-03-09 19:38:35.635Z,1.0579,27,SYNTH
2026-03-09 19:38:36.058Z,1.0580,25,SYNTH
2026-03-09 19:38:37.429Z,1.0621,90,SYNTH
2026-03-09 19:38:38.323Z,1.0581,45,SYNTH
2026-03-09 19:38:39.440Z,1.0608,97,SYNTH
2026-03-09 19:38:40.458Z,1.0586,104,SYNTH
2026-03-09 19:38:41.371Z,1.0614,40,SYNTH
2026-03-09 19:38:42.740Z,1.0601,33,SYNTH
2026-03-09 19:38:43.872Z,1.0620,23,SYNTH
2026-03-09 19:38:44.539Z,1.0592,34,SYNTH
2026-03-09 19:38:45.103Z,1.0612,37,SYNTH
2026-03-09 19:38:46.158Z,1.0590,36,SYNTH
2026-03-09 19:38:47.694Z,1.0616,55,SYNTH
2026-03-09 19:38:48.490Z,1.0606,46,SYNTH
2026-03-09 19:38:49.074Z,1.0582,48,SYNTH
2026-03-09 19:38:50.320Z,1.0595,30,SYNTH
2026-03-09 19:38:51.312Z,1.0605,50,SYNTH
2026-03-09 19:38:52.451Z,1.0614,38,SYNTH
2026-03-09 19:38:53.875Z,1.0586,23,SYNTH
2026-03-09 19:38:54.854Z,1.0606,51,SYNTH
2026-03-09 19:38:55.714Z,1.0589,34,SYNTH
2026-03-09 19:38:56.854Z,1.0606,46,SYNTH
2026-03-09 19:38:57.261Z,1.0583,31,SYNTH
2026-03-09 19:38:58.430Z,1.0583,59,SYNTH
2026-03-09 19:38:59.653Z,1.0604,41,SYNTH
2026-03-09 19:45:00.608Z,1.0618,6,SYNTH
2026-03-09 19:45:01.140Z,1.0619,12,SYNTH
2026-03-09 19:45:02.016Z,1.0584,6,SYNTH
2026-03-09 19:45:03.843Z,1.0611,6,SYNTH
2026-03-09 19:45:04.561Z,1.0584,12,SYNTH
2026-03-09 19:45:05.496Z,1.0605,8,SYNTH
2026-03-09 19:45:06.262Z,1.0580,5,SYNTH
2026-03-09 19:45:07.740Z,1.0605,7,SYNTH
2026-03-09 19:45:08.573Z,1.0595,9,SYNTH
2026-03-09 19:45:09.305Z,1.0580,10,SYNTH
2026-03-09 19:45:10.244Z,1.0617,8,SYNTH
2026-03-09 19:45:11.259Z,1.0605,24,SYNTH
2026-03-09 19:45:12.256Z,1.0613,13,SYNTH
2026-03-09 19:45:13.293Z,1.0610,22,SYNTH
2026-03-09 19:45:14.689Z,1.0599,8,SYNTH
2026-03-09 19:45:15.723Z,1.0597,8,SYNTH
2026-03-09 19:45:16.857Z,1.0620,12,SYNTH
2026-03-09 19:45:17.858Z,1.0594,11,SYNTH
2026-03-09 19:45:18.515Z,1.0594,15,SYNTH
2026-03-09 19:45:19.204Z,1.0607,7,SYNTH
2026-03-09 19:45:20.614Z,1.0606,9,SYNTH
2026-03-09 19:45:21.260Z,1.0581,8,SYNTH
2026-03-09 19:45:22.740Z,1.0609,6,SYNTH
2026-03-09 19:45:23.724Z,1.0617,4,SYNTH
2026-03-09 19:45:24.691Z,1.0620,7,SYNTH
2026-03-09 19:45:25.593Z,1.0593,5,SYNTH
2026-03-09 19:45:26.550Z,1.0605,7,SYNTH
2026-03-09 19:45:27.176Z,1.0614,4,SYNTH
2026-03-09 19:45:28.165Z,1.0620,6,SYNTH
2026-03-09 19:45:29.415Z,1.0580,6,SYNTH
2026-03-09 19:45:30.589Z,1.0592,9,SYNTH
2026-03-09 19:45:31.324Z,1.0614,5,SYNTH
2026-03-09 19:45:32.336Z,1.0590,6,SYNTH
2026-03-09 19:45:33.145Z,1.0581,5,SYNTH
2026-03-09 19:45:34.589Z,1.0609,6,SYNTH
2026-03-09 19:45:35.543Z,1.0610,7,SYNTH
2026-03-09 19:45:36.594Z,1.0603,7,SYNTH
2026-03-09 19:45:37.798Z,1.0620,18,SYNTH
2026-03-09 19:45:38.252Z,1.0584,17,SYNTH
2026-03-09 19:45:39.753Z,1.0614,19,SYNTH
2026-03-09 19:45:40.578Z,1.0607,20,SYNTH
2026-03-09 19:45:41.232Z,1.0602,9,SYNTH
2026-03-09 19:45:42.438Z,1.0621,10,SYNTH
2026-03-09 19:45:43.575Z,1.0593,6,SYNTH
2026-03-09 19:45:44.146Z,1.0596,6,SYNTH
2026-03-09 19:45:45.465Z,1.0616,6,SYNTH
2026-03-09 19:45:46.826Z,1.0595,13,SYNTH
2026-03-09 19:45:47.234Z,1.0616,9,SYNTH
2026-03-09 19:45:48.705Z,1.0586,8,SYNTH
2026-03-09 19:45:49.327Z,1.0614,10,SYNTH
2026-03-09 19:45:50.122Z,1.0614,6,SYNTH
2026-03-09 19:45:51.895Z,1.0619,7,SYNTH
2026-03-09 19:45:52.246Z,1.0581,8,SYNTH
2026-03-09 19:45:53.815Z,1.0613,8,SYNTH
