TimestampUtc,Bid,Ask,BidSize,AskSize,SpreadBps
2026-04-21 13:32:00.447Z,2.7153,2.7247,140,100,34.6
2026-04-21 13:32:01.311Z,2.7142,2.7248,100,100,39.0
2026-04-21 13:32:02.398Z,2.7155,2.7249,107,100,34.6
2026-04-21 13:32:03.809Z,2.7138,2.7254,100,131,42.7
2026-04-21 13:32:04.569Z,2.7157,2.7255,106,100,36.0
2026-04-21 13:32:05.098Z,2.7139,2.7259,100,100,44.1
2026-04-21 13:32:06.228Z,2.7155,2.7251,101,100,35.3
2026-04-21 13:32:07.378Z,2.7148,2.7264,124,100,42.6
2026-04-21 13:32:08.234Z,2.7148,2.7254,100,100,39.0
2026-04-21 13:32:09.838Z,2.7159,2.7245,100,100,31.6
2026-04-21 13:32:10.485Z,2.7151,2.7255,100,100,38.2
2026-04-21 13:32:11.666Z,2.7142,2.7254,144,233,41.2
2026-04-21 13:32:12.566Z,2.7145,2.7263,187,162,43.4
2026-04-21 13:32:13.535Z,2.7158,2.7240,102,216,30.1
2026-04-21 13:32:14.854Z,2.7148,2.7266,100,100,43.4
2026-04-21 13:32:15.293Z,2.7158,2.7250,100,100,33.8
2026-04-21 13:32:16.128Z,2.7155,2.7251,100,112,35.3
2026-04-21 13:32:17.746Z,2.7164,2.7246,190,100,30.1
2026-04-21 13:32:18.850Z,2.7141,2.7259,114,136,43.4
2026-04-21 13:32:19.391Z,2.7142,2.7256,105,109,41.9
2026-04-21 13:32:20.591Z,2.7147,2.7241,100,121,34.6
2026-04-21 13:32:21.683Z,2.7160,2.7252,100,100,33.8
2026-04-21 13:32:22.615Z,2.7138,2.7258,100,100,44.1
2026-04-21 13:32:23.455Z,2.7148,2.7240,100,100,33.8
2026-04-21 13:32:24.193Z,2.7153,2.7257,100,100,38.2
2026-04-21 13:32:25.853Z,2.7137,2.7257,100,100,44.1
2026-04-21 13:32:26.772Z,2.7142,2.7258,100,100,42.6
2026-04-21 13:32:27.129Z,2.7157,2.7247,100,100,33.1
2026-04-21 13:32:28.489Z,2.7154,2.7256,100,100,37.5
2026-04-21 13:32:29.332Z,2.7144,2.7252,100,127,39.7
2026-04-21 13:32:30.708Z,2.7140,2.7248,100,100,39.7
2026-04-21 13:32:31.603Z,2.7146,2.7244,100,100,36.0
2026-04-21 13:32:32.327Z,2.7142,2.7254,140,100,41.2
2026-04-21 13:32:33.111Z,2.7153,2.7253,100,100,36.8
2026-04-21 13:32:34.747Z,2.7151,2.7243,100,100,33.8
2026-04-21 13:32:35.249Z,2.7139,2.7255,100,100,42.7
2026-04-21 13:32:36.828Z,2.7142,2.7250,100,106,39.7
2026-04-21 13:32:37.539Z,2.7152,2.7238,100,116,31.6
2026-04-21 13:32:38.110Z,2.7153,2.7251,112,100,36.0
2026-04-21 13:32:39.499Z,2.7151,2.7243,100,288,33.8
2026-04-21 13:32:40.047Z,2.7158,2.7246,141,100,32.4
2026-04-21 13:32:41.615Z,2.7153,2.7245,100,100,33.8
2026-04-21 13:32:42.823Z,2.7138,2.7256,100,100,43.4
2026-04-21 13:32:43.336Z,2.7144,2.7242,100,100,36.0
2026-04-21 13:32:44.665Z,2.7148,2.7248,100,100,36.8
2026-04-21 13:32:45.066Z,2.7145,2.7261,112,100,42.6
2026-04-21 13:32:46.587Z,2.7141,2.7261,100,145,44.1
2026-04-21 13:32:47.291Z,2.7144,2.7244,107,144,36.8
2026-04-21 13:32:48.727Z,2.7150,2.7244,100,100,34.6
2026-04-21 13:32:49.078Z,2.7157,2.7239,112,100,30.1
2026-04-21 13:32:50.369Z,2.7142,2.7260,100,100,43.4
2026-04-21 13:32:51.031Z,2.7144,2.7254,100,100,40.4
2026-04-21 13:32:52.604Z,2.7138,2.7250,100,100,41.2
2026-04-21 13:32:53.887Z,2.7138,2.7254,100,100,42.7
2026-04-21 13:32:54.204Z,2.7146,2.7258,100,100,41.2
2026-04-21 13:32:55.494Z,2.7149,2.7251,100,100,37.5
2026-04-21 13:32:56.227Z,2.7150,2.7248,100,118,36.0
2026-04-21 13:32:57.368Z,2.7142,2.7260,100,100,43.4
2026-04-21 13:32:58.261Z,2.7163,2.7245,100,100,30.1
2026-04-21 13:32:59.797Z,2.7153,2.7247,100,100,34.6
2026-04-21 13:33:00.303Z,2.7309,2.7391,100,100,30.0
2026-04-21 13:33:01.405Z,2.7308,2.7396,100,100,32.2
2026-04-21 13:33:02.667Z,2.7308,2.7396,100,100,32.2
2026-04-21 13:33:03.789Z,2.7312,2.7402,100,100,32.9
2026-04-21 13:33:04.825Z,2.7298,2.7410,100,100,40.9
2026-04-21 13:33:05.432Z,2.7307,2.7399,100,100,33.6
2026-04-21 13:33:06.309Z,2.7289,2.7407,100,100,43.1
2026-04-21 13:33:07.409Z,2.7292,2.7408,100,100,42.4
2026-04-21 13:33:08.042Z,2.7310,2.7400,100,100,32.9
2026-04-21 13:33:09.194Z,2.7306,2.7398,100,100,33.6
2026-04-21 13:33:10.053Z,2.7304,2.7394,100,100,32.9
2026-04-21 13:33:11.384Z,2.7294,2.7394,100,136,36.6
2026-04-21 13:33:12.180Z,2.7297,2.7407,102,100,40.2
2026-04-21 13:33:13.084Z,2.7298,2.7392,100,141,34.4
2026-04-21 13:33:14.488Z,2.7309,2.7395,100,100,31.4
2026-04-21 13:33:15.764Z,2.7303,2.7405,100,100,37.3
2026-04-21 13:33:16.050Z,2.7297,2.7413,100,100,42.4
2026-04-21 13:33:17.036Z,2.7307,2.7405,100,100,35.8
2026-04-21 13:33:18.238Z,2.7306,2.7404,100,176,35.8
2026-04-21 13:33:19.873Z,2.7299,2.7387,100,100,32.2
2026-04-21 13:33:20.758Z,2.7277,2.7373,100,100,35.1
2026-04-21 13:33:21.040Z,2.7241,2.7345,100,100,38.1
2026-04-21 13:33:22.535Z,2.7192,2.7322,100,100,47.7
2026-04-21 13:33:23.366Z,2.7157,2.7275,100,100,43.4
2026-04-21 13:33:24.638Z,2.7105,2.7227,100,100,44.9
2026-04-21 13:33:25.285Z,2.7054,2.7162,100,100,39.8
2026-04-21 13:33:26.246Z,2.6989,2.7097,100,100,39.9
2026-04-21 13:33:27.577Z,2.6924,2.7060,100,100,50.4
2026-04-21 13:33:28.715Z,2.6865,2.6989,100,100,46.1
2026-04-21 13:33:29.726Z,2.6796,2.6938,100,100,52.9
2026-04-21 13:33:30.332Z,2.6733,2.6873,100,100,52.2
2026-04-21 13:33:31.385Z,2.6693,2.6803,100,100,41.1
2026-04-21 13:33:32.819Z,2.6629,2.6767,100,100,51.7
2026-04-21 13:33:33.815Z,2.6575,2.6713,100,100,51.8
2026-04-21 13:33:34.104Z,2.6543,2.6657,100,100,42.9
2026-04-21 13:33:35.398Z,2.6504,2.6618,100,100,42.9
2026-04-21 13:33:36.272Z,2.6476,2.6586,100,100,41.5
2026-04-21 13:33:37.682Z,2.6463,2.6565,100,134,38.5
2026-04-21 13:33:38.330Z,2.6445,2.6569,100,182,46.8
2026-04-21 13:33:39.703Z,2.6444,2.6548,100,100,39.3
2026-04-21 13:33:40.371Z,2.6460,2.6560,100,100,37.7
2026-04-21 13:33:41.576Z,2.6463,2.6563,100,100,37.7
2026-04-21 13:33:42.068Z,2.6480,2.6592,100,100,42.2
2026-04-21 13:33:43.260Z,2.6493,2.6593,100,100,37.7
2026-04-21 13:33:44.485Z,2.6514,2.6604,100,100,33.9
2026-04-21 13:33:45.858Z,2.6512,2.6628,101,100,43.7
2026-04-21 13:33:46.334Z,2.6513,2.6623,100,100,41.4
2026-04-21 13:33:47.368Z,2.6505,2.6615,100,100,41.4
2026-04-21 13:33:48.341Z,2.6516,2.6604,100,100,33.1
2026-04-21 13:33:49.467Z,2.6519,2.6603,100,100,31.6
2026-04-21 13:33:50.461Z,2.6508,2.6604,100,100,36.2
2026-04-21 13:33:51.478Z,2.6488,2.6592,100,100,39.2
2026-04-21 13:33:52.302Z,2.6497,2.6583,100,100,32.4
2026-04-21 13:33:53.337Z,2.6479,2.6571,100,100,34.7
2026-04-21 13:33:54.435Z,2.6465,2.6583,100,118,44.5
2026-04-21 13:33:55.607Z,2.6447,2.6573,100,100,47.5
2026-04-21 13:33:56.503Z,2.6460,2.6562,100,100,38.5
2026-04-21 13:33:57.166Z,2.6445,2.6565,100,103,45.3
2026-04-21 13:33:58.251Z,2.6442,2.6556,100,100,43.0
2026-04-21 13:33:59.782Z,2.6456,2.6544,100,100,33.2
2026-04-21 13:35:00.528Z,2.6443,2.6557,100,100,43.0
2026-04-21 13:35:01.351Z,2.6450,2.6554,100,100,39.2
2026-04-21 13:35:02.356Z,2.6448,2.6564,100,100,43.8
2026-04-21 13:35:03.801Z,2.6445,2.6555,100,100,41.5
2026-04-21 13:35:04.237Z,2.6452,2.6540,100,100,33.2
2026-04-21 13:35:05.732Z,2.6459,2.6543,100,100,31.7
2026-04-21 13:35:06.157Z,2.6449,2.6557,100,100,40.8
2026-04-21 13:35:07.100Z,2.6453,2.6539,100,100,32.5
2026-04-21 13:35:08.402Z,2.6449,2.6555,100,100,40.0
2026-04-21 13:35:09.722Z,2.6459,2.6541,100,100,30.9
2026-04-21 13:35:10.880Z,2.6457,2.6545,100,100,33.2
2026-04-21 13:35:11.018Z,2.6456,2.6550,100,100,35.5
2026-04-21 13:35:12.059Z,2.6454,2.6538,100,100,31.7
2026-04-21 13:35:13.181Z,2.6452,2.6546,100,100,35.5
2026-04-21 13:35:14.745Z,2.6453,2.6541,100,100,33.2
2026-04-21 13:35:15.391Z,2.6446,2.6560,100,100,43.0
2026-04-21 13:35:16.853Z,2.6453,2.6553,100,100,37.7
2026-04-21 13:35:17.844Z,2.6447,2.6561,100,100,43.0
2026-04-21 13:35:18.369Z,2.6443,2.6549,100,100,40.0
2026-04-21 13:35:19.529Z,2.6447,2.6565,100,100,44.5
2026-04-21 13:35:20.165Z,2.6443,2.6551,100,100,40.8
2026-04-21 13:35:21.191Z,2.6458,2.6538,100,100,30.2
2026-04-21 13:35:22.411Z,2.6456,2.6542,100,100,32.5
2026-04-21 13:35:23.356Z,2.6451,2.6551,100,100,37.7
2026-04-21 13:35:24.554Z,2.6446,2.6568,100,100,46.0
2026-04-21 13:35:25.802Z,2.6441,2.6551,100,100,41.5
2026-04-21 13:35:26.518Z,2.6451,2.6541,100,100,34.0
2026-04-21 13:35:27.198Z,2.6446,2.6548,100,100,38.5
2026-04-21 13:35:28.889Z,2.6438,2.6550,100,100,42.3
2026-04-21 13:35:29.401Z,2.6446,2.6554,100,100,40.8
2026-04-21 13:35:30.723Z,2.6445,2.6555,100,100,41.5
2026-04-21 13:35:31.589Z,2.6461,2.6549,100,100,33.2
2026-04-21 13:35:32.140Z,2.6453,2.6541,100,100,33.2
2026-04-21 13:35:33.649Z,2.6438,2.6550,100,100,42.3
2026-04-21 13:35:34.087Z,2.6450,2.6552,100,100,38.5
2026-04-21 13:35:35.161Z,2.6443,2.6565,100,100,46.0
2026-04-21 13:35:36.344Z,2.6440,2.6558,100,100,44.5
2026-04-21 13:35:37.826Z,2.6459,2.6541,100,100,30.9
2026-04-21 13:35:38.203Z,2.6451,2.6543,100,100,34.7
2026-04-21 13:35:39.822Z,2.6442,2.6548,100,100,40.0
2026-04-21 13:35:40.165Z,2.6455,2.6553,100,100,37.0
2026-04-21 13:35:41.837Z,2.6445,2.6565,100,100,45.3
2026-04-21 13:35:42.558Z,2.6464,2.6546,100,100,30.9
2026-04-21 13:35:43.283Z,2.6449,2.6551,100,100,38.5
2026-04-21 13:35:44.361Z,2.6441,2.6551,100,100,41.5
2026-04-21 13:35:45.794Z,2.6445,2.6553,100,100,40.8
2026-04-21 13:35:46.827Z,2.6440,2.6554,100,100,43.0
2026-04-21 13:35:47.555Z,2.6453,2.6541,100,100,33.2
2026-04-21 13:35:48.665Z,2.6447,2.6549,100,100,38.5
2026-04-21 13:35:49.573Z,2.6448,2.6548,100,100,37.7
2026-04-21 13:35:50.727Z,2.6445,2.6557,100,100,42.3
2026-04-21 13:35:51.537Z,2.6442,2.6556,100,100,43.0
2026-04-21 13:35:52.854Z,2.6450,2.6542,100,100,34.7
2026-04-21 13:35:53.807Z,2.6447,2.6541,100,100,35.5
2026-04-21 13:35:54.164Z,2.6457,2.6541,100,100,31.7
2026-04-21 13:35:55.071Z,2.6435,2.6555,100,100,45.3
2026-04-21 13:35:56.494Z,2.6454,2.6542,100,100,33.2
2026-04-21 13:35:57.047Z,2.6447,2.6553,100,100,40.0
2026-04-21 13:35:58.657Z,2.6459,2.6543,100,100,31.7
2026-04-21 13:35:59.667Z,2.6454,2.6546,100,100,34.7
2026-04-21 13:41:00.622Z,2.6792,2.6908,100,105,43.2
2026-04-21 13:41:01.622Z,2.6807,2.6891,100,100,31.3
2026-04-21 13:41:02.591Z,2.6791,2.6895,100,147,38.7
2026-04-21 13:41:03.595Z,2.6768,2.6882,100,100,42.5
2026-04-21 13:41:04.297Z,2.6753,2.6877,100,100,46.2
2026-04-21 13:41:05.134Z,2.6751,2.6841,100,103,33.6
2026-04-21 13:41:06.238Z,2.6719,2.6823,100,100,38.8
2026-04-21 13:41:07.761Z,2.6699,2.6809,100,100,41.1
2026-04-21 13:41:08.660Z,2.6693,2.6789,100,120,35.9
2026-04-21 13:41:09.445Z,2.6671,2.6769,100,130,36.7
2026-04-21 13:41:10.349Z,2.6649,2.6757,100,146,40.4
2026-04-21 13:41:11.545Z,2.6636,2.6756,100,152,45.0
2026-04-21 13:41:12.598Z,2.6663,2.6749,258,150,32.2
2026-04-21 13:41:13.533Z,2.6668,2.6754,235,100,32.2
2026-04-21 13:41:14.185Z,2.6650,2.6770,100,100,44.9
2026-04-21 13:41:15.625Z,2.6675,2.6793,100,100,44.1
2026-04-21 13:41:16.582Z,2.6701,2.6793,177,108,34.4
2026-04-21 13:41:17.500Z,2.6704,2.6796,159,100,34.4
2026-04-21 13:41:18.539Z,2.6692,2.6804,100,100,41.9
2026-04-21 13:41:19.222Z,2.6705,2.6797,132,100,34.4
2026-04-21 13:41:20.366Z,2.6711,2.6819,100,100,40.4
2026-04-21 13:41:21.682Z,2.6725,2.6853,100,100,47.8
2026-04-21 13:41:22.357Z,2.6738,2.6854,100,100,43.3
2026-04-21 13:41:23.601Z,2.6776,2.6878,100,100,38.0
2026-04-21 13:41:24.580Z,2.6793,2.6919,100,100,46.9
2026-04-21 13:41:25.157Z,2.6816,2.6942,100,100,46.9
2026-04-21 13:41:26.792Z,2.6846,2.6978,100,100,49.0
2026-04-21 13:41:27.757Z,2.6877,2.6997,100,100,44.5
2026-04-21 13:41:28.864Z,2.6909,2.7051,100,100,52.6
2026-04-21 13:41:29.445Z,2.6961,2.7063,100,100,37.8
2026-04-21 13:41:30.584Z,2.6982,2.7088,100,100,39.2
2026-04-21 13:41:31.753Z,2.7011,2.7137,100,100,46.5
2026-04-21 13:41:32.834Z,2.7034,2.7154,100,100,44.3
2026-04-21 13:41:33.696Z,2.7068,2.7170,100,100,37.6
2026-04-21 13:41:34.554Z,2.7095,2.7201,100,100,39.0
2026-04-21 13:41:35.459Z,2.7105,2.7221,100,100,42.7
2026-04-21 13:41:36.753Z,2.7134,2.7222,100,100,32.4
2026-04-21 13:41:37.443Z,2.7149,2.7237,211,100,32.4
2026-04-21 13:41:38.830Z,2.7155,2.7253,100,100,36.0
2026-04-21 13:41:39.162Z,2.7150,2.7252,100,227,37.5
2026-04-21 13:41:40.163Z,2.7141,2.7255,136,298,41.9
2026-04-21 13:41:41.704Z,2.7144,2.7234,100,100,33.1
2026-04-21 13:41:42.084Z,2.7115,2.7233,100,113,43.4
2026-04-21 13:41:43.390Z,2.7129,2.7225,100,100,35.3
2026-04-21 13:41:44.277Z,2.7102,2.7214,100,100,41.2
2026-04-21 13:41:45.267Z,2.7117,2.7199,100,135,30.2
2026-04-21 13:41:46.754Z,2.7105,2.7215,119,100,40.5
2026-04-21 13:41:47.821Z,2.7099,2.7211,100,128,41.2
2026-04-21 13:41:48.279Z,2.7101,2.7205,100,100,38.3
2026-04-21 13:41:49.244Z,2.7106,2.7200,100,100,34.6
2026-04-21 13:41:50.504Z,2.7107,2.7215,100,100,39.8
2026-04-21 13:41:51.001Z,2.7114,2.7206,100,115,33.9
2026-04-21 13:41:52.328Z,2.7114,2.7204,100,146,33.1
2026-04-21 13:41:53.568Z,2.7116,2.7204,100,100,32.4
2026-04-21 13:41:54.665Z,2.7104,2.7198,100,100,34.6
2026-04-21 13:41:55.616Z,2.7102,2.7214,116,100,41.2
2026-04-21 13:41:56.234Z,2.7096,2.7208,100,100,41.2
2026-04-21 13:41:57.862Z,2.7118,2.7202,136,100,30.9
2026-04-21 13:41:58.835Z,2.7111,2.7201,100,122,33.1
2026-04-21 13:41:59.573Z,2.7101,2.7211,100,121,40.5
2026-04-21 13:42:00.656Z,2.6755,2.6845,100,100,33.6
2026-04-21 13:42:01.017Z,2.6746,2.6854,100,100,40.3
2026-04-21 13:42:02.663Z,2.6741,2.6857,100,100,43.3
2026-04-21 13:42:03.887Z,2.6738,2.6848,100,100,41.1
2026-04-21 13:42:04.139Z,2.6742,2.6862,100,100,44.8
2026-04-21 13:42:05.720Z,2.6739,2.6859,100,100,44.8
2026-04-21 13:42:06.826Z,2.6749,2.6859,100,100,41.0
2026-04-21 13:42:07.477Z,2.6741,2.6847,100,100,39.6
2026-04-21 13:42:08.332Z,2.6754,2.6846,100,100,34.3
2026-04-21 13:42:09.593Z,2.6733,2.6855,100,100,45.5
2026-04-21 13:42:10.873Z,2.6754,2.6844,100,100,33.6
2026-04-21 13:42:11.446Z,2.6751,2.6857,100,100,39.5
2026-04-21 13:42:12.195Z,2.6736,2.6852,100,100,43.3
2026-04-21 13:42:13.330Z,2.6751,2.6847,100,100,35.8
2026-04-21 13:42:14.279Z,2.6746,2.6854,100,100,40.3
2026-04-21 13:42:15.333Z,2.6751,2.6851,100,100,37.3
2026-04-21 13:42:16.099Z,2.6750,2.6840,100,100,33.6
2026-04-21 13:42:17.178Z,2.6755,2.6849,100,100,35.1
2026-04-21 13:42:18.418Z,2.6762,2.6846,100,100,31.3
2026-04-21 13:42:19.414Z,2.6746,2.6862,100,100,43.3
2026-04-21 13:42:20.644Z,2.6747,2.6857,100,100,41.0
2026-04-21 13:42:21.701Z,2.6745,2.6857,100,100,41.8
2026-04-21 13:42:22.057Z,2.6742,2.6858,100,100,43.3
2026-04-21 13:42:23.035Z,2.6758,2.6840,100,100,30.6
2026-04-21 13:42:24.361Z,2.6746,2.6844,100,100,36.6
2026-04-21 13:42:25.632Z,2.6749,2.6863,100,100,42.5
2026-04-21 13:42:26.054Z,2.6740,2.6856,100,100,43.3
2026-04-21 13:42:27.017Z,2.6755,2.6855,100,100,37.3
2026-04-21 13:42:28.090Z,2.6761,2.6847,100,100,32.1
2026-04-21 13:42:29.323Z,2.6747,2.6843,100,100,35.8
2026-04-21 13:42:30.886Z,2.6758,2.6852,100,100,35.1
2026-04-21 13:42:31.232Z,2.6742,2.6860,100,100,44.0
2026-04-21 13:42:32.399Z,2.6764,2.6848,100,100,31.3
2026-04-21 13:42:33.632Z,2.6754,2.6840,100,100,32.1
2026-04-21 13:42:34.082Z,2.6742,2.6852,100,100,41.0
2026-04-21 13:42:35.101Z,2.6757,2.6837,100,100,29.9
2026-04-21 13:42:36.040Z,2.6759,2.6853,100,100,35.1
2026-04-21 13:42:37.418Z,2.6750,2.6858,100,100,40.3
2026-04-21 13:42:38.316Z,2.6747,2.6853,100,110,39.6
2026-04-21 13:42:39.163Z,2.6754,2.6858,100,100,38.8
2026-04-21 13:42:40.116Z,2.6749,2.6859,100,100,41.0
2026-04-21 13:42:41.071Z,2.6741,2.6849,100,100,40.3
2026-04-21 13:42:42.295Z,2.6757,2.6851,100,100,35.1
2026-04-21 13:42:43.234Z,2.6744,2.6846,100,100,38.1
2026-04-21 13:42:44.592Z,2.6749,2.6863,100,100,42.5
2026-04-21 13:42:45.642Z,2.6755,2.6847,100,100,34.3
2026-04-21 13:42:46.555Z,2.6751,2.6843,100,101,34.3
2026-04-21 13:42:47.856Z,2.6738,2.6856,100,100,44.0
2026-04-21 13:42:48.294Z,2.6754,2.6850,100,100,35.8
2026-04-21 13:42:49.244Z,2.6760,2.6848,100,100,32.8
2026-04-21 13:42:50.192Z,2.6748,2.6844,100,100,35.8
2026-04-21 13:42:51.851Z,2.6761,2.6845,100,100,31.3
2026-04-21 13:42:52.201Z,2.6755,2.6851,100,100,35.8
2026-04-21 13:42:53.018Z,2.6750,2.6862,100,100,41.8
2026-04-21 13:42:54.391Z,2.6754,2.6850,100,100,35.8
2026-04-21 13:42:55.229Z,2.6749,2.6843,100,100,35.1
2026-04-21 13:42:56.593Z,2.6759,2.6841,100,100,30.6
2026-04-21 13:42:57.394Z,2.6741,2.6851,100,100,41.1
2026-04-21 13:42:58.269Z,2.6752,2.6852,100,100,37.3
2026-04-21 13:42:59.215Z,2.6747,2.6853,100,100,39.6
2026-04-21 13:43:00.384Z,2.6900,2.7000,100,100,37.1
2026-04-21 13:43:01.339Z,2.6902,2.6994,100,100,34.1
2026-04-21 13:43:02.818Z,2.6891,2.6999,100,100,40.1
2026-04-21 13:43:03.729Z,2.6902,2.6992,100,100,33.4
2026-04-21 13:43:04.565Z,2.6893,2.7011,100,100,43.8
2026-04-21 13:43:05.603Z,2.6905,2.6999,100,100,34.9
2026-04-21 13:43:06.296Z,2.6898,2.7008,100,100,40.8
2026-04-21 13:43:07.480Z,2.6903,2.6989,100,100,31.9
2026-04-21 13:43:08.547Z,2.6906,2.6994,106,100,32.7
2026-04-21 13:43:09.164Z,2.6899,2.7005,100,100,39.3
2026-04-21 13:43:10.633Z,2.6895,2.7005,100,100,40.8
2026-04-21 13:43:11.183Z,2.6903,2.7005,200,100,37.8
2026-04-21 13:43:12.463Z,2.6893,2.7007,136,250,42.3
2026-04-21 13:43:13.450Z,2.6898,2.6992,100,100,34.9
2026-04-21 13:43:14.565Z,2.6908,2.7004,100,100,35.6
2026-04-21 13:43:15.761Z,2.6912,2.6998,100,100,31.9
2026-04-21 13:43:16.112Z,2.6905,2.7001,100,100,35.6
2026-04-21 13:43:17.183Z,2.6900,2.7008,121,100,40.1
2026-04-21 13:43:18.850Z,2.6913,2.6997,100,100,31.2
2026-04-21 13:43:19.313Z,2.6890,2.7006,100,100,43.0
2026-04-21 13:43:20.565Z,2.6882,2.6986,100,100,38.6
2026-04-21 13:43:21.353Z,2.6849,2.6971,100,100,45.3
2026-04-21 13:43:22.321Z,2.6836,2.6952,100,100,43.1
2026-04-21 13:43:23.084Z,2.6797,2.6913,100,100,43.2
2026-04-21 13:43:24.840Z,2.6769,2.6899,100,100,48.4
2026-04-21 13:43:25.652Z,2.6735,2.6839,100,100,38.8
2026-04-21 13:43:26.587Z,2.6694,2.6818,100,100,46.3
2026-04-21 13:43:27.380Z,2.6651,2.6779,100,100,47.9
2026-04-21 13:43:28.342Z,2.6619,2.6743,100,100,46.5
2026-04-21 13:43:29.611Z,2.6572,2.6704,100,100,49.6
2026-04-21 13:43:30.003Z,2.6530,2.6668,100,100,51.9
2026-04-21 13:43:31.860Z,2.6500,2.6610,100,100,41.4
2026-04-21 13:43:32.332Z,2.6470,2.6586,100,100,43.7
2026-04-21 13:43:33.297Z,2.6438,2.6534,100,100,36.2
2026-04-21 13:43:34.741Z,2.6402,2.6532,100,100,49.1
2026-04-21 13:43:35.617Z,2.6375,2.6493,100,100,44.6
2026-04-21 13:43:36.121Z,2.6371,2.6477,100,100,40.1
2026-04-21 13:43:37.521Z,2.6357,2.6463,100,115,40.1
2026-04-21 13:43:38.147Z,2.6341,2.6461,100,100,45.5
2026-04-21 13:43:39.505Z,2.6340,2.6460,100,245,45.5
2026-04-21 13:43:40.271Z,2.6369,2.6455,129,100,32.6
2026-04-21 13:43:41.019Z,2.6365,2.6479,100,100,43.1
2026-04-21 13:43:42.416Z,2.6386,2.6484,100,100,37.1
2026-04-21 13:43:43.083Z,2.6405,2.6495,100,100,34.0
2026-04-21 13:43:44.204Z,2.6411,2.6529,100,100,44.6
2026-04-21 13:43:45.606Z,2.6424,2.6534,100,100,41.5
2026-04-21 13:43:46.294Z,2.6439,2.6523,113,100,31.7
2026-04-21 13:43:47.668Z,2.6435,2.6531,136,100,36.2
2026-04-21 13:43:48.209Z,2.6415,2.6537,100,100,46.1
2026-04-21 13:43:49.425Z,2.6408,2.6520,100,100,42.3
2026-04-21 13:43:50.710Z,2.6421,2.6507,100,100,32.5
2026-04-21 13:43:51.679Z,2.6387,2.6507,100,100,45.4
2026-04-21 13:43:52.821Z,2.6394,2.6482,100,100,33.3
2026-04-21 13:43:53.640Z,2.6388,2.6474,100,100,32.5
2026-04-21 13:43:54.652Z,2.6373,2.6475,100,100,38.6
2026-04-21 13:43:55.364Z,2.6362,2.6472,100,100,41.6
2026-04-21 13:43:56.545Z,2.6363,2.6457,100,100,35.6
2026-04-21 13:43:57.862Z,2.6350,2.6456,100,100,40.1
2026-04-21 13:43:58.877Z,2.6349,2.6449,100,100,37.9
2026-04-21 13:43:59.809Z,2.6355,2.6445,100,100,34.1
2026-04-21 13:49:00.605Z,2.6345,2.6457,100,100,42.4
2026-04-21 13:49:01.162Z,2.6356,2.6458,100,100,38.6
2026-04-21 13:49:02.532Z,2.6348,2.6446,100,100,37.1
2026-04-21 13:49:03.281Z,2.6338,2.6456,100,100,44.7
2026-04-21 13:49:04.764Z,2.6354,2.6450,100,100,36.4
2026-04-21 13:49:05.591Z,2.6355,2.6453,100,100,37.1
2026-04-21 13:49:06.232Z,2.6365,2.6449,100,100,31.8
2026-04-21 13:49:07.425Z,2.6342,2.6452,100,100,41.7
2026-04-21 13:49:08.742Z,2.6347,2.6461,100,100,43.2
2026-04-21 13:49:09.477Z,2.6356,2.6448,100,100,34.8
2026-04-21 13:49:10.523Z,2.6352,2.6452,100,100,37.9
2026-04-21 13:49:11.797Z,2.6359,2.6445,100,100,32.6
2026-04-21 13:49:12.550Z,2.6354,2.6440,100,100,32.6
2026-04-21 13:49:13.825Z,2.6348,2.6446,100,100,37.1
2026-04-21 13:49:14.755Z,2.6340,2.6460,100,100,45.5
2026-04-21 13:49:15.427Z,2.6352,2.6448,100,100,36.4
2026-04-21 13:49:16.364Z,2.6354,2.6456,100,100,38.6
2026-04-21 13:49:17.746Z,2.6352,2.6450,100,100,37.1
2026-04-21 13:49:18.732Z,2.6356,2.6444,100,100,33.3
2026-04-21 13:49:19.214Z,2.6335,2.6455,100,100,45.5
2026-04-21 13:49:20.604Z,2.6341,2.6455,100,100,43.2
2026-04-21 13:49:21.138Z,2.6363,2.6453,100,100,34.1
2026-04-21 13:49:22.152Z,2.6353,2.6471,100,100,44.7
2026-04-21 13:49:23.688Z,2.6363,2.6457,100,100,35.6
2026-04-21 13:49:24.636Z,2.6370,2.6466,100,100,36.3
2026-04-21 13:49:25.475Z,2.6378,2.6480,100,100,38.6
2026-04-21 13:49:26.338Z,2.6393,2.6485,100,100,34.8
2026-04-21 13:49:27.012Z,2.6390,2.6508,100,100,44.6
2026-04-21 13:49:28.712Z,2.6394,2.6506,100,100,42.3
2026-04-21 13:49:29.577Z,2.6408,2.6506,100,100,37.0
2026-04-21 13:49:30.275Z,2.6416,2.6512,100,100,36.3
2026-04-21 13:49:31.451Z,2.6433,2.6519,100,100,32.5
2026-04-21 13:49:32.424Z,2.6416,2.6526,100,100,41.6
2026-04-21 13:49:33.190Z,2.6428,2.6548,100,100,45.3
2026-04-21 13:49:34.840Z,2.6423,2.6545,100,100,46.1
2026-04-21 13:49:35.621Z,2.6445,2.6537,100,100,34.7
2026-04-21 13:49:36.849Z,2.6448,2.6540,100,100,34.7
2026-04-21 13:49:37.681Z,2.6439,2.6549,100,100,41.5
2026-04-21 13:49:38.627Z,2.6446,2.6566,100,100,45.3
2026-04-21 13:49:39.457Z,2.6448,2.6550,100,100,38.5
2026-04-21 13:49:40.238Z,2.6439,2.6549,100,100,41.5
2026-04-21 13:49:41.003Z,2.6441,2.6555,100,100,43.0
2026-04-21 13:49:42.706Z,2.6437,2.6549,100,100,42.3
2026-04-21 13:49:43.605Z,2.6421,2.6535,100,100,43.1
2026-04-21 13:49:44.110Z,2.6434,2.6516,100,100,31.0
2026-04-21 13:49:45.505Z,2.6433,2.6515,100,100,31.0
2026-04-21 13:49:46.899Z,2.6415,2.6533,100,100,44.6
2026-04-21 13:49:47.700Z,2.6427,2.6519,100,100,34.8
2026-04-21 13:49:48.743Z,2.6431,2.6517,100,100,32.5
2026-04-21 13:49:49.097Z,2.6424,2.6520,100,100,36.3
2026-04-21 13:49:50.113Z,2.6405,2.6527,100,100,46.1
2026-04-21 13:49:51.738Z,2.6395,2.6515,100,100,45.4
2026-04-21 13:49:52.844Z,2.6389,2.6509,100,100,45.4
2026-04-21 13:49:53.346Z,2.6410,2.6490,100,100,30.2
2026-04-21 13:49:54.552Z,2.6381,2.6501,100,100,45.4
2026-04-21 13:49:55.666Z,2.6393,2.6499,100,100,40.1
2026-04-21 13:49:56.002Z,2.6397,2.6481,100,100,31.8
2026-04-21 13:49:57.735Z,2.6381,2.6479,100,100,37.1
2026-04-21 13:49:58.763Z,2.6374,2.6490,100,100,43.9
2026-04-21 13:49:59.315Z,2.6376,2.6484,100,100,40.9
2026-04-21 13:50:00.381Z,2.6499,2.6605,100,100,39.9
2026-04-21 13:50:01.385Z,2.6489,2.6609,100,100,45.2
2026-04-21 13:50:02.410Z,2.6500,2.6606,100,100,39.9
2026-04-21 13:50:03.885Z,2.6502,2.6594,100,100,34.7
2026-04-21 13:50:04.564Z,2.6497,2.6603,100,100,39.9
2026-04-21 13:50:05.064Z,2.6506,2.6600,100,100,35.4
2026-04-21 13:50:06.042Z,2.6515,2.6599,100,100,31.6
2026-04-21 13:50:07.709Z,2.6511,2.6597,100,100,32.4
2026-04-21 13:50:08.616Z,2.6497,2.6615,100,100,44.4
2026-04-21 13:50:09.123Z,2.6505,2.6589,100,100,31.6
2026-04-21 13:50:10.231Z,2.6489,2.6609,100,100,45.2
2026-04-21 13:50:11.643Z,2.6491,2.6611,100,100,45.2
2026-04-21 13:50:12.176Z,2.6511,2.6605,100,100,35.4
2026-04-21 13:50:13.593Z,2.6505,2.6601,100,100,36.2
2026-04-21 13:50:14.182Z,2.6489,2.6607,100,100,44.4
2026-04-21 13:50:15.837Z,2.6491,2.6605,100,100,42.9
2026-04-21 13:50:16.149Z,2.6507,2.6601,100,100,35.4
2026-04-21 13:50:17.859Z,2.6497,2.6609,100,100,42.2
2026-04-21 13:50:18.716Z,2.6496,2.6600,100,100,39.2
2026-04-21 13:50:19.155Z,2.6505,2.6589,100,100,31.6
2026-04-21 13:50:20.796Z,2.6513,2.6605,100,100,34.6
2026-04-21 13:50:21.718Z,2.6507,2.6605,100,100,36.9
2026-04-21 13:50:22.232Z,2.6509,2.6603,100,100,35.4
2026-04-21 13:50:23.043Z,2.6511,2.6601,100,100,33.9
2026-04-21 13:50:24.773Z,2.6500,2.6614,100,100,42.9
2026-04-21 13:50:25.709Z,2.6507,2.6619,100,100,42.2
2026-04-21 13:50:26.618Z,2.6530,2.6616,100,100,32.4
2026-04-21 13:50:27.454Z,2.6521,2.6611,100,100,33.9
2026-04-21 13:50:28.716Z,2.6522,2.6640,100,100,44.4
2026-04-21 13:50:29.439Z,2.6529,2.6635,100,100,39.9
2026-04-21 13:50:30.599Z,2.6534,2.6626,100,100,34.6
2026-04-21 13:50:31.448Z,2.6547,2.6639,100,100,34.6
2026-04-21 13:50:32.891Z,2.6536,2.6644,100,100,40.6
2026-04-21 13:50:33.418Z,2.6543,2.6631,100,100,33.1
2026-04-21 13:50:34.598Z,2.6538,2.6664,100,100,47.4
2026-04-21 13:50:35.013Z,2.6552,2.6650,100,100,36.8
2026-04-21 13:50:36.192Z,2.6560,2.6642,100,100,30.8
2026-04-21 13:50:37.527Z,2.6559,2.6645,100,100,32.3
2026-04-21 13:50:38.200Z,2.6545,2.6665,100,100,45.1
2026-04-21 13:50:39.387Z,2.6549,2.6659,100,100,41.3
2026-04-21 13:50:40.525Z,2.6549,2.6637,100,100,33.1
2026-04-21 13:50:41.442Z,2.6549,2.6657,100,100,40.6
2026-04-21 13:50:42.537Z,2.6557,2.6639,100,100,30.8
2026-04-21 13:50:43.668Z,2.6545,2.6643,100,100,36.9
2026-04-21 13:50:44.304Z,2.6546,2.6654,100,100,40.6
2026-04-21 13:50:45.285Z,2.6542,2.6644,100,100,38.4
2026-04-21 13:50:46.049Z,2.6550,2.6636,100,100,32.3
2026-04-21 13:50:47.398Z,2.6537,2.6645,100,100,40.6
2026-04-21 13:50:48.212Z,2.6529,2.6649,100,100,45.1
2026-04-21 13:50:49.313Z,2.6547,2.6647,100,100,37.6
2026-04-21 13:50:50.342Z,2.6543,2.6639,100,100,36.1
2026-04-21 13:50:51.099Z,2.6543,2.6637,100,100,35.4
2026-04-21 13:50:52.084Z,2.6555,2.6651,100,100,36.1
2026-04-21 13:50:53.541Z,2.6537,2.6659,100,100,45.9
2026-04-21 13:50:54.587Z,2.6549,2.6653,100,100,39.1
2026-04-21 13:50:55.260Z,2.6556,2.6640,100,100,31.6
2026-04-21 13:50:56.874Z,2.6546,2.6656,100,100,41.4
2026-04-21 13:50:57.104Z,2.6563,2.6647,100,100,31.6
2026-04-21 13:50:58.043Z,2.6544,2.6646,100,100,38.4
2026-04-21 13:50:59.341Z,2.6545,2.6655,100,100,41.4
2026-04-21 13:52:00.256Z,2.6749,2.6851,100,100,38.1
2026-04-21 13:52:01.030Z,2.6755,2.6851,100,100,35.8
2026-04-21 13:52:02.054Z,2.6748,2.6848,100,100,37.3
2026-04-21 13:52:03.727Z,2.6750,2.6838,100,100,32.8
2026-04-21 13:52:04.088Z,2.6744,2.6862,100,100,44.0
2026-04-21 13:52:05.550Z,2.6761,2.6851,100,100,33.6
2026-04-21 13:52:06.129Z,2.6753,2.6851,100,100,36.6
2026-04-21 13:52:07.390Z,2.6737,2.6855,100,100,44.0
2026-04-21 13:52:08.598Z,2.6758,2.6854,100,100,35.8
2026-04-21 13:52:09.646Z,2.6762,2.6850,100,100,32.8
2026-04-21 13:52:10.004Z,2.6748,2.6856,100,100,40.3
2026-04-21 13:52:11.178Z,2.6751,2.6845,100,100,35.1
2026-04-21 13:52:12.389Z,2.6748,2.6858,100,100,41.0
2026-04-21 13:52:13.416Z,2.6755,2.6843,100,100,32.8
2026-04-21 13:52:14.225Z,2.6763,2.6845,100,100,30.6
2026-04-21 13:52:15.094Z,2.6747,2.6855,100,100,40.3
2026-04-21 13:52:16.732Z,2.6746,2.6864,100,100,44.0
2026-04-21 13:52:17.855Z,2.6749,2.6843,100,100,35.1
2026-04-21 13:52:18.179Z,2.6736,2.6856,100,100,44.8
2026-04-21 13:52:19.848Z,2.6755,2.6857,100,100,38.1
2026-04-21 13:52:20.754Z,2.6764,2.6846,100,100,30.6
2026-04-21 13:52:21.725Z,2.6747,2.6849,100,100,38.1
2026-04-21 13:52:22.148Z,2.6746,2.6850,100,100,38.8
2026-04-21 13:52:23.389Z,2.6740,2.6858,100,100,44.0
2026-04-21 13:52:24.010Z,2.6746,2.6844,100,100,36.6
2026-04-21 13:52:25.562Z,2.6748,2.6858,100,100,41.0
2026-04-21 13:52:26.524Z,2.6744,2.6852,100,100,40.3
2026-04-21 13:52:27.118Z,2.6753,2.6841,100,100,32.8
2026-04-21 13:52:28.206Z,2.6744,2.6864,100,100,44.8
2026-04-21 13:52:29.578Z,2.6751,2.6861,100,100,41.0
2026-04-21 13:52:30.328Z,2.6735,2.6857,100,100,45.5
2026-04-21 13:52:31.272Z,2.6749,2.6849,100,100,37.3
2026-04-21 13:52:32.198Z,2.6739,2.6855,100,100,43.3
2026-04-21 13:52:33.372Z,2.6759,2.6845,100,100,32.1
2026-04-21 13:52:34.506Z,2.6746,2.6842,100,100,35.8
2026-04-21 13:52:35.893Z,2.6736,2.6858,100,100,45.5
2026-04-21 13:52:36.040Z,2.6752,2.6856,100,100,38.8
2026-04-21 13:52:37.071Z,2.6742,2.6848,100,100,39.6
2026-04-21 13:52:38.199Z,2.6753,2.6847,100,100,35.1
2026-04-21 13:52:39.362Z,2.6742,2.6860,100,100,44.0
2026-04-21 13:52:40.658Z,2.6754,2.6854,100,100,37.3
2026-04-21 13:52:41.514Z,2.6755,2.6843,100,100,32.8
2026-04-21 13:52:42.133Z,2.6746,2.6864,100,100,44.0
2026-04-21 13:52:43.364Z,2.6743,2.6845,100,100,38.1
2026-04-21 13:52:44.822Z,2.6748,2.6860,100,100,41.8
2026-04-21 13:52:45.381Z,2.6760,2.6848,100,100,32.8
2026-04-21 13:52:46.493Z,2.6734,2.6858,100,100,46.3
2026-04-21 13:52:47.898Z,2.6738,2.6856,100,100,44.0
2026-04-21 13:52:48.555Z,2.6747,2.6855,100,100,40.3
2026-04-21 13:52:49.594Z,2.6752,2.6840,100,100,32.8
2026-04-21 13:52:50.029Z,2.6747,2.6857,100,100,41.0
2026-04-21 13:52:51.352Z,2.6752,2.6860,100,100,40.3
2026-04-21 13:52:52.202Z,2.6757,2.6849,100,100,34.3
2026-04-21 13:52:53.112Z,2.6759,2.6851,100,100,34.3
2026-04-21 13:52:54.701Z,2.6766,2.6848,100,100,30.6
2026-04-21 13:52:55.256Z,2.6744,2.6864,100,100,44.8
2026-04-21 13:52:56.573Z,2.6742,2.6854,100,100,41.8
2026-04-21 13:52:57.532Z,2.6745,2.6853,100,100,40.3
2026-04-21 13:52:58.127Z,2.6737,2.6851,100,100,42.5
2026-04-21 13:52:59.638Z,2.6754,2.6846,100,100,34.3
2026-04-21 13:53:00.820Z,2.6850,2.6950,176,172,37.2
2026-04-21 13:53:01.775Z,2.6845,2.6941,100,107,35.7
2026-04-21 13:53:02.421Z,2.6843,2.6967,100,100,46.1
2026-04-21 13:53:03.605Z,2.6848,2.6952,100,109,38.7
2026-04-21 13:53:04.432Z,2.6860,2.6950,100,100,33.5
2026-04-21 13:53:05.454Z,2.6843,2.6947,100,111,38.7
2026-04-21 13:53:06.102Z,2.6850,2.6944,100,100,34.9
2026-04-21 13:53:07.181Z,2.6857,2.6939,100,100,30.5
2026-04-21 13:53:08.155Z,2.6859,2.6955,100,100,35.7
2026-04-21 13:53:09.184Z,2.6864,2.6946,100,122,30.5
2026-04-21 13:53:10.140Z,2.6837,2.6955,100,101,43.9
2026-04-21 13:53:11.053Z,2.6848,2.6940,145,168,34.2
2026-04-21 13:53:12.205Z,2.6843,2.6955,207,125,41.6
2026-04-21 13:53:13.345Z,2.6845,2.6955,303,133,40.9
2026-04-21 13:53:14.370Z,2.6857,2.6945,107,100,32.7
2026-04-21 13:53:15.306Z,2.6851,2.6941,100,167,33.5
2026-04-21 13:53:16.323Z,2.6861,2.6953,196,100,34.2
2026-04-21 13:53:17.703Z,2.6838,2.6954,127,285,43.1
2026-04-21 13:53:18.578Z,2.6842,2.6958,109,100,43.1
2026-04-21 13:53:19.734Z,2.6855,2.6961,134,100,39.4
2026-04-21 13:53:20.246Z,2.6869,2.6965,100,100,35.7
2026-04-21 13:53:21.098Z,2.6867,2.6975,100,100,40.1
2026-04-21 13:53:22.469Z,2.6884,2.7006,100,100,45.3
2026-04-21 13:53:23.669Z,2.6905,2.7027,100,100,45.2
2026-04-21 13:53:24.659Z,2.6927,2.7055,100,100,47.4
2026-04-21 13:53:25.880Z,2.6951,2.7059,100,100,40.0
2026-04-21 13:53:26.873Z,2.6976,2.7084,100,100,40.0
2026-04-21 13:53:27.044Z,2.7007,2.7127,100,100,44.3
2026-04-21 13:53:28.832Z,2.7021,2.7147,100,100,46.5
2026-04-21 13:53:29.670Z,2.7066,2.7170,100,100,38.4
2026-04-21 13:53:30.173Z,2.7100,2.7192,128,100,33.9
2026-04-21 13:53:31.494Z,2.7117,2.7233,100,100,42.7
2026-04-21 13:53:32.635Z,2.7145,2.7251,100,100,39.0
2026-04-21 13:53:33.049Z,2.7156,2.7284,100,100,47.0
2026-04-21 13:53:34.308Z,2.7170,2.7294,105,100,45.5
2026-04-21 13:53:35.848Z,2.7199,2.7301,100,100,37.4
2026-04-21 13:53:36.389Z,2.7210,2.7310,100,100,36.7
2026-04-21 13:53:37.761Z,2.7216,2.7338,170,118,44.7
2026-04-21 13:53:38.888Z,2.7223,2.7339,141,100,42.5
2026-04-21 13:53:39.329Z,2.7229,2.7335,199,148,38.9
2026-04-21 13:53:40.476Z,2.7220,2.7326,149,388,38.9
2026-04-21 13:53:41.135Z,2.7202,2.7326,100,100,45.5
2026-04-21 13:53:42.448Z,2.7198,2.7298,100,100,36.7
2026-04-21 13:53:43.712Z,2.7188,2.7306,100,100,43.3
2026-04-21 13:53:44.448Z,2.7193,2.7283,100,116,33.0
2026-04-21 13:53:45.052Z,2.7175,2.7293,100,214,43.3
2026-04-21 13:53:46.658Z,2.7170,2.7280,100,135,40.4
2026-04-21 13:53:47.817Z,2.7155,2.7275,100,207,44.1
2026-04-21 13:53:48.739Z,2.7157,2.7269,100,108,41.2
2026-04-21 13:53:49.544Z,2.7140,2.7238,100,203,36.0
2026-04-21 13:53:50.561Z,2.7105,2.7231,100,136,46.4
2026-04-21 13:53:51.144Z,2.7090,2.7192,100,144,37.6
2026-04-21 13:53:52.549Z,2.7057,2.7157,100,124,36.9
2026-04-21 13:53:53.079Z,2.7019,2.7121,100,100,37.7
2026-04-21 13:53:54.054Z,2.6998,2.7092,100,140,34.8
2026-04-21 13:53:55.649Z,2.6967,2.7071,100,100,38.5
2026-04-21 13:53:56.427Z,2.6939,2.7037,100,126,36.3
2026-04-21 13:53:57.503Z,2.6917,2.7013,100,104,35.6
2026-04-21 13:53:58.695Z,2.6903,2.7003,100,185,37.1
2026-04-21 13:53:59.521Z,2.6891,2.7009,100,218,43.8
2026-04-21 13:54:00.203Z,2.6893,2.7007,129,171,42.3
2026-04-21 13:54:01.647Z,2.6894,2.7016,195,100,45.3
2026-04-21 13:54:02.884Z,2.6911,2.7039,100,100,47.5
2026-04-21 13:54:03.792Z,2.6940,2.7060,112,100,44.4
2026-04-21 13:54:04.888Z,2.6987,2.7093,158,100,39.2
2026-04-21 13:54:05.205Z,2.7027,2.7151,100,100,45.8
2026-04-21 13:54:06.720Z,2.7070,2.7202,108,100,48.6
2026-04-21 13:54:07.709Z,2.7102,2.7236,114,100,49.3
2026-04-21 13:54:08.190Z,2.7156,2.7260,105,100,38.2
2026-04-21 13:54:09.004Z,2.7193,2.7295,165,100,37.4
2026-04-21 13:54:10.586Z,2.7222,2.7326,101,102,38.1
2026-04-21 13:54:11.232Z,2.7249,2.7347,250,146,35.9
2026-04-21 13:54:12.885Z,2.7247,2.7343,126,155,35.2
2026-04-21 13:54:13.234Z,2.7236,2.7336,213,248,36.6
2026-04-21 13:54:14.733Z,2.7222,2.7318,100,136,35.2
2026-04-21 13:54:15.666Z,2.7192,2.7304,100,100,41.1
2026-04-21 13:54:16.030Z,2.7166,2.7270,100,158,38.2
2026-04-21 13:54:17.554Z,2.7158,2.7262,111,219,38.2
2026-04-21 13:54:18.671Z,2.7141,2.7265,111,240,45.6
2026-04-21 13:54:19.598Z,2.7149,2.7249,100,221,36.8
2026-04-21 13:54:20.018Z,2.7151,2.7233,100,122,30.2
2026-04-21 13:54:21.689Z,2.7120,2.7232,100,100,41.2
2026-04-21 13:54:22.794Z,2.7096,2.7202,100,111,39.0
2026-04-21 13:54:23.359Z,2.7069,2.7193,100,110,45.7
2026-04-21 13:54:24.232Z,2.7061,2.7155,100,191,34.7
2026-04-21 13:54:25.777Z,2.7003,2.7137,100,100,49.5
2026-04-21 13:54:26.185Z,2.7001,2.7091,100,159,33.3
2026-04-21 13:54:27.013Z,2.6957,2.7059,100,100,37.8
2026-04-21 13:54:28.083Z,2.6915,2.7049,100,100,49.7
2026-04-21 13:54:29.347Z,2.6899,2.6995,100,100,35.6
2026-04-21 13:54:30.144Z,2.6856,2.6972,100,100,43.1
2026-04-21 13:54:31.113Z,2.6833,2.6935,100,100,37.9
2026-04-21 13:54:32.851Z,2.6792,2.6910,100,159,43.9
2026-04-21 13:54:33.054Z,2.6771,2.6871,100,100,37.3
2026-04-21 13:54:34.768Z,2.6757,2.6845,100,116,32.8
2026-04-21 13:54:35.309Z,2.6715,2.6837,100,100,45.6
2026-04-21 13:54:36.506Z,2.6720,2.6808,100,129,32.9
2026-04-21 13:54:37.515Z,2.6703,2.6799,100,247,35.9
2026-04-21 13:54:38.340Z,2.6694,2.6794,246,363,37.4
2026-04-21 13:54:39.341Z,2.6710,2.6804,280,132,35.1
2026-04-21 13:54:40.128Z,2.6706,2.6808,113,211,38.1
2026-04-21 13:54:41.498Z,2.6705,2.6797,100,103,34.4
2026-04-21 13:54:42.419Z,2.6712,2.6804,124,100,34.4
2026-04-21 13:54:43.670Z,2.6711,2.6831,122,100,44.8
2026-04-21 13:54:44.602Z,2.6709,2.6821,100,100,41.8
2026-04-21 13:54:45.248Z,2.6709,2.6831,191,139,45.6
2026-04-21 13:54:46.495Z,2.6729,2.6813,162,107,31.4
2026-04-21 13:54:47.845Z,2.6721,2.6837,258,133,43.3
2026-04-21 13:54:48.327Z,2.6740,2.6820,127,100,29.9
2026-04-21 13:54:49.208Z,2.6722,2.6832,100,186,41.1
2026-04-21 13:54:50.783Z,2.6712,2.6834,100,100,45.6
2026-04-21 13:54:51.820Z,2.6714,2.6818,100,106,38.9
2026-04-21 13:54:52.406Z,2.6705,2.6819,100,100,42.6
2026-04-21 13:54:53.507Z,2.6716,2.6800,100,145,31.4
2026-04-21 13:54:54.217Z,2.6710,2.6814,100,100,38.9
2026-04-21 13:54:55.481Z,2.6702,2.6812,100,100,41.1
2026-04-21 13:54:56.079Z,2.6700,2.6800,100,211,37.4
2026-04-21 13:54:57.211Z,2.6691,2.6803,100,116,41.9
2026-04-21 13:54:58.111Z,2.6694,2.6820,100,100,47.1
2026-04-21 13:54:59.892Z,2.6688,2.6812,101,143,46.4
2026-04-21 13:55:00.595Z,2.6623,2.6719,100,100,36.0
2026-04-21 13:55:01.611Z,2.6634,2.6730,100,100,36.0
2026-04-21 13:55:02.885Z,2.6642,2.6726,100,100,31.5
2026-04-21 13:55:03.029Z,2.6644,2.6772,100,100,47.9
2026-04-21 13:55:04.342Z,2.6678,2.6780,100,100,38.2
2026-04-21 13:55:05.355Z,2.6691,2.6825,100,100,50.1
2026-04-21 13:55:06.889Z,2.6730,2.6840,118,100,41.1
2026-04-21 13:55:07.173Z,2.6749,2.6873,100,100,46.2
2026-04-21 13:55:08.495Z,2.6798,2.6896,100,100,36.5
2026-04-21 13:55:09.481Z,2.6809,2.6925,100,100,43.2
2026-04-21 13:55:10.180Z,2.6821,2.6941,100,100,44.6
2026-04-21 13:55:11.610Z,2.6842,2.6938,161,143,35.7
2026-04-21 13:55:12.884Z,2.6843,2.6967,213,100,46.1
2026-04-21 13:55:13.076Z,2.6830,2.6950,107,160,44.6
2026-04-21 13:55:14.055Z,2.6815,2.6929,100,100,42.4
2026-04-21 13:55:15.691Z,2.6784,2.6906,100,100,45.4
2026-04-21 13:55:16.223Z,2.6772,2.6886,100,102,42.5
2026-04-21 13:55:17.626Z,2.6763,2.6861,100,125,36.6
2026-04-21 13:55:18.448Z,2.6751,2.6861,100,216,41.0
2026-04-21 13:55:19.789Z,2.6741,2.6863,100,126,45.5
2026-04-21 13:55:20.554Z,2.6758,2.6844,100,100,32.1
2026-04-21 13:55:21.582Z,2.6742,2.6832,100,100,33.6
2026-04-21 13:55:22.367Z,2.6691,2.6827,100,100,50.8
2026-04-21 13:55:23.239Z,2.6677,2.6801,100,100,46.4
2026-04-21 13:55:24.104Z,2.6665,2.6775,100,100,41.2
2026-04-21 13:55:25.039Z,2.6637,2.6747,100,105,41.2
2026-04-21 13:55:26.799Z,2.6618,2.6718,100,100,37.5
2026-04-21 13:55:27.509Z,2.6570,2.6696,100,100,47.3
2026-04-21 13:55:28.157Z,2.6543,2.6667,100,100,46.6
2026-04-21 13:55:29.276Z,2.6523,2.6629,100,100,39.9
2026-04-21 13:55:30.599Z,2.6487,2.6615,100,100,48.2
2026-04-21 13:55:31.513Z,2.6445,2.6583,100,100,52.0
2026-04-21 13:55:32.652Z,2.6424,2.6552,100,112,48.3
2026-04-21 13:55:33.416Z,2.6409,2.6519,100,100,41.6
2026-04-21 13:55:34.863Z,2.6382,2.6502,100,100,45.4
2026-04-21 13:55:35.249Z,2.6373,2.6475,100,100,38.6
2026-04-21 13:55:36.371Z,2.6350,2.6468,100,113,44.7
2026-04-21 13:55:37.593Z,2.6353,2.6447,145,286,35.6
2026-04-21 13:55:38.233Z,2.6348,2.6456,159,123,40.9
2026-04-21 13:55:39.251Z,2.6353,2.6447,100,228,35.6
2026-04-21 13:55:40.447Z,2.6353,2.6447,100,100,35.6
2026-04-21 13:55:41.805Z,2.6375,2.6463,100,100,33.3
2026-04-21 13:55:42.200Z,2.6364,2.6480,100,100,43.9
2026-04-21 13:55:43.481Z,2.6391,2.6487,100,100,36.3
2026-04-21 13:55:44.317Z,2.6399,2.6485,100,100,32.5
2026-04-21 13:55:45.892Z,2.6386,2.6508,100,100,46.1
2026-04-21 13:55:46.139Z,2.6399,2.6513,100,100,43.1
2026-04-21 13:55:47.735Z,2.6405,2.6505,100,108,37.8
2026-04-21 13:55:48.490Z,2.6407,2.6519,100,100,42.3
2026-04-21 13:55:49.217Z,2.6429,2.6521,100,100,34.7
2026-04-21 13:55:50.073Z,2.6437,2.6541,102,100,39.3
2026-04-21 13:55:51.645Z,2.6454,2.6550,119,100,36.2
2026-04-21 13:55:52.559Z,2.6469,2.6573,100,100,39.2
2026-04-21 13:55:53.313Z,2.6479,2.6597,125,100,44.5
2026-04-21 13:55:54.813Z,2.6493,2.6615,100,100,45.9
2026-04-21 13:55:55.734Z,2.6509,2.6613,100,100,39.2
2026-04-21 13:55:56.541Z,2.6534,2.6626,100,100,34.6
2026-04-21 13:55:57.119Z,2.6536,2.6640,100,100,39.1
2026-04-21 13:55:58.787Z,2.6554,2.6652,100,100,36.8
2026-04-21 13:55:59.462Z,2.6555,2.6645,100,100,33.8
2026-04-21 14:33:00.682Z,2.6448,2.6554,100,100,40.0
2026-04-21 14:33:01.153Z,2.6455,2.6557,100,100,38.5
2026-04-21 14:33:02.488Z,2.6456,2.6546,100,100,34.0
2026-04-21 14:33:03.029Z,2.6464,2.6552,100,100,33.2
2026-04-21 14:33:04.605Z,2.6451,2.6547,100,100,36.2
2026-04-21 14:33:05.706Z,2.6455,2.6543,100,100,33.2
2026-04-21 14:33:06.640Z,2.6441,2.6555,100,100,43.0
2026-04-21 14:33:07.827Z,2.6458,2.6552,100,100,35.5
2026-04-21 14:33:08.201Z,2.6451,2.6541,100,100,34.0
2026-04-21 14:33:09.025Z,2.6452,2.6546,100,100,35.5
2026-04-21 14:33:10.881Z,2.6441,2.6559,100,100,44.5
2026-04-21 14:33:11.310Z,2.6455,2.6551,100,100,36.2
2026-04-21 14:33:12.011Z,2.6456,2.6558,100,100,38.5
2026-04-21 14:33:13.243Z,2.6456,2.6554,100,100,37.0
2026-04-21 14:33:14.762Z,2.6451,2.6555,100,100,39.2
2026-04-21 14:33:15.593Z,2.6447,2.6557,100,100,41.5
2026-04-21 14:33:16.146Z,2.6451,2.6549,100,100,37.0
2026-04-21 14:33:17.564Z,2.6440,2.6554,100,100,43.0
2026-04-21 14:33:18.364Z,2.6452,2.6556,100,100,39.2
2026-04-21 14:33:19.243Z,2.6453,2.6561,100,100,40.7
2026-04-21 14:33:20.478Z,2.6433,2.6557,100,100,46.8
2026-04-21 14:33:21.787Z,2.6449,2.6563,100,100,43.0
2026-04-21 14:33:22.302Z,2.6449,2.6555,100,100,40.0
2026-04-21 14:33:23.281Z,2.6447,2.6545,100,100,37.0
2026-04-21 14:33:24.557Z,2.6451,2.6555,100,100,39.2
2026-04-21 14:33:25.022Z,2.6435,2.6555,100,100,45.3
2026-04-21 14:33:26.788Z,2.6462,2.6552,100,100,34.0
2026-04-21 14:33:27.818Z,2.6460,2.6546,100,100,32.4
2026-04-21 14:33:28.619Z,2.6452,2.6550,100,100,37.0
2026-04-21 14:33:29.866Z,2.6457,2.6551,100,100,35.5
2026-04-21 14:33:30.015Z,2.6446,2.6564,100,100,44.5
2026-04-21 14:33:31.108Z,2.6453,2.6555,100,100,38.5
2026-04-21 14:33:32.274Z,2.6442,2.6554,100,100,42.3
2026-04-21 14:33:33.374Z,2.6454,2.6558,100,100,39.2
2026-04-21 14:33:34.563Z,2.6448,2.6550,100,100,38.5
2026-04-21 14:33:35.194Z,2.6441,2.6547,100,100,40.0
2026-04-21 14:33:36.212Z,2.6454,2.6536,100,100,30.9
2026-04-21 14:33:37.518Z,2.6445,2.6551,100,100,40.0
2026-04-21 14:33:38.256Z,2.6451,2.6543,100,100,34.7
2026-04-21 14:33:39.081Z,2.6444,2.6556,100,100,42.3
2026-04-21 14:33:40.720Z,2.6449,2.6547,100,100,37.0
2026-04-21 14:33:41.591Z,2.6447,2.6561,100,100,43.0
2026-04-21 14:33:42.715Z,2.6446,2.6542,100,100,36.2
2026-04-21 14:33:43.010Z,2.6452,2.6550,100,100,37.0
2026-04-21 14:33:44.450Z,2.6444,2.6556,100,100,42.3
2026-04-21 14:33:45.299Z,2.6444,2.6566,100,100,46.0
2026-04-21 14:33:46.660Z,2.6453,2.6547,100,100,35.5
2026-04-21 14:33:47.229Z,2.6445,2.6545,100,100,37.7
2026-04-21 14:33:48.563Z,2.6443,2.6557,100,100,43.0
2026-04-21 14:33:49.230Z,2.6443,2.6553,100,100,41.5
2026-04-21 14:33:50.012Z,2.6443,2.6557,100,100,43.0
2026-04-21 14:33:51.070Z,2.6458,2.6554,100,100,36.2
2026-04-21 14:33:52.052Z,2.6449,2.6561,100,100,42.3
2026-04-21 14:33:53.823Z,2.6458,2.6554,100,100,36.2
2026-04-21 14:33:54.573Z,2.6462,2.6544,100,100,30.9
2026-04-21 14:33:55.321Z,2.6438,2.6556,100,100,44.5
2026-04-21 14:33:56.894Z,2.6438,2.6556,100,100,44.5
2026-04-21 14:33:57.728Z,2.6447,2.6549,100,100,38.5
2026-04-21 14:33:58.414Z,2.6440,2.6558,100,100,44.5
2026-04-21 14:33:59.192Z,2.6448,2.6552,100,100,39.2
2026-04-21 14:55:00.297Z,2.6456,2.6544,100,100,33.2
2026-04-21 14:55:01.337Z,2.6444,2.6564,100,100,45.3
2026-04-21 14:55:02.501Z,2.6459,2.6543,100,100,31.7
2026-04-21 14:55:03.516Z,2.6448,2.6550,100,100,38.5
2026-04-21 14:55:04.884Z,2.6447,2.6551,100,100,39.2
2026-04-21 14:55:05.305Z,2.6447,2.6565,100,100,44.5
2026-04-21 14:55:06.740Z,2.6438,2.6550,100,100,42.3
2026-04-21 14:55:07.434Z,2.6439,2.6559,100,100,45.3
2026-04-21 14:55:08.735Z,2.6464,2.6550,100,100,32.4
2026-04-21 14:55:09.595Z,2.6444,2.6546,100,100,38.5
2026-04-21 14:55:10.465Z,2.6453,2.6543,100,100,34.0
2026-04-21 14:55:11.896Z,2.6458,2.6552,100,100,35.5
2026-04-21 14:55:12.386Z,2.6461,2.6551,100,100,34.0
2026-04-21 14:55:13.367Z,2.6448,2.6546,100,100,37.0
2026-04-21 14:55:14.145Z,2.6443,2.6559,100,100,43.8
2026-04-21 14:55:15.135Z,2.6452,2.6542,100,100,34.0
2026-04-21 14:55:16.897Z,2.6458,2.6548,100,100,34.0
2026-04-21 14:55:17.127Z,2.6452,2.6536,100,100,31.7
2026-04-21 14:55:18.860Z,2.6459,2.6547,100,100,33.2
2026-04-21 14:55:19.663Z,2.6444,2.6562,100,100,44.5
2026-04-21 14:55:20.293Z,2.6437,2.6553,100,100,43.8
2026-04-21 14:55:21.836Z,2.6449,2.6545,100,100,36.2
2026-04-21 14:55:22.792Z,2.6431,2.6545,100,100,43.0
2026-04-21 14:55:23.227Z,2.6435,2.6535,100,100,37.8
2026-04-21 14:55:24.744Z,2.6427,2.6533,100,100,40.0
2026-04-21 14:55:25.834Z,2.6419,2.6529,100,100,41.6
2026-04-21 14:55:26.629Z,2.6411,2.6517,100,100,40.1
2026-04-21 14:55:27.174Z,2.6406,2.6512,100,100,40.1
2026-04-21 14:55:28.180Z,2.6397,2.6513,100,100,43.8
2026-04-21 14:55:29.530Z,2.6397,2.6495,100,100,37.1
2026-04-21 14:55:30.654Z,2.6386,2.6480,100,100,35.6
2026-04-21 14:55:31.261Z,2.6379,2.6481,100,100,38.6
2026-04-21 14:55:32.596Z,2.6357,2.6479,100,100,46.2
2026-04-21 14:55:33.142Z,2.6357,2.6465,100,100,40.9
2026-04-21 14:55:34.450Z,2.6364,2.6458,100,100,35.6
2026-04-21 14:55:35.072Z,2.6360,2.6446,100,100,32.6
2026-04-21 14:55:36.655Z,2.6361,2.6457,100,100,36.4
2026-04-21 14:55:37.026Z,2.6359,2.6445,100,100,32.6
2026-04-21 14:55:38.668Z,2.6359,2.6443,100,100,31.8
2026-04-21 14:55:39.267Z,2.6347,2.6449,100,100,38.6
2026-04-21 14:55:40.847Z,2.6355,2.6455,100,100,37.9
2026-04-21 14:55:41.657Z,2.6344,2.6464,100,100,45.4
2026-04-21 14:55:42.611Z,2.6363,2.6457,100,100,35.6
2026-04-21 14:55:43.229Z,2.6363,2.6449,100,100,32.6
2026-04-21 14:55:44.720Z,2.6347,2.6467,100,100,45.4
2026-04-21 14:55:45.220Z,2.6356,2.6454,100,100,37.1
2026-04-21 14:55:46.197Z,2.6357,2.6453,100,100,36.4
2026-04-21 14:55:47.274Z,2.6367,2.6451,100,100,31.8
2026-04-21 14:55:48.785Z,2.6356,2.6470,100,100,43.2
2026-04-21 14:55:49.593Z,2.6355,2.6471,100,100,43.9
2026-04-21 14:55:50.630Z,2.6353,2.6455,100,100,38.6
2026-04-21 14:55:51.349Z,2.6359,2.6457,100,100,37.1
2026-04-21 14:55:52.324Z,2.6351,2.6467,100,100,43.9
2026-04-21 14:55:53.351Z,2.6362,2.6448,100,100,32.6
2026-04-21 14:55:54.355Z,2.6349,2.6465,100,100,43.9
2026-04-21 14:55:55.469Z,2.6360,2.6452,100,100,34.8
2026-04-21 14:55:56.017Z,2.6360,2.6442,100,100,31.1
2026-04-21 14:55:57.776Z,2.6346,2.6458,100,100,42.4
2026-04-21 14:55:58.822Z,2.6348,2.6452,100,100,39.4
2026-04-21 14:55:59.249Z,2.6345,2.6455,100,100,41.7
2026-04-21 15:19:00.604Z,2.6509,2.6591,100,100,30.9
2026-04-21 15:19:01.350Z,2.6512,2.6594,100,100,30.9
2026-04-21 15:19:02.774Z,2.6500,2.6592,100,100,34.7
2026-04-21 15:19:03.463Z,2.6500,2.6592,100,100,34.7
2026-04-21 15:19:04.104Z,2.6499,2.6587,100,100,33.2
2026-04-21 15:19:05.711Z,2.6506,2.6598,100,100,34.6
2026-04-21 15:19:06.579Z,2.6504,2.6604,100,100,37.7
2026-04-21 15:19:07.427Z,2.6495,2.6597,100,100,38.4
2026-04-21 15:19:08.819Z,2.6498,2.6612,100,100,42.9
2026-04-21 15:19:09.112Z,2.6507,2.6591,100,100,31.6
2026-04-21 15:19:10.723Z,2.6508,2.6592,100,100,31.6
2026-04-21 15:19:11.719Z,2.6502,2.6592,100,100,33.9
2026-04-21 15:19:12.588Z,2.6504,2.6594,100,100,33.9
2026-04-21 15:19:13.323Z,2.6500,2.6588,100,100,33.2
2026-04-21 15:19:14.322Z,2.6501,2.6595,100,100,35.4
2026-04-21 15:19:15.447Z,2.6497,2.6605,100,100,40.7
2026-04-21 15:19:16.571Z,2.6494,2.6602,100,100,40.7
2026-04-21 15:19:17.380Z,2.6489,2.6605,100,100,43.7
2026-04-21 15:19:18.430Z,2.6496,2.6602,100,100,39.9
2026-04-21 15:19:19.602Z,2.6498,2.6590,100,100,34.7
2026-04-21 15:19:20.531Z,2.6495,2.6611,100,100,43.7
2026-04-21 15:19:21.052Z,2.6500,2.6608,100,100,40.7
2026-04-21 15:19:22.372Z,2.6505,2.6603,100,100,36.9
2026-04-21 15:19:23.804Z,2.6497,2.6607,100,100,41.4
2026-04-21 15:19:24.170Z,2.6510,2.6602,100,100,34.6
2026-04-21 15:19:25.777Z,2.6507,2.6591,100,100,31.6
2026-04-21 15:19:26.102Z,2.6508,2.6594,100,100,32.4
2026-04-21 15:19:27.180Z,2.6504,2.6602,100,100,36.9
2026-04-21 15:19:28.340Z,2.6498,2.6604,100,100,39.9
2026-04-21 15:19:29.175Z,2.6490,2.6606,100,100,43.7
2026-04-21 15:19:30.680Z,2.6499,2.6601,100,100,38.4
2026-04-21 15:19:31.342Z,2.6504,2.6588,100,100,31.6
2026-04-21 15:19:32.566Z,2.6506,2.6590,100,100,31.6
2026-04-21 15:19:33.017Z,2.6495,2.6599,100,100,39.2
2026-04-21 15:19:34.683Z,2.6497,2.6611,100,100,42.9
2026-04-21 15:19:35.795Z,2.6502,2.6610,100,100,40.7
2026-04-21 15:19:36.441Z,2.6509,2.6595,100,100,32.4
2026-04-21 15:19:37.152Z,2.6511,2.6597,100,100,32.4
2026-04-21 15:19:38.017Z,2.6509,2.6595,100,100,32.4
2026-04-21 15:19:39.799Z,2.6482,2.6606,100,100,46.7
2026-04-21 15:19:40.784Z,2.6495,2.6609,100,100,42.9
2026-04-21 15:19:41.189Z,2.6505,2.6589,100,100,31.6
2026-04-21 15:19:42.610Z,2.6505,2.6599,100,100,35.4
2026-04-21 15:19:43.328Z,2.6506,2.6602,100,100,36.2
2026-04-21 15:19:44.577Z,2.6503,2.6593,100,100,33.9
2026-04-21 15:19:45.239Z,2.6496,2.6600,100,100,39.2
2026-04-21 15:19:46.120Z,2.6506,2.6590,100,100,31.6
2026-04-21 15:19:47.007Z,2.6496,2.6600,100,100,39.2
2026-04-21 15:19:48.067Z,2.6498,2.6612,100,100,42.9
2026-04-21 15:19:49.552Z,2.6497,2.6613,100,100,43.7
2026-04-21 15:19:50.817Z,2.6498,2.6604,100,100,39.9
2026-04-21 15:19:51.467Z,2.6498,2.6596,100,100,36.9
2026-04-21 15:19:52.792Z,2.6506,2.6592,100,100,32.4
2026-04-21 15:19:53.514Z,2.6498,2.6592,100,100,35.4
2026-04-21 15:19:54.784Z,2.6502,2.6606,100,100,39.2
2026-04-21 15:19:55.656Z,2.6498,2.6598,100,100,37.7
2026-04-21 15:19:56.314Z,2.6489,2.6607,100,100,44.4
2026-04-21 15:19:57.027Z,2.6495,2.6613,100,100,44.4
2026-04-21 15:19:58.849Z,2.6495,2.6593,100,100,36.9
2026-04-21 15:19:59.618Z,2.6496,2.6604,100,100,40.7
2026-04-21 15:33:00.581Z,2.6950,2.7050,100,100,37.0
2026-04-21 15:33:01.026Z,2.6955,2.7039,100,100,31.1
2026-04-21 15:33:02.360Z,2.6953,2.7057,100,100,38.5
2026-04-21 15:33:03.542Z,2.6965,2.7047,100,100,30.4
2026-04-21 15:33:04.663Z,2.6945,2.7051,100,100,39.3
2026-04-21 15:33:05.407Z,2.6943,2.7047,100,100,38.5
2026-04-21 15:33:06.131Z,2.6950,2.7050,100,100,37.0
2026-04-21 15:33:07.581Z,2.6936,2.7058,100,100,45.2
2026-04-21 15:33:08.540Z,2.6950,2.7050,100,100,37.0
2026-04-21 15:33:09.223Z,2.6948,2.7062,100,100,42.2
2026-04-21 15:33:10.817Z,2.6934,2.7054,100,100,44.5
2026-04-21 15:33:11.898Z,2.6938,2.7058,100,100,44.4
2026-04-21 15:33:12.523Z,2.6953,2.7045,100,100,34.1
2026-04-21 15:33:13.715Z,2.6953,2.7051,100,100,36.3
2026-04-21 15:33:14.028Z,2.6939,2.7049,100,100,40.7
2026-04-21 15:33:15.138Z,2.6961,2.7051,100,100,33.3
2026-04-21 15:33:16.295Z,2.6959,2.7053,100,100,34.8
2026-04-21 15:33:17.706Z,2.6933,2.7055,100,100,45.2
2026-04-21 15:33:18.558Z,2.6944,2.7042,100,100,36.3
2026-04-21 15:33:19.558Z,2.6939,2.7051,100,100,41.5
2026-04-21 15:33:20.446Z,2.6939,2.7049,100,100,40.7
2026-04-21 15:33:21.112Z,2.6938,2.7030,100,100,34.1
2026-04-21 15:33:22.099Z,2.6920,2.7008,100,100,32.6
2026-04-21 15:33:23.295Z,2.6891,2.7009,100,100,43.8
2026-04-21 15:33:24.263Z,2.6875,2.6979,100,100,38.6
2026-04-21 15:33:25.434Z,2.6859,2.6955,100,100,35.7
2026-04-21 15:33:26.812Z,2.6830,2.6952,100,100,45.4
2026-04-21 15:33:27.654Z,2.6815,2.6919,100,100,38.7
2026-04-21 15:33:28.335Z,2.6803,2.6907,100,100,38.7
2026-04-21 15:33:29.433Z,2.6786,2.6882,100,100,35.8
2026-04-21 15:33:30.545Z,2.6752,2.6854,100,100,38.1
2026-04-21 15:33:31.255Z,2.6738,2.6828,100,100,33.6
2026-04-21 15:33:32.726Z,2.6706,2.6816,100,100,41.1
2026-04-21 15:33:33.629Z,2.6705,2.6807,100,100,38.1
2026-04-21 15:33:34.377Z,2.6697,2.6785,100,100,32.9
2026-04-21 15:33:35.686Z,2.6653,2.6779,100,100,47.2
2026-04-21 15:33:36.261Z,2.6645,2.6765,100,100,44.9
2026-04-21 15:33:37.349Z,2.6644,2.6764,100,100,44.9
2026-04-21 15:33:38.186Z,2.6647,2.6751,100,100,39.0
2026-04-21 15:33:39.330Z,2.6641,2.6761,100,100,44.9
2026-04-21 15:33:40.475Z,2.6663,2.6753,100,100,33.7
2026-04-21 15:33:41.778Z,2.6658,2.6756,100,100,36.7
2026-04-21 15:33:42.067Z,2.6674,2.6778,100,100,38.9
2026-04-21 15:33:43.840Z,2.6661,2.6783,100,100,45.7
2026-04-21 15:33:44.540Z,2.6679,2.6805,100,100,47.1
2026-04-21 15:33:45.267Z,2.6686,2.6808,100,100,45.6
2026-04-21 15:33:46.599Z,2.6680,2.6798,100,100,44.1
2026-04-21 15:33:47.177Z,2.6693,2.6779,100,100,32.2
2026-04-21 15:33:48.278Z,2.6692,2.6794,100,100,38.1
2026-04-21 15:33:49.323Z,2.6688,2.6774,100,100,32.2
2026-04-21 15:33:50.190Z,2.6693,2.6783,100,100,33.7
2026-04-21 15:33:51.835Z,2.6687,2.6777,100,100,33.7
2026-04-21 15:33:52.661Z,2.6667,2.6781,100,100,42.7
2026-04-21 15:33:53.609Z,2.6667,2.6777,100,100,41.2
2026-04-21 15:33:54.711Z,2.6670,2.6764,100,100,35.2
2026-04-21 15:33:55.068Z,2.6672,2.6756,100,100,31.4
2026-04-21 15:33:56.113Z,2.6643,2.6759,100,100,43.4
2026-04-21 15:33:57.551Z,2.6654,2.6742,100,100,33.0
2026-04-21 15:33:58.662Z,2.6637,2.6753,100,100,43.5
2026-04-21 15:33:59.044Z,2.6654,2.6746,100,100,34.5
2026-04-21 15:34:00.095Z,2.6541,2.6659,100,100,44.4
2026-04-21 15:34:01.210Z,2.6558,2.6650,100,100,34.6
2026-04-21 15:34:02.172Z,2.6538,2.6658,100,100,45.1
2026-04-21 15:34:03.475Z,2.6539,2.6653,100,100,42.9
2026-04-21 15:34:04.221Z,2.6557,2.6649,100,100,34.6
2026-04-21 15:34:05.311Z,2.6554,2.6654,100,100,37.6
2026-04-21 15:34:06.860Z,2.6543,2.6655,100,100,42.1
2026-04-21 15:34:07.729Z,2.6542,2.6646,100,100,39.1
2026-04-21 15:34:08.234Z,2.6554,2.6654,100,100,37.6
2026-04-21 15:34:09.400Z,2.6557,2.6655,100,100,36.8
2026-04-21 15:34:10.428Z,2.6553,2.6653,100,100,37.6
2026-04-21 15:34:11.064Z,2.6533,2.6655,100,100,45.9
2026-04-21 15:34:12.892Z,2.6554,2.6650,100,100,36.1
2026-04-21 15:34:13.064Z,2.6546,2.6664,100,100,44.4
2026-04-21 15:34:14.864Z,2.6553,2.6651,100,100,36.8
2026-04-21 15:34:15.423Z,2.6544,2.6662,100,100,44.4
2026-04-21 15:34:16.276Z,2.6538,2.6652,100,100,42.9
2026-04-21 15:34:17.721Z,2.6558,2.6648,100,100,33.8
2026-04-21 15:34:18.419Z,2.6554,2.6658,100,100,39.1
2026-04-21 15:34:19.574Z,2.6537,2.6659,100,100,45.9
2026-04-21 15:34:20.297Z,2.6547,2.6671,100,100,46.6
2026-04-21 15:34:21.746Z,2.6583,2.6673,100,100,33.8
2026-04-21 15:34:22.119Z,2.6602,2.6694,100,100,34.5
2026-04-21 15:34:23.677Z,2.6609,2.6709,100,100,37.5
2026-04-21 15:34:24.395Z,2.6620,2.6754,100,100,50.2
2026-04-21 15:34:25.425Z,2.6663,2.6773,100,100,41.2
2026-04-21 15:34:26.118Z,2.6684,2.6794,100,100,41.1
2026-04-21 15:34:27.233Z,2.6701,2.6827,100,100,47.1
2026-04-21 15:34:28.462Z,2.6742,2.6846,100,100,38.8
2026-04-21 15:34:29.608Z,2.6772,2.6884,100,100,41.7
2026-04-21 15:34:30.057Z,2.6797,2.6917,100,100,44.7
2026-04-21 15:34:31.299Z,2.6830,2.6944,100,100,42.4
2026-04-21 15:34:32.873Z,2.6859,2.6961,100,100,37.9
2026-04-21 15:34:33.857Z,2.6885,2.6989,100,100,38.6
2026-04-21 15:34:34.658Z,2.6899,2.6997,100,100,36.4
2026-04-21 15:34:35.475Z,2.6912,2.7032,100,100,44.5
2026-04-21 15:34:36.278Z,2.6939,2.7031,100,100,34.1
2026-04-21 15:34:37.181Z,2.6937,2.7043,100,100,39.3
2026-04-21 15:34:38.694Z,2.6937,2.7053,100,100,43.0
2026-04-21 15:34:39.812Z,2.6952,2.7054,100,100,37.8
2026-04-21 15:34:40.412Z,2.6942,2.7056,100,100,42.2
2026-04-21 15:34:41.823Z,2.6938,2.7030,100,100,34.1
2026-04-21 15:34:42.398Z,2.6930,2.7024,100,100,34.8
2026-04-21 15:34:43.160Z,2.6924,2.7014,100,100,33.4
2026-04-21 15:34:44.150Z,2.6924,2.7008,100,100,31.2
2026-04-21 15:34:45.065Z,2.6908,2.7006,100,100,36.4
2026-04-21 15:34:46.542Z,2.6908,2.6996,100,100,32.7
2026-04-21 15:34:47.473Z,2.6895,2.7007,100,100,41.6
2026-04-21 15:34:48.463Z,2.6906,2.7016,100,100,40.8
2026-04-21 15:34:49.336Z,2.6902,2.7010,100,100,40.1
2026-04-21 15:34:50.078Z,2.6923,2.7019,100,100,35.6
2026-04-21 15:34:51.892Z,2.6914,2.7034,100,100,44.5
2026-04-21 15:34:52.475Z,2.6936,2.7022,100,100,31.9
2026-04-21 15:34:53.484Z,2.6931,2.7039,100,100,40.0
2026-04-21 15:34:54.424Z,2.6928,2.7044,100,100,43.0
2026-04-21 15:34:55.651Z,2.6950,2.7038,100,100,32.6
2026-04-21 15:34:56.405Z,2.6953,2.7035,100,100,30.4
2026-04-21 15:34:57.060Z,2.6951,2.7043,100,100,34.1
2026-04-21 15:34:58.817Z,2.6948,2.7058,100,100,40.7
2026-04-21 15:34:59.421Z,2.6958,2.7042,100,100,31.1
2026-04-21 15:39:00.673Z,2.6140,2.6260,100,100,45.8
2026-04-21 15:39:01.896Z,2.6138,2.6250,100,100,42.8
2026-04-21 15:39:02.028Z,2.6142,2.6264,100,100,46.6
2026-04-21 15:39:03.436Z,2.6165,2.6247,100,100,31.3
2026-04-21 15:39:04.747Z,2.6157,2.6245,100,100,33.6
2026-04-21 15:39:05.066Z,2.6153,2.6249,100,100,36.6
2026-04-21 15:39:06.217Z,2.6145,2.6251,100,100,40.5
2026-04-21 15:39:07.425Z,2.6154,2.6258,100,100,39.7
2026-04-21 15:39:08.508Z,2.6138,2.6252,100,100,43.5
2026-04-21 15:39:09.782Z,2.6154,2.6238,100,100,32.1
2026-04-21 15:39:10.511Z,2.6155,2.6239,100,100,32.1
2026-04-21 15:39:11.216Z,2.6139,2.6255,100,100,44.3
2026-04-21 15:39:12.162Z,2.6141,2.6257,100,100,44.3
2026-04-21 15:39:13.651Z,2.6155,2.6251,100,100,36.6
2026-04-21 15:39:14.451Z,2.6160,2.6250,100,100,34.3
2026-04-21 15:39:15.435Z,2.6153,2.6243,100,100,34.4
2026-04-21 15:39:16.709Z,2.6154,2.6246,100,100,35.1
2026-04-21 15:39:17.860Z,2.6152,2.6260,100,100,41.2
2026-04-21 15:39:18.767Z,2.6145,2.6259,100,100,43.5
2026-04-21 15:39:19.402Z,2.6153,2.6259,100,100,40.4
2026-04-21 15:39:20.707Z,2.6144,2.6254,100,100,42.0
2026-04-21 15:39:21.844Z,2.6144,2.6264,100,100,45.8
2026-04-21 15:39:22.114Z,2.6153,2.6251,100,100,37.4
2026-04-21 15:39:23.626Z,2.6158,2.6252,100,100,35.9
2026-04-21 15:39:24.003Z,2.6135,2.6259,100,100,47.3
2026-04-21 15:39:25.375Z,2.6138,2.6252,100,100,43.5
2026-04-21 15:39:26.201Z,2.6159,2.6245,100,100,32.8
2026-04-21 15:39:27.020Z,2.6147,2.6243,100,100,36.6
2026-04-21 15:39:28.666Z,2.6156,2.6246,100,100,34.3
2026-04-21 15:39:29.376Z,2.6152,2.6258,100,100,40.5
2026-04-21 15:39:30.182Z,2.6151,2.6237,100,100,32.8
2026-04-21 15:39:31.362Z,2.6155,2.6245,100,100,34.4
2026-04-21 15:39:32.225Z,2.6152,2.6256,100,100,39.7
2026-04-21 15:39:33.157Z,2.6143,2.6245,100,100,38.9
2026-04-21 15:39:34.362Z,2.6157,2.6243,100,100,32.8
2026-04-21 15:39:35.703Z,2.6143,2.6265,100,100,46.6
2026-04-21 15:39:36.802Z,2.6143,2.6251,100,100,41.2
2026-04-21 15:39:37.864Z,2.6160,2.6248,100,100,33.6
2026-04-21 15:39:38.548Z,2.6143,2.6253,100,100,42.0
2026-04-21 15:39:39.168Z,2.6150,2.6248,100,100,37.4
2026-04-21 15:39:40.232Z,2.6148,2.6250,100,100,38.9
2026-04-21 15:39:41.664Z,2.6159,2.6251,100,100,35.1
2026-04-21 15:39:42.220Z,2.6144,2.6244,100,100,38.2
2026-04-21 15:39:43.148Z,2.6145,2.6263,100,100,45.0
2026-04-21 15:39:44.256Z,2.6154,2.6244,100,100,34.4
2026-04-21 15:39:45.144Z,2.6153,2.6253,100,100,38.2
2026-04-21 15:39:46.696Z,2.6138,2.6258,100,100,45.8
2026-04-21 15:39:47.764Z,2.6144,2.6244,100,100,38.2
2026-04-21 15:39:48.339Z,2.6157,2.6251,100,100,35.9
2026-04-21 15:39:49.286Z,2.6158,2.6242,100,100,32.1
2026-04-21 15:39:50.470Z,2.6161,2.6247,100,100,32.8
2026-04-21 15:39:51.860Z,2.6158,2.6252,100,100,35.9
2026-04-21 15:39:52.365Z,2.6153,2.6245,100,100,35.1
2026-04-21 15:39:53.744Z,2.6156,2.6238,100,100,31.3
2026-04-21 15:39:54.561Z,2.6142,2.6246,100,100,39.7
2026-04-21 15:39:55.646Z,2.6147,2.6259,100,100,42.7
2026-04-21 15:39:56.758Z,2.6162,2.6248,100,100,32.8
2026-04-21 15:39:57.848Z,2.6147,2.6243,100,100,36.6
2026-04-21 15:39:58.086Z,2.6150,2.6254,100,100,39.7
2026-04-21 15:39:59.199Z,2.6142,2.6258,100,100,44.3
2026-04-21 15:57:00.711Z,2.6296,2.6404,100,100,41.0
2026-04-21 15:57:01.845Z,2.6305,2.6397,100,100,34.9
2026-04-21 15:57:02.424Z,2.6285,2.6403,100,100,44.8
2026-04-21 15:57:03.337Z,2.6307,2.6399,100,100,34.9
2026-04-21 15:57:04.257Z,2.6310,2.6396,100,100,32.6
2026-04-21 15:57:05.051Z,2.6292,2.6406,100,100,43.3
2026-04-21 15:57:06.170Z,2.6300,2.6406,100,100,40.2
2026-04-21 15:57:07.548Z,2.6296,2.6398,100,100,38.7
2026-04-21 15:57:08.559Z,2.6298,2.6390,100,100,34.9
2026-04-21 15:57:09.511Z,2.6303,2.6409,100,100,40.2
2026-04-21 15:57:10.586Z,2.6297,2.6397,100,100,38.0
2026-04-21 15:57:11.880Z,2.6302,2.6392,100,100,34.2
2026-04-21 15:57:12.511Z,2.6307,2.6393,100,100,32.6
2026-04-21 15:57:13.008Z,2.6302,2.6392,100,100,34.2
2026-04-21 15:57:14.524Z,2.6299,2.6411,100,100,42.5
2026-04-21 15:57:15.079Z,2.6290,2.6404,100,100,43.3
2026-04-21 15:57:16.384Z,2.6306,2.6404,100,100,37.2
2026-04-21 15:57:17.703Z,2.6301,2.6401,100,100,37.9
2026-04-21 15:57:18.367Z,2.6303,2.6399,100,100,36.4
2026-04-21 15:57:19.678Z,2.6293,2.6399,100,100,40.2
2026-04-21 15:57:20.021Z,2.6307,2.6403,100,100,36.4
2026-04-21 15:57:21.068Z,2.6305,2.6395,100,100,34.2
2026-04-21 15:57:22.455Z,2.6300,2.6392,100,100,34.9
2026-04-21 15:57:23.863Z,2.6291,2.6397,100,100,40.2
2026-04-21 15:57:24.623Z,2.6292,2.6404,100,100,42.5
2026-04-21 15:57:25.402Z,2.6303,2.6403,100,100,37.9
2026-04-21 15:57:26.528Z,2.6312,2.6396,100,100,31.9
2026-04-21 15:57:27.273Z,2.6287,2.6403,100,100,44.0
2026-04-21 15:57:28.168Z,2.6310,2.6402,100,100,34.9
2026-04-21 15:57:29.024Z,2.6306,2.6402,100,100,36.4
2026-04-21 15:57:30.319Z,2.6310,2.6392,100,100,31.1
2026-04-21 15:57:31.279Z,2.6296,2.6394,100,100,37.2
2026-04-21 15:57:32.797Z,2.6302,2.6408,100,100,40.2
2026-04-21 15:57:33.570Z,2.6290,2.6408,100,100,44.8
2026-04-21 15:57:34.644Z,2.6300,2.6408,100,100,41.0
2026-04-21 15:57:35.614Z,2.6296,2.6408,100,100,42.5
2026-04-21 15:57:36.250Z,2.6293,2.6411,100,100,44.8
2026-04-21 15:57:37.787Z,2.6296,2.6394,100,100,37.2
2026-04-21 15:57:38.535Z,2.6295,2.6395,100,100,38.0
2026-04-21 15:57:39.201Z,2.6301,2.6389,100,100,33.4
2026-04-21 15:57:40.350Z,2.6304,2.6408,100,100,39.5
2026-04-21 15:57:41.329Z,2.6310,2.6400,100,100,34.1
2026-04-21 15:57:42.270Z,2.6297,2.6399,100,100,38.7
2026-04-21 15:57:43.396Z,2.6291,2.6405,100,100,43.3
2026-04-21 15:57:44.059Z,2.6307,2.6405,100,100,37.2
2026-04-21 15:57:45.761Z,2.6296,2.6408,100,100,42.5
2026-04-21 15:57:46.587Z,2.6299,2.6391,100,100,34.9
2026-04-21 15:57:47.194Z,2.6311,2.6401,100,100,34.1
2026-04-21 15:57:48.080Z,2.6300,2.6406,100,100,40.2
2026-04-21 15:57:49.793Z,2.6298,2.6390,100,100,34.9
2026-04-21 15:57:50.147Z,2.6296,2.6406,100,100,41.7
2026-04-21 15:57:51.556Z,2.6302,2.6388,100,100,32.6
2026-04-21 15:57:52.250Z,2.6295,2.6417,100,100,46.3
2026-04-21 15:57:53.379Z,2.6310,2.6392,100,100,31.1
2026-04-21 15:57:54.176Z,2.6299,2.6395,100,100,36.4
2026-04-21 15:57:55.821Z,2.6292,2.6416,100,100,47.1
2026-04-21 15:57:56.567Z,2.6297,2.6403,100,100,40.2
2026-04-21 15:57:57.120Z,2.6304,2.6392,100,100,33.4
2026-04-21 15:57:58.045Z,2.6302,2.6404,100,100,38.7
2026-04-21 15:57:59.493Z,2.6290,2.6410,100,100,45.5
2026-04-21 16:39:00.614Z,2.5956,2.6046,100,100,34.6
2026-04-21 16:39:01.725Z,2.5956,2.6042,100,100,33.1
2026-04-21 16:39:02.833Z,2.5967,2.6059,100,100,35.4
2026-04-21 16:39:03.358Z,2.5958,2.6074,100,100,44.6
2026-04-21 16:39:04.322Z,2.5964,2.6082,100,100,45.3
2026-04-21 16:39:05.405Z,2.5984,2.6102,100,100,45.3
2026-04-21 16:39:06.084Z,2.6001,2.6115,100,100,43.7
2026-04-21 16:39:07.267Z,2.6022,2.6124,100,100,39.1
2026-04-21 16:39:08.605Z,2.6032,2.6128,100,100,36.8
2026-04-21 16:39:09.317Z,2.6031,2.6139,100,100,41.4
2026-04-21 16:39:10.486Z,2.6036,2.6156,100,100,46.0
2026-04-21 16:39:11.851Z,2.6048,2.6160,100,100,42.9
2026-04-21 16:39:12.447Z,2.6056,2.6160,100,100,39.8
2026-04-21 16:39:13.687Z,2.6051,2.6161,100,100,42.1
2026-04-21 16:39:14.450Z,2.6049,2.6145,100,100,36.8
2026-04-21 16:39:15.241Z,2.6049,2.6137,100,100,33.7
2026-04-21 16:39:16.667Z,2.6027,2.6145,100,100,45.2
2026-04-21 16:39:17.478Z,2.6029,2.6123,100,100,36.0
2026-04-21 16:39:18.270Z,2.6035,2.6121,100,100,33.0
2026-04-21 16:39:19.035Z,2.6041,2.6131,100,100,34.5
2026-04-21 16:39:20.387Z,2.6017,2.6127,100,100,42.2
2026-04-21 16:39:21.132Z,2.6031,2.6125,100,100,36.0
2026-04-21 16:39:22.304Z,2.6006,2.6130,100,100,47.6
2026-04-21 16:39:23.293Z,2.6025,2.6111,100,100,33.0
2026-04-21 16:39:24.054Z,2.6016,2.6122,100,100,40.7
2026-04-21 16:39:25.538Z,2.5994,2.6118,100,100,47.6
2026-04-21 16:39:26.443Z,2.6005,2.6101,100,100,36.8
2026-04-21 16:39:27.532Z,2.5987,2.6095,100,100,41.5
2026-04-21 16:39:28.226Z,2.5993,2.6081,100,100,33.8
2026-04-21 16:39:29.433Z,2.5981,2.6091,100,100,42.2
2026-04-21 16:39:30.008Z,2.5992,2.6078,100,100,33.0
2026-04-21 16:39:31.724Z,2.5966,2.6070,100,100,40.0
2026-04-21 16:39:32.666Z,2.5960,2.6066,100,100,40.7
2026-04-21 16:39:33.846Z,2.5958,2.6076,100,100,45.4
2026-04-21 16:39:34.690Z,2.5954,2.6070,100,100,44.6
2026-04-21 16:39:35.315Z,2.5949,2.6065,100,100,44.6
2026-04-21 16:39:36.725Z,2.5948,2.6050,100,100,39.2
2026-04-21 16:39:37.027Z,2.5947,2.6067,100,100,46.1
2026-04-21 16:39:38.702Z,2.5948,2.6046,100,100,37.7
2026-04-21 16:39:39.880Z,2.5944,2.6056,100,100,43.1
2026-04-21 16:39:40.250Z,2.5948,2.6058,100,100,42.3
2026-04-21 16:39:41.887Z,2.5936,2.6058,100,100,46.9
2026-04-21 16:39:42.885Z,2.5943,2.6059,100,100,44.6
2026-04-21 16:39:43.657Z,2.5956,2.6038,100,100,31.5
2026-04-21 16:39:44.346Z,2.5957,2.6053,100,100,36.9
2026-04-21 16:39:45.557Z,2.5948,2.6058,100,100,42.3
2026-04-21 16:39:46.707Z,2.5946,2.6068,100,100,46.9
2026-04-21 16:39:47.803Z,2.5956,2.6054,100,100,37.7
2026-04-21 16:39:48.761Z,2.5956,2.6056,100,100,38.5
2026-04-21 16:39:49.747Z,2.5939,2.6053,100,100,43.9
2026-04-21 16:39:50.326Z,2.5940,2.6062,100,100,46.9
2026-04-21 16:39:51.781Z,2.5953,2.6039,100,100,33.1
2026-04-21 16:39:52.483Z,2.5940,2.6050,100,100,42.3
2026-04-21 16:39:53.700Z,2.5950,2.6040,100,100,34.6
2026-04-21 16:39:54.851Z,2.5954,2.6044,100,100,34.6
2026-04-21 16:39:55.125Z,2.5942,2.6056,100,100,43.8
2026-04-21 16:39:56.371Z,2.5947,2.6059,100,100,43.1
2026-04-21 16:39:57.634Z,2.5951,2.6047,100,100,36.9
2026-04-21 16:39:58.018Z,2.5957,2.6047,100,100,34.6
2026-04-21 16:39:59.389Z,2.5952,2.6048,100,100,36.9
2026-04-21 16:41:00.220Z,2.6046,2.6144,100,100,37.6
2026-04-21 16:41:01.368Z,2.6040,2.6158,100,100,45.2
2026-04-21 16:41:02.543Z,2.6046,2.6132,100,100,33.0
2026-04-21 16:41:03.081Z,2.6050,2.6134,100,100,32.2
2026-04-21 16:41:04.195Z,2.6044,2.6156,100,100,42.9
2026-04-21 16:41:05.753Z,2.6042,2.6136,100,100,36.0
2026-04-21 16:41:06.543Z,2.6043,2.6159,100,100,44.4
2026-04-21 16:41:07.069Z,2.6035,2.6151,100,100,44.5
2026-04-21 16:41:08.045Z,2.6043,2.6155,100,100,42.9
2026-04-21 16:41:09.179Z,2.6044,2.6148,100,100,39.9
2026-04-21 16:41:10.218Z,2.6059,2.6141,100,100,31.4
2026-04-21 16:41:11.204Z,2.6030,2.6148,100,100,45.2
2026-04-21 16:41:12.825Z,2.6054,2.6140,100,100,33.0
2026-04-21 16:41:13.318Z,2.6044,2.6138,100,100,36.0
2026-04-21 16:41:14.147Z,2.6048,2.6132,100,100,32.2
2026-04-21 16:41:15.893Z,2.6050,2.6150,100,100,38.3
2026-04-21 16:41:16.244Z,2.6053,2.6145,100,100,35.3
2026-04-21 16:41:17.397Z,2.6053,2.6141,100,100,33.7
2026-04-21 16:41:18.639Z,2.6053,2.6145,100,100,35.3
2026-04-21 16:41:19.745Z,2.6047,2.6135,100,100,33.7
2026-04-21 16:41:20.707Z,2.6038,2.6154,100,100,44.5
2026-04-21 16:41:21.624Z,2.6037,2.6151,100,100,43.7
2026-04-21 16:41:22.279Z,2.6044,2.6132,100,100,33.7
2026-04-21 16:41:23.152Z,2.6044,2.6142,100,100,37.6
2026-04-21 16:41:24.428Z,2.6051,2.6143,100,100,35.3
2026-04-21 16:41:25.598Z,2.6051,2.6147,100,100,36.8
2026-04-21 16:41:26.539Z,2.6052,2.6140,100,100,33.7
2026-04-21 16:41:27.042Z,2.6049,2.6145,100,100,36.8
2026-04-21 16:41:28.062Z,2.6048,2.6138,100,100,34.5
2026-04-21 16:41:29.246Z,2.6050,2.6148,100,100,37.5
2026-04-21 16:41:30.842Z,2.6037,2.6155,100,100,45.2
2026-04-21 16:41:31.698Z,2.6043,2.6135,100,100,35.3
2026-04-21 16:41:32.615Z,2.6042,2.6142,100,100,38.3
2026-04-21 16:41:33.207Z,2.6034,2.6154,100,100,46.0
2026-04-21 16:41:34.703Z,2.6031,2.6149,100,100,45.2
2026-04-21 16:41:35.880Z,2.6037,2.6147,100,100,42.2
2026-04-21 16:41:36.750Z,2.6040,2.6148,100,100,41.4
2026-04-21 16:41:37.420Z,2.6053,2.6145,100,100,35.3
2026-04-21 16:41:38.429Z,2.6059,2.6143,100,100,32.2
2026-04-21 16:41:39.635Z,2.6042,2.6138,100,100,36.8
2026-04-21 16:41:40.543Z,2.6038,2.6160,100,100,46.7
2026-04-21 16:41:41.783Z,2.6049,2.6135,100,100,33.0
2026-04-21 16:41:42.302Z,2.6056,2.6146,100,100,34.5
2026-04-21 16:41:43.145Z,2.6049,2.6145,100,100,36.8
2026-04-21 16:41:44.538Z,2.6039,2.6143,100,100,39.9
2026-04-21 16:41:45.778Z,2.6037,2.6163,100,100,48.3
2026-04-21 16:41:46.620Z,2.6041,2.6155,100,100,43.7
2026-04-21 16:41:47.524Z,2.6034,2.6152,100,100,45.2
2026-04-21 16:41:48.200Z,2.6058,2.6142,100,100,32.2
2026-04-21 16:41:49.137Z,2.6038,2.6142,100,100,39.9
2026-04-21 16:41:50.091Z,2.6049,2.6147,100,100,37.6
2026-04-21 16:41:51.710Z,2.6055,2.6139,100,100,32.2
2026-04-21 16:41:52.192Z,2.6045,2.6153,100,100,41.4
2026-04-21 16:41:53.079Z,2.6044,2.6158,100,100,43.7
2026-04-21 16:41:54.707Z,2.6027,2.6153,100,100,48.3
2026-04-21 16:41:55.032Z,2.6042,2.6158,100,100,44.4
2026-04-21 16:41:56.799Z,2.6048,2.6154,100,100,40.6
2026-04-21 16:41:57.307Z,2.6034,2.6156,100,100,46.8
2026-04-21 16:41:58.390Z,2.6046,2.6136,100,100,34.5
2026-04-21 16:41:59.066Z,2.6040,2.6150,100,100,42.2
2026-04-21 16:42:00.575Z,2.6091,2.6183,100,100,35.2
2026-04-21 16:42:01.555Z,2.6093,2.6179,100,100,32.9
2026-04-21 16:42:02.087Z,2.6089,2.6197,100,100,41.3
2026-04-21 16:42:03.560Z,2.6094,2.6182,100,100,33.7
2026-04-21 16:42:04.560Z,2.6082,2.6194,100,100,42.8
2026-04-21 16:42:05.390Z,2.6084,2.6176,100,100,35.2
2026-04-21 16:42:06.139Z,2.6081,2.6193,100,100,42.9
2026-04-21 16:42:07.653Z,2.6082,2.6188,100,100,40.6
2026-04-21 16:42:08.074Z,2.6084,2.6192,100,100,41.3
2026-04-21 16:42:09.767Z,2.6083,2.6183,100,100,38.3
2026-04-21 16:42:10.657Z,2.6088,2.6180,100,100,35.2
2026-04-21 16:42:11.102Z,2.6082,2.6180,100,100,37.5
2026-04-21 16:42:12.598Z,2.6084,2.6202,100,100,45.1
2026-04-21 16:42:13.063Z,2.6100,2.6182,100,100,31.4
2026-04-21 16:42:14.818Z,2.6087,2.6195,100,100,41.3
2026-04-21 16:42:15.325Z,2.6077,2.6197,100,100,45.9
2026-04-21 16:42:16.416Z,2.6079,2.6191,100,100,42.9
2026-04-21 16:42:17.129Z,2.6093,2.6187,100,100,36.0
2026-04-21 16:42:18.637Z,2.6085,2.6187,100,100,39.0
2026-04-21 16:42:19.332Z,2.6077,2.6195,100,100,45.1
2026-04-21 16:42:20.843Z,2.6097,2.6185,100,100,33.7
2026-04-21 16:42:21.484Z,2.6084,2.6198,100,100,43.6
2026-04-21 16:42:22.334Z,2.6081,2.6185,100,100,39.8
2026-04-21 16:42:23.138Z,2.6094,2.6178,100,100,32.1
2026-04-21 16:42:24.068Z,2.6091,2.6183,100,100,35.2
2026-04-21 16:42:25.583Z,2.6083,2.6199,100,100,44.4
2026-04-21 16:42:26.264Z,2.6085,2.6201,100,100,44.4
2026-04-21 16:42:27.233Z,2.6097,2.6181,100,100,32.1
2026-04-21 16:42:28.130Z,2.6078,2.6196,100,100,45.1
2026-04-21 16:42:29.130Z,2.6090,2.6184,100,100,36.0
2026-04-21 16:42:30.061Z,2.6073,2.6195,100,100,46.7
2026-04-21 16:42:31.648Z,2.6079,2.6183,100,100,39.8
2026-04-21 16:42:32.815Z,2.6087,2.6187,100,100,38.3
2026-04-21 16:42:33.261Z,2.6082,2.6196,100,100,43.6
2026-04-21 16:42:34.584Z,2.6099,2.6187,100,100,33.7
2026-04-21 16:42:35.268Z,2.6085,2.6185,100,100,38.3
2026-04-21 16:42:36.531Z,2.6092,2.6174,100,100,31.4
2026-04-21 16:42:37.070Z,2.6087,2.6183,100,100,36.7
2026-04-21 16:42:38.864Z,2.6076,2.6190,100,100,43.6
2026-04-21 16:42:39.828Z,2.6086,2.6194,100,100,41.3
2026-04-21 16:42:40.599Z,2.6099,2.6187,100,100,33.7
2026-04-21 16:42:41.728Z,2.6090,2.6192,100,100,39.0
2026-04-21 16:42:42.637Z,2.6092,2.6178,100,100,32.9
2026-04-21 16:42:43.279Z,2.6082,2.6180,100,100,37.5
2026-04-21 16:42:44.491Z,2.6088,2.6176,100,100,33.7
2026-04-21 16:42:45.099Z,2.6080,2.6182,100,100,39.0
2026-04-21 16:42:46.101Z,2.6078,2.6190,100,100,42.9
2026-04-21 16:42:47.656Z,2.6097,2.6189,100,100,35.2
2026-04-21 16:42:48.043Z,2.6085,2.6187,100,100,39.0
2026-04-21 16:42:49.024Z,2.6094,2.6186,100,100,35.2
2026-04-21 16:42:50.881Z,2.6087,2.6191,100,100,39.8
2026-04-21 16:42:51.448Z,2.6091,2.6175,100,100,32.1
2026-04-21 16:42:52.776Z,2.6080,2.6198,100,100,45.1
2026-04-21 16:42:53.371Z,2.6085,2.6183,100,100,37.5
2026-04-21 16:42:54.690Z,2.6077,2.6199,100,100,46.7
2026-04-21 16:42:55.681Z,2.6088,2.6178,100,100,34.4
2026-04-21 16:42:56.243Z,2.6081,2.6185,100,100,39.8
2026-04-21 16:42:57.472Z,2.6088,2.6190,100,100,39.0
2026-04-21 16:42:58.249Z,2.6084,2.6192,100,100,41.3
2026-04-21 16:42:59.763Z,2.6096,2.6178,100,100,31.4
2026-04-21 16:56:00.133Z,2.5950,2.6050,100,100,38.5
2026-04-21 16:56:01.889Z,2.5953,2.6057,100,100,40.0
2026-04-21 16:56:02.691Z,2.5963,2.6047,100,100,32.3
2026-04-21 16:56:03.212Z,2.5946,2.6050,100,100,40.0
2026-04-21 16:56:04.395Z,2.5945,2.6067,100,100,46.9
2026-04-21 16:56:05.236Z,2.5949,2.6055,100,100,40.8
2026-04-21 16:56:06.308Z,2.5952,2.6048,100,100,36.9
2026-04-21 16:56:07.693Z,2.5941,2.6051,100,100,42.3
2026-04-21 16:56:08.584Z,2.5950,2.6044,100,100,36.2
2026-04-21 16:56:09.668Z,2.5957,2.6039,100,100,31.5
2026-04-21 16:56:10.503Z,2.5958,2.6044,100,100,33.1
2026-04-21 16:56:11.256Z,2.5947,2.6059,100,100,43.1
2026-04-21 16:56:12.011Z,2.5952,2.6036,100,100,32.3
2026-04-21 16:56:13.274Z,2.5941,2.6061,100,100,46.2
2026-04-21 16:56:14.579Z,2.5944,2.6060,100,100,44.6
2026-04-21 16:56:15.047Z,2.5946,2.6058,100,100,43.1
2026-04-21 16:56:16.048Z,2.5947,2.6053,100,100,40.8
2026-04-21 16:56:17.225Z,2.5935,2.6057,100,100,46.9
2026-04-21 16:56:18.714Z,2.5951,2.6051,100,100,38.5
2026-04-21 16:56:19.617Z,2.5958,2.6050,100,100,35.4
2026-04-21 16:56:20.402Z,2.5941,2.6051,100,100,42.3
2026-04-21 16:56:21.152Z,2.5950,2.6056,100,100,40.8
2026-04-21 16:56:22.784Z,2.5950,2.6048,100,100,37.7
2026-04-21 16:56:23.638Z,2.5954,2.6042,100,100,33.8
2026-04-21 16:56:24.237Z,2.5959,2.6053,100,100,36.1
2026-04-21 16:56:25.856Z,2.5952,2.6048,100,100,36.9
2026-04-21 16:56:26.557Z,2.5942,2.6048,100,100,40.8
2026-04-21 16:56:27.516Z,2.5940,2.6052,100,100,43.1
2026-04-21 16:56:28.039Z,2.5949,2.6057,100,100,41.5
2026-04-21 16:56:29.861Z,2.5946,2.6052,100,100,40.8
2026-04-21 16:56:30.829Z,2.5943,2.6059,100,100,44.6
2026-04-21 16:56:31.274Z,2.5949,2.6061,100,100,43.1
2026-04-21 16:56:32.599Z,2.5943,2.6061,100,100,45.4
2026-04-21 16:56:33.476Z,2.5941,2.6053,100,100,43.1
2026-04-21 16:56:34.707Z,2.5957,2.6041,100,100,32.3
2026-04-21 16:56:35.031Z,2.5950,2.6062,100,100,43.1
2026-04-21 16:56:36.811Z,2.5945,2.6043,100,100,37.7
2026-04-21 16:56:37.590Z,2.5945,2.6051,100,100,40.8
2026-04-21 16:56:38.456Z,2.5939,2.6059,100,100,46.2
2026-04-21 16:56:39.711Z,2.5955,2.6047,100,100,35.4
2026-04-21 16:56:40.089Z,2.5941,2.6057,100,100,44.6
2026-04-21 16:56:41.322Z,2.5949,2.6043,100,100,36.2
2026-04-21 16:56:42.449Z,2.5942,2.6062,100,100,46.2
2026-04-21 16:56:43.177Z,2.5955,2.6041,100,100,33.1
2026-04-21 16:56:44.422Z,2.5946,2.6048,100,100,39.2
2026-04-21 16:56:45.661Z,2.5944,2.6050,100,100,40.8
2026-04-21 16:56:46.001Z,2.5953,2.6037,100,100,32.3
2026-04-21 16:56:47.012Z,2.5953,2.6055,100,100,39.2
2026-04-21 16:56:48.828Z,2.5939,2.6053,100,100,43.9
2026-04-21 16:56:49.372Z,2.5942,2.6054,100,100,43.1
2026-04-21 16:56:50.832Z,2.5949,2.6041,100,100,35.4
2026-04-21 16:56:51.245Z,2.5952,2.6050,100,100,37.7
2026-04-21 16:56:52.403Z,2.5948,2.6048,100,100,38.5
2026-04-21 16:56:53.473Z,2.5934,2.6054,100,100,46.2
2026-04-21 16:56:54.655Z,2.5948,2.6040,100,100,35.4
2026-04-21 16:56:55.835Z,2.5939,2.6051,100,100,43.1
2026-04-21 16:56:56.166Z,2.5950,2.6058,100,100,41.5
2026-04-21 16:56:57.035Z,2.5957,2.6043,100,100,33.1
2026-04-21 16:56:58.412Z,2.5950,2.6062,100,100,43.1
2026-04-21 16:56:59.402Z,2.5947,2.6053,100,100,40.8
2026-04-21 17:07:00.394Z,2.5860,2.5976,100,100,44.8
2026-04-21 17:07:01.820Z,2.5881,2.5967,100,100,33.2
2026-04-21 17:07:02.795Z,2.5858,2.5968,100,100,42.4
2026-04-21 17:07:03.351Z,2.5861,2.5983,100,100,47.1
2026-04-21 17:07:04.170Z,2.5866,2.5978,100,100,43.2
2026-04-21 17:07:05.062Z,2.5870,2.5976,100,100,40.9
2026-04-21 17:07:06.786Z,2.5871,2.5975,100,100,40.1
2026-04-21 17:07:07.789Z,2.5853,2.5975,100,100,47.1
2026-04-21 17:07:08.219Z,2.5879,2.5963,100,100,32.4
2026-04-21 17:07:09.263Z,2.5878,2.5960,100,100,31.6
2026-04-21 17:07:10.430Z,2.5871,2.5967,100,100,37.0
2026-04-21 17:07:11.591Z,2.5873,2.5955,100,100,31.6
2026-04-21 17:07:12.754Z,2.5867,2.5973,100,100,40.9
2026-04-21 17:07:13.512Z,2.5877,2.5959,100,100,31.6
2026-04-21 17:07:14.266Z,2.5876,2.5968,100,100,35.5
2026-04-21 17:07:15.744Z,2.5883,2.5965,100,100,31.6
2026-04-21 17:07:16.244Z,2.5864,2.5966,100,100,39.4
2026-04-21 17:07:17.835Z,2.5866,2.5972,100,100,40.9
2026-04-21 17:07:18.327Z,2.5872,2.5960,100,100,34.0
2026-04-21 17:07:19.730Z,2.5862,2.5976,100,100,44.0
2026-04-21 17:07:20.702Z,2.5863,2.5981,100,100,45.5
2026-04-21 17:07:21.232Z,2.5854,2.5972,100,100,45.5
2026-04-21 17:07:22.741Z,2.5856,2.5972,100,100,44.8
2026-04-21 17:07:23.529Z,2.5867,2.5963,100,100,37.0
2026-04-21 17:07:24.417Z,2.5867,2.5973,100,100,40.9
2026-04-21 17:07:25.406Z,2.5856,2.5968,100,100,43.2
2026-04-21 17:07:26.522Z,2.5871,2.5961,100,100,34.7
2026-04-21 17:07:27.817Z,2.5876,2.5970,100,100,36.3
2026-04-21 17:07:28.604Z,2.5865,2.5977,100,100,43.2
2026-04-21 17:07:29.644Z,2.5869,2.5963,100,100,36.3
2026-04-21 17:07:30.717Z,2.5874,2.5958,100,100,32.4
2026-04-21 17:07:31.068Z,2.5881,2.5965,100,100,32.4
2026-04-21 17:07:32.197Z,2.5880,2.5966,100,100,33.2
2026-04-21 17:07:33.565Z,2.5854,2.5974,100,100,46.3
2026-04-21 17:07:34.076Z,2.5859,2.5969,100,100,42.4
2026-04-21 17:07:35.428Z,2.5869,2.5959,100,100,34.7
2026-04-21 17:07:36.405Z,2.5876,2.5972,100,100,37.0
2026-04-21 17:07:37.870Z,2.5862,2.5972,100,100,42.4
2026-04-21 17:07:38.043Z,2.5870,2.5964,100,100,36.3
2026-04-21 17:07:39.513Z,2.5870,2.5954,100,100,32.4
2026-04-21 17:07:40.759Z,2.5863,2.5975,100,100,43.2
2026-04-21 17:07:41.455Z,2.5878,2.5960,100,100,31.6
2026-04-21 17:07:42.029Z,2.5863,2.5969,100,100,40.9
2026-04-21 17:07:43.796Z,2.5861,2.5985,100,100,47.8
2026-04-21 17:07:44.798Z,2.5870,2.5960,100,100,34.7
2026-04-21 17:07:45.207Z,2.5861,2.5973,100,100,43.2
2026-04-21 17:07:46.378Z,2.5863,2.5979,100,100,44.8
2026-04-21 17:07:47.479Z,2.5857,2.5969,100,100,43.2
2026-04-21 17:07:48.317Z,2.5856,2.5978,100,100,47.1
2026-04-21 17:07:49.325Z,2.5854,2.5972,100,100,45.5
2026-04-21 17:07:50.655Z,2.5866,2.5964,100,100,37.8
2026-04-21 17:07:51.570Z,2.5862,2.5968,100,100,40.9
2026-04-21 17:07:52.556Z,2.5866,2.5960,100,100,36.3
2026-04-21 17:07:53.800Z,2.5868,2.5964,100,100,37.0
2026-04-21 17:07:54.135Z,2.5876,2.5970,100,100,36.3
2026-04-21 17:07:55.527Z,2.5849,2.5975,100,100,48.6
2026-04-21 17:07:56.364Z,2.5873,2.5975,100,100,39.3
2026-04-21 17:07:57.727Z,2.5861,2.5975,100,100,44.0
2026-04-21 17:07:58.826Z,2.5865,2.5973,100,100,41.7
2026-04-21 17:07:59.888Z,2.5876,2.5960,100,100,32.4
2026-04-21 17:08:00.064Z,2.6145,2.6255,100,100,42.0
2026-04-21 17:08:01.079Z,2.6158,2.6254,100,100,36.6
2026-04-21 17:08:02.508Z,2.6151,2.6247,100,100,36.6
2026-04-21 17:08:03.626Z,2.6150,2.6238,100,100,33.6
2026-04-21 17:08:04.131Z,2.6140,2.6264,100,100,47.3
2026-04-21 17:08:05.133Z,2.6149,2.6243,100,100,35.9
2026-04-21 17:08:06.508Z,2.6158,2.6244,100,100,32.8
2026-04-21 17:08:07.769Z,2.6148,2.6252,100,100,39.7
2026-04-21 17:08:08.606Z,2.6147,2.6245,100,100,37.4
2026-04-21 17:08:09.145Z,2.6135,2.6251,100,100,44.3
2026-04-21 17:08:10.463Z,2.6142,2.6256,100,100,43.5
2026-04-21 17:08:11.267Z,2.6145,2.6261,100,100,44.3
2026-04-21 17:08:12.417Z,2.6152,2.6244,100,100,35.1
2026-04-21 17:08:13.399Z,2.6155,2.6245,100,100,34.4
2026-04-21 17:08:14.151Z,2.6150,2.6242,100,100,35.1
2026-04-21 17:08:15.557Z,2.6150,2.6238,100,100,33.6
2026-04-21 17:08:16.588Z,2.6154,2.6248,100,100,35.9
2026-04-21 17:08:17.579Z,2.6162,2.6250,100,100,33.6
2026-04-21 17:08:18.319Z,2.6140,2.6252,100,100,42.8
2026-04-21 17:08:19.718Z,2.6146,2.6254,100,100,41.2
2026-04-21 17:08:20.458Z,2.6128,2.6248,100,100,45.8
2026-04-21 17:08:21.650Z,2.6144,2.6236,100,100,35.1
2026-04-21 17:08:22.228Z,2.6107,2.6235,100,100,48.9
2026-04-21 17:08:23.413Z,2.6108,2.6218,100,100,42.0
2026-04-21 17:08:24.053Z,2.6107,2.6209,100,100,39.0
2026-04-21 17:08:25.030Z,2.6095,2.6187,100,100,35.2
2026-04-21 17:08:26.124Z,2.6076,2.6182,100,100,40.6
2026-04-21 17:08:27.829Z,2.6071,2.6159,100,100,33.7
2026-04-21 17:08:28.191Z,2.6042,2.6140,100,100,37.6
2026-04-21 17:08:29.184Z,2.6035,2.6123,100,100,33.7
2026-04-21 17:08:30.453Z,2.6017,2.6107,100,100,34.5
2026-04-21 17:08:31.671Z,2.6002,2.6108,100,100,40.7
2026-04-21 17:08:32.250Z,2.5996,2.6086,100,100,34.6
2026-04-21 17:08:33.395Z,2.5973,2.6073,100,100,38.4
2026-04-21 17:08:34.365Z,2.5953,2.6069,100,100,44.6
2026-04-21 17:08:35.274Z,2.5963,2.6059,100,100,36.9
2026-04-21 17:08:36.696Z,2.5958,2.6050,100,100,35.4
2026-04-21 17:08:37.629Z,2.5938,2.6042,100,100,40.0
2026-04-21 17:08:38.718Z,2.5939,2.6051,100,100,43.1
2026-04-21 17:08:39.812Z,2.5938,2.6048,100,100,42.3
2026-04-21 17:08:40.861Z,2.5936,2.6040,100,100,40.0
2026-04-21 17:08:41.889Z,2.5954,2.6040,100,100,33.1
2026-04-21 17:08:42.390Z,2.5942,2.6066,100,100,47.7
2026-04-21 17:08:43.506Z,2.5954,2.6066,100,100,43.1
2026-04-21 17:08:44.585Z,2.5968,2.6068,100,100,38.4
2026-04-21 17:08:45.198Z,2.5977,2.6067,100,100,34.6
2026-04-21 17:08:46.380Z,2.5979,2.6065,100,100,33.0
2026-04-21 17:08:47.369Z,2.5973,2.6059,100,100,33.1
2026-04-21 17:08:48.614Z,2.5973,2.6071,100,100,37.7
2026-04-21 17:08:49.455Z,2.5962,2.6064,100,100,39.2
2026-04-21 17:08:50.778Z,2.5966,2.6074,100,100,41.5
2026-04-21 17:08:51.581Z,2.5959,2.6061,100,100,39.2
2026-04-21 17:08:52.196Z,2.5966,2.6060,100,100,36.1
2026-04-21 17:08:53.776Z,2.5961,2.6051,100,100,34.6
2026-04-21 17:08:54.738Z,2.5963,2.6047,100,100,32.3
2026-04-21 17:08:55.894Z,2.5940,2.6042,100,100,39.2
2026-04-21 17:08:56.847Z,2.5941,2.6041,100,100,38.5
2026-04-21 17:08:57.587Z,2.5954,2.6038,100,100,32.3
2026-04-21 17:08:58.351Z,2.5938,2.6052,100,100,43.9
2026-04-21 17:08:59.088Z,2.5932,2.6048,100,100,44.6
2026-04-21 17:15:00.359Z,2.5969,2.6057,100,100,33.8
2026-04-21 17:15:01.438Z,2.5950,2.6068,100,100,45.4
2026-04-21 17:15:02.317Z,2.5971,2.6053,100,100,31.5
2026-04-21 17:15:03.807Z,2.5957,2.6063,100,100,40.8
2026-04-21 17:15:04.053Z,2.5962,2.6064,100,100,39.2
2026-04-21 17:15:05.079Z,2.5961,2.6057,100,100,36.9
2026-04-21 17:15:06.698Z,2.5962,2.6066,100,100,40.0
2026-04-21 17:15:07.842Z,2.5974,2.6064,100,100,34.6
2026-04-21 17:15:08.492Z,2.5944,2.6070,100,100,48.4
2026-04-21 17:15:09.767Z,2.5964,2.6062,100,100,37.7
2026-04-21 17:15:10.315Z,2.5952,2.6062,100,100,42.3
2026-04-21 17:15:11.668Z,2.5956,2.6066,100,100,42.3
2026-04-21 17:15:12.374Z,2.5960,2.6068,100,100,41.5
2026-04-21 17:15:13.882Z,2.5957,2.6065,100,100,41.5
2026-04-21 17:15:14.517Z,2.5958,2.6066,100,100,41.5
2026-04-21 17:15:15.814Z,2.5952,2.6070,100,100,45.4
2026-04-21 17:15:16.848Z,2.5968,2.6068,100,100,38.4
2026-04-21 17:15:17.027Z,2.5969,2.6067,100,100,37.7
2026-04-21 17:15:18.068Z,2.5958,2.6070,100,100,43.1
2026-04-21 17:15:19.268Z,2.5973,2.6053,100,100,30.8
2026-04-21 17:15:20.380Z,2.5959,2.6061,100,100,39.2
2026-04-21 17:15:21.167Z,2.5948,2.6068,100,100,46.1
2026-04-21 17:15:22.325Z,2.5965,2.6051,100,100,33.1
2026-04-21 17:15:23.581Z,2.5964,2.6064,100,100,38.4
2026-04-21 17:15:24.712Z,2.5969,2.6055,100,100,33.1
2026-04-21 17:15:25.855Z,2.5964,2.6072,100,100,41.5
2026-04-21 17:15:26.740Z,2.5974,2.6060,100,100,33.1
2026-04-21 17:15:27.047Z,2.5957,2.6071,100,100,43.8
2026-04-21 17:15:28.689Z,2.5963,2.6069,100,100,40.7
2026-04-21 17:15:29.264Z,2.5965,2.6059,100,100,36.1
2026-04-21 17:15:30.519Z,2.5962,2.6058,100,100,36.9
2026-04-21 17:15:31.163Z,2.5968,2.6066,100,100,37.7
2026-04-21 17:15:32.336Z,2.5975,2.6061,100,100,33.1
2026-04-21 17:15:33.677Z,2.5975,2.6057,100,100,31.5
2026-04-21 17:15:34.828Z,2.5950,2.6072,100,100,46.9
2026-04-21 17:15:35.864Z,2.5960,2.6074,100,100,43.8
2026-04-21 17:15:36.039Z,2.5955,2.6065,100,100,42.3
2026-04-21 17:15:37.611Z,2.5953,2.6065,100,100,43.1
2026-04-21 17:15:38.110Z,2.5954,2.6068,100,100,43.8
2026-04-21 17:15:39.716Z,2.5969,2.6067,100,100,37.7
2026-04-21 17:15:40.491Z,2.5954,2.6060,100,100,40.8
2026-04-21 17:15:41.696Z,2.5969,2.6055,100,100,33.1
2026-04-21 17:15:42.595Z,2.5955,2.6075,100,100,46.1
2026-04-21 17:15:43.150Z,2.5962,2.6062,100,100,38.4
2026-04-21 17:15:44.523Z,2.5959,2.6073,100,100,43.8
2026-04-21 17:15:45.595Z,2.5975,2.6061,100,100,33.1
2026-04-21 17:15:46.715Z,2.5959,2.6063,100,100,40.0
2026-04-21 17:15:47.726Z,2.5972,2.6060,100,100,33.8
2026-04-21 17:15:48.719Z,2.5958,2.6062,100,100,40.0
2026-04-21 17:15:49.385Z,2.5966,2.6070,100,100,40.0
2026-04-21 17:15:50.886Z,2.5960,2.6054,100,100,36.1
2026-04-21 17:15:51.814Z,2.5963,2.6051,100,100,33.8
2026-04-21 17:15:52.501Z,2.5951,2.6067,100,100,44.6
2026-04-21 17:15:53.257Z,2.5970,2.6052,100,100,31.5
2026-04-21 17:15:54.379Z,2.5961,2.6053,100,100,35.4
2026-04-21 17:15:55.674Z,2.5955,2.6081,100,100,48.4
2026-04-21 17:15:56.418Z,2.5974,2.6056,100,100,31.5
2026-04-21 17:15:57.681Z,2.5965,2.6071,100,100,40.7
2026-04-21 17:15:58.366Z,2.5957,2.6061,100,100,40.0
2026-04-21 17:15:59.617Z,2.5957,2.6069,100,100,43.1
2026-04-21 17:18:00.697Z,2.5753,2.5847,100,100,36.4
2026-04-21 17:18:01.749Z,2.5740,2.5852,100,100,43.4
2026-04-21 17:18:02.094Z,2.5757,2.5841,100,100,32.6
2026-04-21 17:18:03.031Z,2.5745,2.5857,100,100,43.4
2026-04-21 17:18:04.291Z,2.5753,2.5843,100,100,34.9
2026-04-21 17:18:05.375Z,2.5754,2.5856,100,100,39.5
2026-04-21 17:18:06.579Z,2.5753,2.5841,100,100,34.1
2026-04-21 17:18:07.816Z,2.5752,2.5848,100,100,37.2
2026-04-21 17:18:08.206Z,2.5759,2.5841,100,100,31.8
2026-04-21 17:18:09.124Z,2.5748,2.5848,100,100,38.8
2026-04-21 17:18:10.636Z,2.5746,2.5846,100,100,38.8
2026-04-21 17:18:11.894Z,2.5746,2.5866,100,100,46.5
2026-04-21 17:18:12.299Z,2.5758,2.5846,100,100,34.1
2026-04-21 17:18:13.597Z,2.5746,2.5844,100,100,38.0
2026-04-21 17:18:14.382Z,2.5747,2.5845,100,100,38.0
2026-04-21 17:18:15.316Z,2.5762,2.5848,100,100,33.3
2026-04-21 17:18:16.454Z,2.5751,2.5853,100,100,39.5
2026-04-21 17:18:17.125Z,2.5751,2.5847,100,100,37.2
2026-04-21 17:18:18.625Z,2.5757,2.5849,100,100,35.7
2026-04-21 17:18:19.402Z,2.5764,2.5848,100,100,32.6
2026-04-21 17:18:20.666Z,2.5758,2.5850,100,100,35.7
2026-04-21 17:18:21.400Z,2.5754,2.5846,100,100,35.7
2026-04-21 17:18:22.247Z,2.5757,2.5845,100,100,34.1
2026-04-21 17:18:23.830Z,2.5736,2.5856,100,100,46.5
2026-04-21 17:18:24.011Z,2.5740,2.5856,100,100,45.0
2026-04-21 17:18:25.507Z,2.5742,2.5850,100,100,41.9
2026-04-21 17:18:26.563Z,2.5741,2.5859,100,100,45.7
2026-04-21 17:18:27.478Z,2.5740,2.5850,100,100,42.6
2026-04-21 17:18:28.779Z,2.5739,2.5851,100,100,43.4
2026-04-21 17:18:29.181Z,2.5747,2.5865,100,100,45.7
2026-04-21 17:18:30.221Z,2.5753,2.5845,100,100,35.7
2026-04-21 17:18:31.410Z,2.5747,2.5845,100,100,38.0
2026-04-21 17:18:32.486Z,2.5743,2.5861,100,100,45.7
2026-04-21 17:18:33.780Z,2.5739,2.5859,100,100,46.5
2026-04-21 17:18:34.629Z,2.5755,2.5841,100,100,33.3
2026-04-21 17:18:35.432Z,2.5749,2.5855,100,100,41.1
2026-04-21 17:18:36.393Z,2.5748,2.5852,100,100,40.3
2026-04-21 17:18:37.213Z,2.5747,2.5863,100,100,45.0
2026-04-21 17:18:38.873Z,2.5749,2.5839,100,100,34.9
2026-04-21 17:18:39.783Z,2.5754,2.5836,100,100,31.8
2026-04-21 17:18:40.215Z,2.5752,2.5856,100,100,40.3
2026-04-21 17:18:41.443Z,2.5734,2.5858,100,100,48.1
2026-04-21 17:18:42.057Z,2.5759,2.5847,100,100,34.1
2026-04-21 17:18:43.499Z,2.5749,2.5847,100,100,38.0
2026-04-21 17:18:44.105Z,2.5751,2.5851,100,100,38.8
2026-04-21 17:18:45.726Z,2.5750,2.5854,100,100,40.3
2026-04-21 17:18:46.218Z,2.5753,2.5857,100,100,40.3
2026-04-21 17:18:47.425Z,2.5733,2.5855,100,100,47.3
2026-04-21 17:18:48.847Z,2.5755,2.5837,100,100,31.8
2026-04-21 17:18:49.194Z,2.5749,2.5843,100,100,36.4
2026-04-21 17:18:50.043Z,2.5762,2.5846,100,100,32.6
2026-04-21 17:18:51.044Z,2.5751,2.5855,100,100,40.3
2026-04-21 17:18:52.514Z,2.5746,2.5844,100,100,38.0
2026-04-21 17:18:53.672Z,2.5745,2.5845,100,100,38.8
2026-04-21 17:18:54.137Z,2.5741,2.5861,100,100,46.5
2026-04-21 17:18:55.207Z,2.5735,2.5853,100,100,45.7
2026-04-21 17:18:56.840Z,2.5755,2.5845,100,100,34.9
2026-04-21 17:18:57.620Z,2.5751,2.5851,100,100,38.8
2026-04-21 17:18:58.301Z,2.5746,2.5848,100,100,39.5
2026-04-21 17:18:59.143Z,2.5747,2.5853,100,100,41.1
2026-04-21 17:19:00.247Z,2.5944,2.6056,100,100,43.1
2026-04-21 17:19:01.572Z,2.5946,2.6060,100,100,43.8
2026-04-21 17:19:02.667Z,2.5942,2.6056,100,100,43.8
2026-04-21 17:19:03.752Z,2.5936,2.6054,100,100,45.4
2026-04-21 17:19:04.463Z,2.5934,2.6054,100,100,46.2
2026-04-21 17:19:05.669Z,2.5961,2.6047,100,100,33.1
2026-04-21 17:19:06.047Z,2.5943,2.6053,100,100,42.3
2026-04-21 17:19:07.014Z,2.5960,2.6046,100,100,33.1
2026-04-21 17:19:08.627Z,2.5960,2.6048,100,100,33.8
2026-04-21 17:19:09.031Z,2.5952,2.6058,100,100,40.8
2026-04-21 17:19:10.071Z,2.5953,2.6053,100,100,38.5
2026-04-21 17:19:11.246Z,2.5944,2.6056,100,100,43.1
2026-04-21 17:19:12.790Z,2.5942,2.6058,100,100,44.6
2026-04-21 17:19:13.338Z,2.5940,2.6050,100,100,42.3
2026-04-21 17:19:14.174Z,2.5949,2.6053,100,100,40.0
2026-04-21 17:19:15.246Z,2.5952,2.6054,100,100,39.2
2026-04-21 17:19:16.530Z,2.5947,2.6061,100,100,43.8
2026-04-21 17:19:17.346Z,2.5965,2.6045,100,100,30.8
2026-04-21 17:19:18.694Z,2.5941,2.6061,100,100,46.2
2026-04-21 17:19:19.589Z,2.5950,2.6046,100,100,36.9
2026-04-21 17:19:20.368Z,2.5963,2.6049,100,100,33.1
2026-04-21 17:19:21.208Z,2.5951,2.6057,100,100,40.8
2026-04-21 17:19:22.257Z,2.5942,2.6062,100,100,46.2
2026-04-21 17:19:23.626Z,2.5947,2.6057,100,100,42.3
2026-04-21 17:19:24.271Z,2.5951,2.6049,100,100,37.7
2026-04-21 17:19:25.888Z,2.5962,2.6048,100,100,33.1
2026-04-21 17:19:26.493Z,2.5948,2.6052,100,100,40.0
2026-04-21 17:19:27.362Z,2.5963,2.6047,100,100,32.3
2026-04-21 17:19:28.637Z,2.5962,2.6044,100,100,31.5
2026-04-21 17:19:29.532Z,2.5948,2.6050,100,100,39.2
2026-04-21 17:19:30.386Z,2.5955,2.6053,100,100,37.7
2026-04-21 17:19:31.424Z,2.5963,2.6049,100,100,33.1
2026-04-21 17:19:32.536Z,2.5937,2.6053,100,100,44.6
2026-04-21 17:19:33.651Z,2.5950,2.6040,100,100,34.6
2026-04-21 17:19:34.869Z,2.5940,2.6058,100,100,45.4
2026-04-21 17:19:35.474Z,2.5953,2.6043,100,100,34.6
2026-04-21 17:19:36.705Z,2.5942,2.6056,100,100,43.8
2026-04-21 17:19:37.629Z,2.5945,2.6051,100,100,40.8
2026-04-21 17:19:38.504Z,2.5937,2.6055,100,100,45.4
2026-04-21 17:19:39.644Z,2.5948,2.6064,100,100,44.6
2026-04-21 17:19:40.102Z,2.5960,2.6044,100,100,32.3
2026-04-21 17:19:41.607Z,2.5935,2.6053,100,100,45.4
2026-04-21 17:19:42.815Z,2.5953,2.6051,100,100,37.7
2026-04-21 17:19:43.065Z,2.5940,2.6058,100,100,45.4
2026-04-21 17:19:44.721Z,2.5953,2.6037,100,100,32.3
2026-04-21 17:19:45.623Z,2.5960,2.6050,100,100,34.6
2026-04-21 17:19:46.702Z,2.5939,2.6059,100,100,46.2
2026-04-21 17:19:47.506Z,2.5953,2.6041,100,100,33.9
2026-04-21 17:19:48.501Z,2.5940,2.6054,100,100,43.9
2026-04-21 17:19:49.010Z,2.5937,2.6053,100,100,44.6
2026-04-21 17:19:50.082Z,2.5955,2.6043,100,100,33.8
2026-04-21 17:19:51.285Z,2.5951,2.6039,100,100,33.9
2026-04-21 17:19:52.180Z,2.5959,2.6049,100,100,34.6
2026-04-21 17:19:53.373Z,2.5947,2.6063,100,100,44.6
2026-04-21 17:19:54.853Z,2.5957,2.6053,100,100,36.9
2026-04-21 17:19:55.359Z,2.5938,2.6060,100,100,46.9
2026-04-21 17:19:56.660Z,2.5957,2.6055,100,100,37.7
2026-04-21 17:19:57.133Z,2.5941,2.6049,100,100,41.5
2026-04-21 17:19:58.068Z,2.5948,2.6062,100,100,43.8
2026-04-21 17:19:59.534Z,2.5954,2.6046,100,100,35.4
2026-04-21 17:20:00.868Z,2.5953,2.6047,100,100,36.2
2026-04-21 17:20:01.724Z,2.5950,2.6040,100,100,34.6
2026-04-21 17:20:02.282Z,2.5952,2.6042,100,100,34.6
2026-04-21 17:20:03.089Z,2.5941,2.6053,100,100,43.1
2026-04-21 17:20:04.547Z,2.5955,2.6047,100,100,35.4
2026-04-21 17:20:05.291Z,2.5951,2.6041,100,100,34.6
2026-04-21 17:20:06.399Z,2.5941,2.6065,100,100,47.7
2026-04-21 17:20:07.190Z,2.5943,2.6055,100,100,43.1
2026-04-21 17:20:08.866Z,2.5958,2.6052,100,100,36.1
2026-04-21 17:20:09.418Z,2.5949,2.6051,100,100,39.2
2026-04-21 17:20:10.765Z,2.5937,2.6055,100,100,45.4
2026-04-21 17:20:11.694Z,2.5949,2.6041,100,100,35.4
2026-04-21 17:20:12.292Z,2.5942,2.6062,100,100,46.2
2026-04-21 17:20:13.026Z,2.5938,2.6050,100,100,43.1
2026-04-21 17:20:14.317Z,2.5945,2.6043,100,100,37.7
2026-04-21 17:20:15.262Z,2.5947,2.6065,100,100,45.4
2026-04-21 17:20:16.187Z,2.5950,2.6046,100,100,36.9
2026-04-21 17:20:17.065Z,2.5948,2.6040,100,100,35.4
2026-04-21 17:20:18.161Z,2.5958,2.6046,100,100,33.8
2026-04-21 17:20:19.656Z,2.5955,2.6041,100,100,33.1
2026-04-21 17:20:20.622Z,2.5943,2.6065,100,100,46.9
2026-04-21 17:20:21.046Z,2.5944,2.6050,100,100,40.8
2026-04-21 17:20:22.725Z,2.5949,2.6039,100,100,34.6
2026-04-21 17:20:23.898Z,2.5945,2.6045,100,100,38.5
2026-04-21 17:20:24.830Z,2.5951,2.6061,100,100,42.3
2026-04-21 17:20:25.247Z,2.5961,2.6051,100,100,34.6
2026-04-21 17:20:26.105Z,2.5949,2.6039,100,100,34.6
2026-04-21 17:20:27.654Z,2.5944,2.6060,100,100,44.6
2026-04-21 17:20:28.475Z,2.5948,2.6056,100,100,41.5
2026-04-21 17:20:29.009Z,2.5942,2.6062,100,100,46.2
2026-04-21 17:20:30.600Z,2.5935,2.6057,100,100,46.9
2026-04-21 17:20:31.090Z,2.5944,2.6050,100,100,40.8
2026-04-21 17:20:32.262Z,2.5944,2.6054,100,100,42.3
2026-04-21 17:20:33.535Z,2.5953,2.6045,100,100,35.4
2026-04-21 17:20:34.573Z,2.5953,2.6055,100,100,39.2
2026-04-21 17:20:35.427Z,2.5950,2.6054,100,100,40.0
2026-04-21 17:20:36.263Z,2.5940,2.6060,100,100,46.2
2026-04-21 17:20:37.570Z,2.5943,2.6059,100,100,44.6
2026-04-21 17:20:38.309Z,2.5948,2.6046,100,100,37.7
2026-04-21 17:20:39.171Z,2.5954,2.6052,100,100,37.7
2026-04-21 17:20:40.704Z,2.5959,2.6053,100,100,36.1
2026-04-21 17:20:41.460Z,2.5956,2.6040,100,100,32.3
2026-04-21 17:20:42.429Z,2.5949,2.6061,100,100,43.1
2026-04-21 17:20:43.284Z,2.5936,2.6054,100,100,45.4
2026-04-21 17:20:44.816Z,2.5944,2.6044,100,100,38.5
2026-04-21 17:20:45.824Z,2.5959,2.6043,100,100,32.3
2026-04-21 17:20:46.734Z,2.5948,2.6052,100,100,40.0
2026-04-21 17:20:47.312Z,2.5950,2.6044,100,100,36.2
2026-04-21 17:20:48.643Z,2.5952,2.6046,100,100,36.2
2026-04-21 17:20:49.290Z,2.5952,2.6044,100,100,35.4
2026-04-21 17:20:50.334Z,2.5943,2.6045,100,100,39.2
2026-04-21 17:20:51.560Z,2.5952,2.6054,100,100,39.2
2026-04-21 17:20:52.861Z,2.5938,2.6056,100,100,45.4
2026-04-21 17:20:53.760Z,2.5954,2.6044,100,100,34.6
2026-04-21 17:20:54.610Z,2.5944,2.6060,100,100,44.6
2026-04-21 17:20:55.737Z,2.5948,2.6062,100,100,43.8
2026-04-21 17:20:56.270Z,2.5938,2.6060,100,100,46.9
2026-04-21 17:20:57.143Z,2.5944,2.6044,100,100,38.5
2026-04-21 17:20:58.052Z,2.5949,2.6055,100,100,40.8
2026-04-21 17:20:59.892Z,2.5959,2.6041,100,100,31.5
2026-04-21 17:55:00.898Z,2.5845,2.5955,100,100,42.5
2026-04-21 17:55:01.804Z,2.5852,2.5954,100,100,39.4
2026-04-21 17:55:02.029Z,2.5848,2.5964,100,100,44.8
2026-04-21 17:55:03.121Z,2.5857,2.5953,100,100,37.1
2026-04-21 17:55:04.501Z,2.5839,2.5951,100,100,43.3
2026-04-21 17:55:05.157Z,2.5842,2.5960,100,100,45.6
2026-04-21 17:55:06.610Z,2.5854,2.5946,100,100,35.5
2026-04-21 17:55:07.588Z,2.5857,2.5939,100,100,31.7
2026-04-21 17:55:08.060Z,2.5836,2.5952,100,100,44.8
2026-04-21 17:55:09.252Z,2.5851,2.5955,100,100,40.1
2026-04-21 17:55:10.197Z,2.5855,2.5953,100,100,37.8
2026-04-21 17:55:11.879Z,2.5848,2.5958,100,100,42.5
2026-04-21 17:55:12.603Z,2.5850,2.5954,100,100,40.2
2026-04-21 17:55:13.439Z,2.5841,2.5949,100,100,41.7
2026-04-21 17:55:14.888Z,2.5846,2.5952,100,100,40.9
2026-04-21 17:55:15.069Z,2.5844,2.5950,100,100,40.9
2026-04-21 17:55:16.810Z,2.5851,2.5953,100,100,39.4
2026-04-21 17:55:17.230Z,2.5837,2.5953,100,100,44.8
2026-04-21 17:55:18.162Z,2.5854,2.5952,100,100,37.8
2026-04-21 17:55:19.496Z,2.5840,2.5954,100,100,44.0
2026-04-21 17:55:20.140Z,2.5858,2.5942,100,100,32.4
2026-04-21 17:55:21.462Z,2.5842,2.5946,100,100,40.2
2026-04-21 17:55:22.343Z,2.5850,2.5944,100,100,36.3
2026-04-21 17:55:23.343Z,2.5846,2.5948,100,100,39.4
2026-04-21 17:55:24.124Z,2.5851,2.5955,100,100,40.1
2026-04-21 17:55:25.078Z,2.5847,2.5965,100,100,45.5
2026-04-21 17:55:26.345Z,2.5852,2.5942,100,100,34.8
2026-04-21 17:55:27.075Z,2.5849,2.5951,100,100,39.4
2026-04-21 17:55:28.372Z,2.5835,2.5957,100,100,47.1
2026-04-21 17:55:29.857Z,2.5842,2.5954,100,100,43.2
2026-04-21 17:55:30.585Z,2.5851,2.5953,100,100,39.4
2026-04-21 17:55:31.037Z,2.5841,2.5951,100,100,42.5
2026-04-21 17:55:32.275Z,2.5845,2.5953,100,100,41.7
2026-04-21 17:55:33.465Z,2.5841,2.5961,100,100,46.3
2026-04-21 17:55:34.553Z,2.5838,2.5958,100,100,46.3
2026-04-21 17:55:35.425Z,2.5861,2.5947,100,100,33.2
2026-04-21 17:55:36.483Z,2.5848,2.5952,100,100,40.2
2026-04-21 17:55:37.392Z,2.5844,2.5956,100,100,43.2
2026-04-21 17:55:38.259Z,2.5857,2.5943,100,100,33.2
2026-04-21 17:55:39.570Z,2.5857,2.5943,100,100,33.2
2026-04-21 17:55:40.027Z,2.5843,2.5963,100,100,46.3
2026-04-21 17:55:41.222Z,2.5843,2.5957,100,100,44.0
2026-04-21 17:55:42.524Z,2.5851,2.5943,100,100,35.5
2026-04-21 17:55:43.089Z,2.5855,2.5943,100,100,34.0
2026-04-21 17:55:44.409Z,2.5848,2.5946,100,100,37.8
2026-04-21 17:55:45.885Z,2.5841,2.5957,100,100,44.8
2026-04-21 17:55:46.403Z,2.5863,2.5949,100,100,33.2
2026-04-21 17:55:47.407Z,2.5834,2.5956,100,100,47.1
2026-04-21 17:55:48.842Z,2.5846,2.5946,100,100,38.6
2026-04-21 17:55:49.830Z,2.5851,2.5937,100,100,33.2
2026-04-21 17:55:50.053Z,2.5840,2.5948,100,100,41.7
2026-04-21 17:55:51.546Z,2.5852,2.5956,100,100,40.1
2026-04-21 17:55:52.541Z,2.5847,2.5953,100,100,40.9
2026-04-21 17:55:53.595Z,2.5850,2.5942,100,100,35.5
2026-04-21 17:55:54.037Z,2.5839,2.5957,100,100,45.6
2026-04-21 17:55:55.260Z,2.5859,2.5943,100,100,32.4
2026-04-21 17:55:56.739Z,2.5849,2.5961,100,100,43.2
2026-04-21 17:55:57.772Z,2.5856,2.5946,100,100,34.7
2026-04-21 17:55:58.622Z,2.5857,2.5943,100,100,33.2
2026-04-21 17:55:59.535Z,2.5860,2.5940,100,100,30.9
2026-04-21 17:58:00.068Z,2.6438,2.6530,100,100,34.7
2026-04-21 17:58:01.712Z,2.6430,2.6538,100,100,40.8
2026-04-21 17:58:02.109Z,2.6434,2.6538,100,100,39.3
2026-04-21 17:58:03.580Z,2.6436,2.6530,100,100,35.5
2026-04-21 17:58:04.841Z,2.6433,2.6535,100,100,38.5
2026-04-21 17:58:05.039Z,2.6440,2.6538,100,100,37.0
2026-04-21 17:58:06.078Z,2.6431,2.6545,100,100,43.0
2026-04-21 17:58:07.854Z,2.6438,2.6522,100,100,31.7
2026-04-21 17:58:08.847Z,2.6434,2.6532,100,100,37.0
2026-04-21 17:58:09.174Z,2.6434,2.6520,100,100,32.5
2026-04-21 17:58:10.612Z,2.6434,2.6530,100,100,36.3
2026-04-21 17:58:11.458Z,2.6424,2.6534,100,100,41.5
2026-04-21 17:58:12.388Z,2.6435,2.6537,100,100,38.5
2026-04-21 17:58:13.697Z,2.6423,2.6537,100,100,43.1
2026-04-21 17:58:14.484Z,2.6432,2.6548,100,100,43.8
2026-04-21 17:58:15.552Z,2.6423,2.6533,100,100,41.5
2026-04-21 17:58:16.805Z,2.6426,2.6536,100,100,41.5
2026-04-21 17:58:17.063Z,2.6427,2.6551,100,100,46.8
2026-04-21 17:58:18.354Z,2.6425,2.6533,100,100,40.8
2026-04-21 17:58:19.142Z,2.6436,2.6542,100,100,40.0
2026-04-21 17:58:20.356Z,2.6443,2.6537,100,100,35.5
2026-04-21 17:58:21.463Z,2.6420,2.6538,100,100,44.6
2026-04-21 17:58:22.478Z,2.6428,2.6536,100,100,40.8
2026-04-21 17:58:23.209Z,2.6434,2.6536,100,100,38.5
2026-04-21 17:58:24.345Z,2.6448,2.6532,100,100,31.7
2026-04-21 17:58:25.801Z,2.6426,2.6532,100,100,40.0
2026-04-21 17:58:26.029Z,2.6427,2.6539,100,100,42.3
2026-04-21 17:58:27.329Z,2.6431,2.6543,100,100,42.3
2026-04-21 17:58:28.892Z,2.6444,2.6534,100,100,34.0
2026-04-21 17:58:29.659Z,2.6432,2.6542,100,100,41.5
2026-04-21 17:58:30.545Z,2.6431,2.6539,100,100,40.8
2026-04-21 17:58:31.259Z,2.6430,2.6546,100,100,43.8
2026-04-21 17:58:32.711Z,2.6426,2.6534,100,100,40.8
2026-04-21 17:58:33.482Z,2.6421,2.6537,100,100,43.8
2026-04-21 17:58:34.392Z,2.6431,2.6523,100,100,34.7
2026-04-21 17:58:35.633Z,2.6440,2.6538,100,100,37.0
2026-04-21 17:58:36.278Z,2.6440,2.6538,100,100,37.0
2026-04-21 17:58:37.696Z,2.6433,2.6531,100,100,37.0
2026-04-21 17:58:38.774Z,2.6432,2.6538,100,100,40.0
2026-04-21 17:58:39.799Z,2.6436,2.6546,100,100,41.5
2026-04-21 17:58:40.032Z,2.6433,2.6533,100,100,37.8
2026-04-21 17:58:41.848Z,2.6433,2.6531,100,100,37.0
2026-04-21 17:58:42.848Z,2.6446,2.6534,100,100,33.2
2026-04-21 17:58:43.734Z,2.6431,2.6531,100,100,37.8
2026-04-21 17:58:44.232Z,2.6430,2.6532,100,100,38.5
2026-04-21 17:58:45.822Z,2.6423,2.6533,100,100,41.5
2026-04-21 17:58:46.064Z,2.6434,2.6534,100,100,37.8
2026-04-21 17:58:47.266Z,2.6438,2.6520,100,100,31.0
2026-04-21 17:58:48.400Z,2.6432,2.6530,100,100,37.0
2026-04-21 17:58:49.837Z,2.6442,2.6530,100,100,33.2
2026-04-21 17:58:50.465Z,2.6419,2.6541,100,100,46.1
2026-04-21 17:58:51.749Z,2.6429,2.6527,100,100,37.0
2026-04-21 17:58:52.777Z,2.6441,2.6525,100,100,31.7
2026-04-21 17:58:53.820Z,2.6445,2.6529,100,100,31.7
2026-04-21 17:58:54.401Z,2.6434,2.6542,100,100,40.8
2026-04-21 17:58:55.342Z,2.6418,2.6540,100,100,46.1
2026-04-21 17:58:56.546Z,2.6428,2.6552,100,100,46.8
2026-04-21 17:58:57.686Z,2.6435,2.6521,100,100,32.5
2026-04-21 17:58:58.850Z,2.6429,2.6543,100,100,43.0
2026-04-21 17:58:59.578Z,2.6425,2.6543,100,100,44.6
2026-04-21 18:01:00.380Z,2.6447,2.6553,100,100,40.0
2026-04-21 18:01:01.018Z,2.6441,2.6549,100,100,40.8
2026-04-21 18:01:02.202Z,2.6446,2.6546,100,100,37.7
2026-04-21 18:01:03.247Z,2.6450,2.6540,100,100,34.0
2026-04-21 18:01:04.718Z,2.6438,2.6556,100,100,44.5
2026-04-21 18:01:05.024Z,2.6453,2.6541,100,100,33.2
2026-04-21 18:01:06.346Z,2.6446,2.6544,100,100,37.0
2026-04-21 18:01:07.762Z,2.6460,2.6546,100,100,32.4
2026-04-21 18:01:08.866Z,2.6458,2.6550,100,100,34.7
2026-04-21 18:01:09.532Z,2.6441,2.6559,100,100,44.5
2026-04-21 18:01:10.852Z,2.6449,2.6555,100,100,40.0
2026-04-21 18:01:11.076Z,2.6448,2.6558,100,100,41.5
2026-04-21 18:01:12.492Z,2.6452,2.6540,100,100,33.2
2026-04-21 18:01:13.707Z,2.6446,2.6552,100,100,40.0
2026-04-21 18:01:14.409Z,2.6451,2.6561,100,100,41.5
2026-04-21 18:01:15.538Z,2.6452,2.6538,100,100,32.5
2026-04-21 18:01:16.735Z,2.6454,2.6550,100,100,36.2
2026-04-21 18:01:17.318Z,2.6453,2.6537,100,100,31.7
2026-04-21 18:01:18.446Z,2.6462,2.6550,100,100,33.2
2026-04-21 18:01:19.034Z,2.6446,2.6548,100,100,38.5
2026-04-21 18:01:20.165Z,2.6446,2.6538,100,100,34.7
2026-04-21 18:01:21.512Z,2.6417,2.6541,100,100,46.8
2026-04-21 18:01:22.041Z,2.6422,2.6512,100,100,34.0
2026-04-21 18:01:23.131Z,2.6406,2.6502,100,100,36.3
2026-04-21 18:01:24.423Z,2.6374,2.6502,100,100,48.4
2026-04-21 18:01:25.801Z,2.6357,2.6457,100,100,37.9
2026-04-21 18:01:26.456Z,2.6330,2.6446,100,100,44.0
2026-04-21 18:01:27.755Z,2.6329,2.6427,100,100,37.2
2026-04-21 18:01:28.597Z,2.6302,2.6400,100,100,37.2
2026-04-21 18:01:29.045Z,2.6282,2.6382,100,100,38.0
2026-04-21 18:01:30.766Z,2.6253,2.6355,100,100,38.8
2026-04-21 18:01:31.097Z,2.6232,2.6332,100,100,38.0
2026-04-21 18:01:32.036Z,2.6213,2.6333,100,100,45.7
2026-04-21 18:01:33.808Z,2.6199,2.6305,100,100,40.4
2026-04-21 18:01:34.470Z,2.6182,2.6276,100,100,35.8
2026-04-21 18:01:35.354Z,2.6174,2.6262,100,100,33.6
2026-04-21 18:01:36.085Z,2.6148,2.6264,100,100,44.3
2026-04-21 18:01:37.082Z,2.6159,2.6243,100,100,32.1
2026-04-21 18:01:38.314Z,2.6139,2.6251,100,100,42.8
2026-04-21 18:01:39.376Z,2.6160,2.6250,100,100,34.3
2026-04-21 18:01:40.309Z,2.6153,2.6247,100,100,35.9
2026-04-21 18:01:41.844Z,2.6164,2.6262,100,100,37.4
2026-04-21 18:01:42.486Z,2.6160,2.6274,100,100,43.5
2026-04-21 18:01:43.892Z,2.6170,2.6268,100,100,37.4
2026-04-21 18:01:44.691Z,2.6177,2.6267,100,100,34.3
2026-04-21 18:01:45.833Z,2.6181,2.6279,100,100,37.4
2026-04-21 18:01:46.684Z,2.6188,2.6272,100,100,32.0
2026-04-21 18:01:47.034Z,2.6183,2.6289,100,100,40.4
2026-04-21 18:01:48.288Z,2.6179,2.6273,100,100,35.8
2026-04-21 18:01:49.073Z,2.6171,2.6283,100,100,42.7
2026-04-21 18:01:50.425Z,2.6168,2.6280,100,100,42.7
2026-04-21 18:01:51.376Z,2.6174,2.6276,100,100,38.9
2026-04-21 18:01:52.789Z,2.6162,2.6276,100,100,43.5
2026-04-21 18:01:53.538Z,2.6149,2.6269,100,100,45.8
2026-04-21 18:01:54.055Z,2.6158,2.6260,100,100,38.9
2026-04-21 18:01:55.252Z,2.6171,2.6255,100,100,32.0
2026-04-21 18:01:56.144Z,2.6142,2.6262,100,100,45.8
2026-04-21 18:01:57.135Z,2.6146,2.6248,100,100,38.9
2026-04-21 18:01:58.545Z,2.6145,2.6265,100,100,45.8
2026-04-21 18:01:59.511Z,2.6151,2.6249,100,100,37.4
2026-04-21 18:10:00.139Z,2.5841,2.5959,100,100,45.6
2026-04-21 18:10:01.050Z,2.5847,2.5947,100,100,38.6
