TimestampUtc,Price,Size,Exchange
2026-04-21 13:32:00.447Z,2.7218,216,SYNTH
2026-04-21 13:32:01.311Z,2.7175,142,SYNTH
2026-04-21 13:32:02.398Z,2.7203,228,SYNTH
2026-04-21 13:32:03.809Z,2.7184,203,SYNTH
2026-04-21 13:32:04.569Z,2.7223,172,SYNTH
2026-04-21 13:32:05.098Z,2.7182,107,SYNTH
2026-04-21 13:32:06.228Z,2.7207,134,SYNTH
2026-04-21 13:32:07.378Z,2.7222,213,SYNTH
2026-04-21 13:32:08.234Z,2.7184,96,SYNTH
2026-04-21 13:32:09.838Z,2.7217,131,SYNTH
2026-04-21 13:32:10.485Z,2.7215,95,SYNTH
2026-04-21 13:32:11.666Z,2.7180,418,SYNTH
2026-04-21 13:32:12.566Z,2.7221,376,SYNTH
2026-04-21 13:32:13.535Z,2.7185,241,SYNTH
2026-04-21 13:32:14.854Z,2.7218,128,SYNTH
2026-04-21 13:32:15.293Z,2.7196,143,SYNTH
2026-04-21 13:32:16.128Z,2.7188,146,SYNTH
2026-04-21 13:32:17.746Z,2.7213,314,SYNTH
2026-04-21 13:32:18.850Z,2.7199,276,SYNTH
2026-04-21 13:32:19.391Z,2.7193,239,SYNTH
2026-04-21 13:32:20.591Z,2.7192,138,SYNTH
2026-04-21 13:32:21.683Z,2.7220,109,SYNTH
2026-04-21 13:32:22.615Z,2.7190,97,SYNTH
2026-04-21 13:32:23.455Z,2.7182,115,SYNTH
2026-04-21 13:32:24.193Z,2.7210,86,SYNTH
2026-04-21 13:32:25.853Z,2.7183,110,SYNTH
2026-04-21 13:32:26.772Z,2.7217,103,SYNTH
2026-04-21 13:32:27.129Z,2.7204,139,SYNTH
2026-04-21 13:32:28.489Z,2.7216,74,SYNTH
2026-04-21 13:32:29.332Z,2.7187,147,SYNTH
2026-04-21 13:32:30.708Z,2.7176,146,SYNTH
2026-04-21 13:32:31.603Z,2.7211,132,SYNTH
2026-04-21 13:32:32.327Z,2.7205,160,SYNTH
2026-04-21 13:32:33.111Z,2.7210,160,SYNTH
2026-04-21 13:32:34.747Z,2.7183,65,SYNTH
2026-04-21 13:32:35.249Z,2.7209,65,SYNTH
2026-04-21 13:32:36.828Z,2.7180,149,SYNTH
2026-04-21 13:32:37.539Z,2.7179,215,SYNTH
2026-04-21 13:32:38.110Z,2.7212,247,SYNTH
2026-04-21 13:32:39.499Z,2.7189,290,SYNTH
2026-04-21 13:32:40.047Z,2.7207,237,SYNTH
2026-04-21 13:32:41.615Z,2.7195,125,SYNTH
2026-04-21 13:32:42.823Z,2.7180,111,SYNTH
2026-04-21 13:32:43.336Z,2.7175,80,SYNTH
2026-04-21 13:32:44.665Z,2.7204,100,SYNTH
2026-04-21 13:32:45.066Z,2.7219,242,SYNTH
2026-04-21 13:32:46.587Z,2.7184,153,SYNTH
2026-04-21 13:32:47.291Z,2.7184,253,SYNTH
2026-04-21 13:32:48.727Z,2.7214,125,SYNTH
2026-04-21 13:32:49.078Z,2.7206,196,SYNTH
2026-04-21 13:32:50.369Z,2.7203,141,SYNTH
2026-04-21 13:32:51.031Z,2.7189,140,SYNTH
2026-04-21 13:32:52.604Z,2.7180,121,SYNTH
2026-04-21 13:32:53.887Z,2.7202,95,SYNTH
2026-04-21 13:32:54.204Z,2.7213,182,SYNTH
2026-04-21 13:32:55.494Z,2.7196,204,SYNTH
2026-04-21 13:32:56.227Z,2.7185,181,SYNTH
2026-04-21 13:32:57.368Z,2.7208,105,SYNTH
2026-04-21 13:32:58.261Z,2.7206,153,SYNTH
2026-04-21 13:32:59.797Z,2.7181,200,SYNTH
2026-04-21 13:33:00.303Z,2.7357,133,SYNTH
2026-04-21 13:33:01.405Z,2.7362,141,SYNTH
2026-04-21 13:33:02.667Z,2.7367,93,SYNTH
2026-04-21 13:33:03.789Z,2.7362,94,SYNTH
2026-04-21 13:33:04.825Z,2.7337,122,SYNTH
2026-04-21 13:33:05.432Z,2.7346,107,SYNTH
2026-04-21 13:33:06.309Z,2.7344,93,SYNTH
2026-04-21 13:33:07.409Z,2.7366,94,SYNTH
2026-04-21 13:33:08.042Z,2.7364,108,SYNTH
2026-04-21 13:33:09.194Z,2.7348,84,SYNTH
2026-04-21 13:33:10.053Z,2.7343,114,SYNTH
2026-04-21 13:33:11.384Z,2.7336,207,SYNTH
2026-04-21 13:33:12.180Z,2.7356,159,SYNTH
2026-04-21 13:33:13.084Z,2.7333,174,SYNTH
2026-04-21 13:33:14.488Z,2.7370,72,SYNTH
2026-04-21 13:33:15.764Z,2.7370,45,SYNTH
2026-04-21 13:33:16.050Z,2.7364,109,SYNTH
2026-04-21 13:33:17.036Z,2.7360,144,SYNTH
2026-04-21 13:33:18.238Z,2.7343,179,SYNTH
2026-04-21 13:33:19.873Z,2.7332,126,SYNTH
2026-04-21 13:33:20.758Z,2.7310,61,SYNTH
2026-04-21 13:33:21.040Z,2.7275,73,SYNTH
2026-04-21 13:33:22.535Z,2.7247,74,SYNTH
2026-04-21 13:33:23.366Z,2.7213,87,SYNTH
2026-04-21 13:33:24.638Z,2.7152,54,SYNTH
2026-04-21 13:33:25.285Z,2.7103,82,SYNTH
2026-04-21 13:33:26.246Z,2.7025,50,SYNTH
2026-04-21 13:33:27.577Z,2.6990,77,SYNTH
2026-04-21 13:33:28.715Z,2.6910,42,SYNTH
2026-04-21 13:33:29.726Z,2.6860,78,SYNTH
2026-04-21 13:33:30.332Z,2.6802,87,SYNTH
2026-04-21 13:33:31.385Z,2.6747,63,SYNTH
2026-04-21 13:33:32.819Z,2.6684,44,SYNTH
2026-04-21 13:33:33.815Z,2.6627,60,SYNTH
2026-04-21 13:33:34.104Z,2.6589,42,SYNTH
2026-04-21 13:33:35.398Z,2.6554,47,SYNTH
2026-04-21 13:33:36.272Z,2.6529,56,SYNTH
2026-04-21 13:33:37.682Z,2.6503,177,SYNTH
2026-04-21 13:33:38.330Z,2.6497,216,SYNTH
2026-04-21 13:33:39.703Z,2.6477,154,SYNTH
2026-04-21 13:33:40.371Z,2.6527,227,SYNTH
2026-04-21 13:33:41.576Z,2.6514,76,SYNTH
2026-04-21 13:33:42.068Z,2.6540,59,SYNTH
2026-04-21 13:33:43.260Z,2.6552,83,SYNTH
2026-04-21 13:33:44.485Z,2.6577,57,SYNTH
2026-04-21 13:33:45.858Z,2.6583,135,SYNTH
2026-04-21 13:33:46.334Z,2.6548,80,SYNTH
2026-04-21 13:33:47.368Z,2.6552,104,SYNTH
2026-04-21 13:33:48.341Z,2.6562,57,SYNTH
2026-04-21 13:33:49.467Z,2.6565,115,SYNTH
2026-04-21 13:33:50.461Z,2.6555,84,SYNTH
2026-04-21 13:33:51.478Z,2.6525,72,SYNTH
2026-04-21 13:33:52.302Z,2.6559,83,SYNTH
2026-04-21 13:33:53.337Z,2.6509,99,SYNTH
2026-04-21 13:33:54.435Z,2.6515,128,SYNTH
2026-04-21 13:33:55.607Z,2.6496,83,SYNTH
2026-04-21 13:33:56.503Z,2.6526,120,SYNTH
2026-04-21 13:33:57.166Z,2.6497,130,SYNTH
2026-04-21 13:33:58.251Z,2.6493,60,SYNTH
2026-04-21 13:33:59.782Z,2.6519,68,SYNTH
2026-04-21 13:35:00.528Z,2.6501,60,SYNTH
2026-04-21 13:35:01.351Z,2.6513,60,SYNTH
2026-04-21 13:35:02.356Z,2.6507,48,SYNTH
2026-04-21 13:35:03.801Z,2.6499,42,SYNTH
2026-04-21 13:35:04.237Z,2.6480,58,SYNTH
2026-04-21 13:35:05.732Z,2.6511,57,SYNTH
2026-04-21 13:35:06.157Z,2.6511,41,SYNTH
2026-04-21 13:35:07.100Z,2.6485,37,SYNTH
2026-04-21 13:35:08.402Z,2.6519,31,SYNTH
2026-04-21 13:35:09.722Z,2.6499,22,SYNTH
2026-04-21 13:35:10.880Z,2.6507,32,SYNTH
2026-04-21 13:35:11.018Z,2.6514,114,SYNTH
2026-04-21 13:35:12.059Z,2.6486,110,SYNTH
2026-04-21 13:35:13.181Z,2.6518,60,SYNTH
2026-04-21 13:35:14.745Z,2.6488,26,SYNTH
2026-04-21 13:35:15.391Z,2.6503,44,SYNTH
2026-04-21 13:35:16.853Z,2.6518,42,SYNTH
2026-04-21 13:35:17.844Z,2.6524,70,SYNTH
2026-04-21 13:35:18.369Z,2.6476,39,SYNTH
2026-04-21 13:35:19.529Z,2.6509,71,SYNTH
2026-04-21 13:35:20.165Z,2.6482,34,SYNTH
2026-04-21 13:35:21.191Z,2.6513,35,SYNTH
2026-04-21 13:35:22.411Z,2.6509,29,SYNTH
2026-04-21 13:35:23.356Z,2.6507,18,SYNTH
2026-04-21 13:35:24.554Z,2.6526,21,SYNTH
2026-04-21 13:35:25.802Z,2.6487,24,SYNTH
2026-04-21 13:35:26.518Z,2.6514,28,SYNTH
2026-04-21 13:35:27.198Z,2.6512,37,SYNTH
2026-04-21 13:35:28.889Z,2.6490,35,SYNTH
2026-04-21 13:35:29.401Z,2.6518,19,SYNTH
2026-04-21 13:35:30.723Z,2.6512,31,SYNTH
2026-04-21 13:35:31.589Z,2.6505,39,SYNTH
2026-04-21 13:35:32.140Z,2.6483,21,SYNTH
2026-04-21 13:35:33.649Z,2.6491,28,SYNTH
2026-04-21 13:35:34.087Z,2.6504,26,SYNTH
2026-04-21 13:35:35.161Z,2.6520,26,SYNTH
2026-04-21 13:35:36.344Z,2.6481,42,SYNTH
2026-04-21 13:35:37.826Z,2.6501,44,SYNTH
2026-04-21 13:35:38.203Z,2.6496,46,SYNTH
2026-04-21 13:35:39.822Z,2.6490,53,SYNTH
2026-04-21 13:35:40.165Z,2.6510,67,SYNTH
2026-04-21 13:35:41.837Z,2.6511,25,SYNTH
2026-04-21 13:35:42.558Z,2.6522,26,SYNTH
2026-04-21 13:35:43.283Z,2.6482,42,SYNTH
2026-04-21 13:35:44.361Z,2.6487,24,SYNTH
2026-04-21 13:35:45.794Z,2.6505,67,SYNTH
2026-04-21 13:35:46.827Z,2.6492,45,SYNTH
2026-04-21 13:35:47.555Z,2.6505,66,SYNTH
2026-04-21 13:35:48.665Z,2.6515,39,SYNTH
2026-04-21 13:35:49.573Z,2.6502,41,SYNTH
2026-04-21 13:35:50.727Z,2.6504,29,SYNTH
2026-04-21 13:35:51.537Z,2.6493,32,SYNTH
2026-04-21 13:35:52.854Z,2.6488,30,SYNTH
2026-04-21 13:35:53.807Z,2.6491,43,SYNTH
2026-04-21 13:35:54.164Z,2.6508,53,SYNTH
2026-04-21 13:35:55.071Z,2.6490,43,SYNTH
2026-04-21 13:35:56.494Z,2.6518,39,SYNTH
2026-04-21 13:35:57.047Z,2.6503,49,SYNTH
2026-04-21 13:35:58.657Z,2.6509,29,SYNTH
2026-04-21 13:35:59.667Z,2.6491,61,SYNTH
2026-04-21 13:41:00.622Z,2.6864,171,SYNTH
2026-04-21 13:41:01.622Z,2.6834,107,SYNTH
2026-04-21 13:41:02.591Z,2.6828,164,SYNTH
2026-04-21 13:41:03.595Z,2.6823,102,SYNTH
2026-04-21 13:41:04.297Z,2.6808,122,SYNTH
2026-04-21 13:41:05.134Z,2.6777,115,SYNTH
2026-04-21 13:41:06.238Z,2.6767,120,SYNTH
2026-04-21 13:41:07.761Z,2.6750,106,SYNTH
2026-04-21 13:41:08.660Z,2.6732,130,SYNTH
2026-04-21 13:41:09.445Z,2.6714,143,SYNTH
2026-04-21 13:41:10.349Z,2.6687,148,SYNTH
2026-04-21 13:41:11.545Z,2.6690,202,SYNTH
2026-04-21 13:41:12.598Z,2.6721,321,SYNTH
2026-04-21 13:41:13.533Z,2.6726,268,SYNTH
2026-04-21 13:41:14.185Z,2.6700,92,SYNTH
2026-04-21 13:41:15.625Z,2.6753,82,SYNTH
2026-04-21 13:41:16.582Z,2.6758,206,SYNTH
2026-04-21 13:41:17.500Z,2.6767,198,SYNTH
2026-04-21 13:41:18.539Z,2.6731,95,SYNTH
2026-04-21 13:41:19.222Z,2.6769,161,SYNTH
2026-04-21 13:41:20.366Z,2.6783,65,SYNTH
2026-04-21 13:41:21.682Z,2.6800,121,SYNTH
2026-04-21 13:41:22.357Z,2.6803,100,SYNTH
2026-04-21 13:41:23.601Z,2.6833,57,SYNTH
2026-04-21 13:41:24.580Z,2.6867,64,SYNTH
2026-04-21 13:41:25.157Z,2.6879,103,SYNTH
2026-04-21 13:41:26.792Z,2.6930,97,SYNTH
2026-04-21 13:41:27.757Z,2.6952,83,SYNTH
2026-04-21 13:41:28.864Z,2.6982,65,SYNTH
2026-04-21 13:41:29.445Z,2.7030,109,SYNTH
2026-04-21 13:41:30.584Z,2.7044,74,SYNTH
2026-04-21 13:41:31.753Z,2.7082,100,SYNTH
2026-04-21 13:41:32.834Z,2.7113,77,SYNTH
2026-04-21 13:41:33.696Z,2.7137,115,SYNTH
2026-04-21 13:41:34.554Z,2.7153,74,SYNTH
2026-04-21 13:41:35.459Z,2.7165,90,SYNTH
2026-04-21 13:41:36.753Z,2.7188,54,SYNTH
2026-04-21 13:41:37.443Z,2.7211,250,SYNTH
2026-04-21 13:41:38.830Z,2.7217,167,SYNTH
2026-04-21 13:41:39.162Z,2.7196,294,SYNTH
2026-04-21 13:41:40.163Z,2.7188,313,SYNTH
2026-04-21 13:41:41.704Z,2.7183,55,SYNTH
2026-04-21 13:41:42.084Z,2.7161,121,SYNTH
2026-04-21 13:41:43.390Z,2.7192,101,SYNTH
2026-04-21 13:41:44.277Z,2.7151,81,SYNTH
2026-04-21 13:41:45.267Z,2.7176,196,SYNTH
2026-04-21 13:41:46.754Z,2.7164,158,SYNTH
2026-04-21 13:41:47.821Z,2.7146,192,SYNTH
2026-04-21 13:41:48.279Z,2.7134,91,SYNTH
2026-04-21 13:41:49.244Z,2.7171,123,SYNTH
2026-04-21 13:41:50.504Z,2.7180,73,SYNTH
2026-04-21 13:41:51.001Z,2.7141,141,SYNTH
2026-04-21 13:41:52.328Z,2.7145,149,SYNTH
2026-04-21 13:41:53.568Z,2.7166,156,SYNTH
2026-04-21 13:41:54.665Z,2.7138,85,SYNTH
2026-04-21 13:41:55.616Z,2.7162,158,SYNTH
2026-04-21 13:41:56.234Z,2.7148,163,SYNTH
2026-04-21 13:41:57.862Z,2.7161,170,SYNTH
2026-04-21 13:41:58.835Z,2.7146,180,SYNTH
2026-04-21 13:41:59.573Z,2.7159,181,SYNTH
2026-04-21 13:42:00.656Z,2.6815,64,SYNTH
2026-04-21 13:42:01.017Z,2.6806,105,SYNTH
2026-04-21 13:42:02.663Z,2.6794,91,SYNTH
2026-04-21 13:42:03.887Z,2.6780,43,SYNTH
2026-04-21 13:42:04.139Z,2.6814,66,SYNTH
2026-04-21 13:42:05.720Z,2.6796,67,SYNTH
2026-04-21 13:42:06.826Z,2.6809,83,SYNTH
2026-04-21 13:42:07.477Z,2.6780,47,SYNTH
2026-04-21 13:42:08.332Z,2.6805,75,SYNTH
2026-04-21 13:42:09.593Z,2.6788,87,SYNTH
2026-04-21 13:42:10.873Z,2.6817,41,SYNTH
2026-04-21 13:42:11.446Z,2.6806,91,SYNTH
2026-04-21 13:42:12.195Z,2.6785,104,SYNTH
2026-04-21 13:42:13.330Z,2.6816,96,SYNTH
2026-04-21 13:42:14.279Z,2.6813,52,SYNTH
2026-04-21 13:42:15.333Z,2.6801,54,SYNTH
2026-04-21 13:42:16.099Z,2.6779,62,SYNTH
2026-04-21 13:42:17.178Z,2.6804,130,SYNTH
2026-04-21 13:42:18.418Z,2.6816,134,SYNTH
2026-04-21 13:42:19.414Z,2.6811,129,SYNTH
2026-04-21 13:42:20.644Z,2.6790,35,SYNTH
2026-04-21 13:42:21.701Z,2.6793,63,SYNTH
2026-04-21 13:42:22.057Z,2.6796,31,SYNTH
2026-04-21 13:42:23.035Z,2.6789,36,SYNTH
2026-04-21 13:42:24.361Z,2.6795,29,SYNTH
2026-04-21 13:42:25.632Z,2.6821,34,SYNTH
2026-04-21 13:42:26.054Z,2.6786,70,SYNTH
2026-04-21 13:42:27.017Z,2.6806,66,SYNTH
2026-04-21 13:42:28.090Z,2.6795,32,SYNTH
2026-04-21 13:42:29.323Z,2.6786,66,SYNTH
2026-04-21 13:42:30.886Z,2.6810,41,SYNTH
2026-04-21 13:42:31.232Z,2.6788,51,SYNTH
2026-04-21 13:42:32.399Z,2.6809,46,SYNTH
2026-04-21 13:42:33.632Z,2.6781,32,SYNTH
2026-04-21 13:42:34.082Z,2.6806,52,SYNTH
2026-04-21 13:42:35.101Z,2.6805,47,SYNTH
2026-04-21 13:42:36.040Z,2.6808,70,SYNTH
2026-04-21 13:42:37.418Z,2.6786,88,SYNTH
2026-04-21 13:42:38.316Z,2.6800,111,SYNTH
2026-04-21 13:42:39.163Z,2.6816,113,SYNTH
2026-04-21 13:42:40.116Z,2.6803,107,SYNTH
2026-04-21 13:42:41.071Z,2.6791,49,SYNTH
2026-04-21 13:42:42.295Z,2.6809,50,SYNTH
2026-04-21 13:42:43.234Z,2.6776,37,SYNTH
2026-04-21 13:42:44.592Z,2.6807,44,SYNTH
2026-04-21 13:42:45.642Z,2.6800,96,SYNTH
2026-04-21 13:42:46.555Z,2.6789,123,SYNTH
2026-04-21 13:42:47.856Z,2.6814,75,SYNTH
2026-04-21 13:42:48.294Z,2.6811,50,SYNTH
2026-04-21 13:42:49.244Z,2.6818,56,SYNTH
2026-04-21 13:42:50.192Z,2.6795,49,SYNTH
2026-04-21 13:42:51.851Z,2.6810,83,SYNTH
2026-04-21 13:42:52.201Z,2.6819,43,SYNTH
2026-04-21 13:42:53.018Z,2.6822,91,SYNTH
2026-04-21 13:42:54.391Z,2.6798,80,SYNTH
2026-04-21 13:42:55.229Z,2.6787,69,SYNTH
2026-04-21 13:42:56.593Z,2.6811,97,SYNTH
2026-04-21 13:42:57.394Z,2.6791,98,SYNTH
2026-04-21 13:42:58.269Z,2.6806,79,SYNTH
2026-04-21 13:42:59.215Z,2.6791,91,SYNTH
2026-04-21 13:43:00.384Z,2.6950,85,SYNTH
2026-04-21 13:43:01.339Z,2.6939,83,SYNTH
2026-04-21 13:43:02.818Z,2.6934,116,SYNTH
2026-04-21 13:43:03.729Z,2.6962,137,SYNTH
2026-04-21 13:43:04.565Z,2.6963,109,SYNTH
2026-04-21 13:43:05.603Z,2.6960,138,SYNTH
2026-04-21 13:43:06.296Z,2.6964,118,SYNTH
2026-04-21 13:43:07.480Z,2.6942,87,SYNTH
2026-04-21 13:43:08.547Z,2.6970,126,SYNTH
2026-04-21 13:43:09.164Z,2.6968,122,SYNTH
2026-04-21 13:43:10.633Z,2.6935,93,SYNTH
2026-04-21 13:43:11.183Z,2.6965,249,SYNTH
2026-04-21 13:43:12.463Z,2.6930,299,SYNTH
2026-04-21 13:43:13.450Z,2.6932,190,SYNTH
2026-04-21 13:43:14.565Z,2.6974,67,SYNTH
2026-04-21 13:43:15.761Z,2.6953,67,SYNTH
2026-04-21 13:43:16.112Z,2.6937,151,SYNTH
2026-04-21 13:43:17.183Z,2.6969,182,SYNTH
2026-04-21 13:43:18.850Z,2.6963,187,SYNTH
2026-04-21 13:43:19.313Z,2.6935,146,SYNTH
2026-04-21 13:43:20.565Z,2.6925,65,SYNTH
2026-04-21 13:43:21.353Z,2.6908,94,SYNTH
2026-04-21 13:43:22.321Z,2.6882,43,SYNTH
2026-04-21 13:43:23.084Z,2.6837,56,SYNTH
2026-04-21 13:43:24.840Z,2.6820,86,SYNTH
2026-04-21 13:43:25.652Z,2.6784,57,SYNTH
2026-04-21 13:43:26.587Z,2.6753,64,SYNTH
2026-04-21 13:43:27.380Z,2.6702,70,SYNTH
2026-04-21 13:43:28.342Z,2.6671,53,SYNTH
2026-04-21 13:43:29.611Z,2.6637,87,SYNTH
2026-04-21 13:43:30.003Z,2.6583,90,SYNTH
2026-04-21 13:43:31.860Z,2.6547,57,SYNTH
2026-04-21 13:43:32.332Z,2.6524,52,SYNTH
2026-04-21 13:43:33.297Z,2.6476,72,SYNTH
2026-04-21 13:43:34.741Z,2.6453,58,SYNTH
2026-04-21 13:43:35.617Z,2.6416,46,SYNTH
2026-04-21 13:43:36.121Z,2.6419,56,SYNTH
2026-04-21 13:43:37.521Z,2.6391,208,SYNTH
2026-04-21 13:43:38.147Z,2.6381,151,SYNTH
2026-04-21 13:43:39.505Z,2.6383,248,SYNTH
2026-04-21 13:43:40.271Z,2.6420,183,SYNTH
2026-04-21 13:43:41.019Z,2.6427,97,SYNTH
2026-04-21 13:43:42.416Z,2.6446,106,SYNTH
2026-04-21 13:43:43.083Z,2.6456,98,SYNTH
2026-04-21 13:43:44.204Z,2.6475,55,SYNTH
2026-04-21 13:43:45.606Z,2.6491,90,SYNTH
2026-04-21 13:43:46.294Z,2.6487,174,SYNTH
2026-04-21 13:43:47.668Z,2.6492,172,SYNTH
2026-04-21 13:43:48.209Z,2.6462,58,SYNTH
2026-04-21 13:43:49.425Z,2.6451,54,SYNTH
2026-04-21 13:43:50.710Z,2.6470,93,SYNTH
2026-04-21 13:43:51.679Z,2.6446,73,SYNTH
2026-04-21 13:43:52.821Z,2.6422,110,SYNTH
2026-04-21 13:43:53.640Z,2.6418,92,SYNTH
2026-04-21 13:43:54.652Z,2.6415,111,SYNTH
2026-04-21 13:43:55.364Z,2.6416,103,SYNTH
2026-04-21 13:43:56.545Z,2.6409,112,SYNTH
2026-04-21 13:43:57.862Z,2.6397,83,SYNTH
2026-04-21 13:43:58.877Z,2.6388,148,SYNTH
2026-04-21 13:43:59.809Z,2.6401,73,SYNTH
2026-04-21 13:49:00.605Z,2.6421,26,SYNTH
2026-04-21 13:49:01.162Z,2.6421,30,SYNTH
2026-04-21 13:49:02.532Z,2.6381,32,SYNTH
2026-04-21 13:49:03.281Z,2.6401,53,SYNTH
2026-04-21 13:49:04.764Z,2.6421,35,SYNTH
2026-04-21 13:49:05.591Z,2.6418,48,SYNTH
2026-04-21 13:49:06.232Z,2.6423,36,SYNTH
2026-04-21 13:49:07.425Z,2.6388,26,SYNTH
2026-04-21 13:49:08.742Z,2.6421,44,SYNTH
2026-04-21 13:49:09.477Z,2.6398,44,SYNTH
2026-04-21 13:49:10.523Z,2.6413,40,SYNTH
2026-04-21 13:49:11.797Z,2.6418,103,SYNTH
2026-04-21 13:49:12.550Z,2.6395,49,SYNTH
2026-04-21 13:49:13.825Z,2.6416,74,SYNTH
2026-04-21 13:49:14.755Z,2.6416,43,SYNTH
2026-04-21 13:49:15.427Z,2.6408,40,SYNTH
2026-04-21 13:49:16.364Z,2.6410,62,SYNTH
2026-04-21 13:49:17.746Z,2.6400,58,SYNTH
2026-04-21 13:49:18.732Z,2.6389,37,SYNTH
2026-04-21 13:49:19.214Z,2.6383,44,SYNTH
2026-04-21 13:49:20.604Z,2.6407,26,SYNTH
2026-04-21 13:49:21.138Z,2.6411,30,SYNTH
2026-04-21 13:49:22.152Z,2.6419,22,SYNTH
2026-04-21 13:49:23.688Z,2.6410,31,SYNTH
2026-04-21 13:49:24.636Z,2.6422,24,SYNTH
2026-04-21 13:49:25.475Z,2.6441,32,SYNTH
2026-04-21 13:49:26.338Z,2.6445,29,SYNTH
2026-04-21 13:49:27.012Z,2.6457,35,SYNTH
2026-04-21 13:49:28.712Z,2.6456,26,SYNTH
2026-04-21 13:49:29.577Z,2.6457,24,SYNTH
2026-04-21 13:49:30.275Z,2.6469,32,SYNTH
2026-04-21 13:49:31.451Z,2.6493,27,SYNTH
2026-04-21 13:49:32.424Z,2.6459,34,SYNTH
2026-04-21 13:49:33.190Z,2.6499,30,SYNTH
2026-04-21 13:49:34.840Z,2.6469,20,SYNTH
2026-04-21 13:49:35.621Z,2.6500,19,SYNTH
2026-04-21 13:49:36.849Z,2.6497,23,SYNTH
2026-04-21 13:49:37.681Z,2.6514,86,SYNTH
2026-04-21 13:49:38.627Z,2.6509,59,SYNTH
2026-04-21 13:49:39.457Z,2.6489,85,SYNTH
2026-04-21 13:49:40.238Z,2.6488,85,SYNTH
2026-04-21 13:49:41.003Z,2.6511,34,SYNTH
2026-04-21 13:49:42.706Z,2.6492,17,SYNTH
2026-04-21 13:49:43.605Z,2.6464,26,SYNTH
2026-04-21 13:49:44.110Z,2.6472,24,SYNTH
2026-04-21 13:49:45.505Z,2.6459,37,SYNTH
2026-04-21 13:49:46.899Z,2.6490,48,SYNTH
2026-04-21 13:49:47.700Z,2.6468,53,SYNTH
2026-04-21 13:49:48.743Z,2.6492,25,SYNTH
2026-04-21 13:49:49.097Z,2.6454,44,SYNTH
2026-04-21 13:49:50.113Z,2.6457,47,SYNTH
2026-04-21 13:49:51.738Z,2.6445,23,SYNTH
2026-04-21 13:49:52.844Z,2.6435,34,SYNTH
2026-04-21 13:49:53.346Z,2.6450,48,SYNTH
2026-04-21 13:49:54.552Z,2.6438,40,SYNTH
2026-04-21 13:49:55.666Z,2.6448,35,SYNTH
2026-04-21 13:49:56.002Z,2.6434,36,SYNTH
2026-04-21 13:49:57.735Z,2.6421,47,SYNTH
2026-04-21 13:49:58.763Z,2.6444,41,SYNTH
2026-04-21 13:49:59.315Z,2.6423,58,SYNTH
2026-04-21 13:50:00.381Z,2.6571,62,SYNTH
2026-04-21 13:50:01.385Z,2.6534,71,SYNTH
2026-04-21 13:50:02.410Z,2.6558,65,SYNTH
2026-04-21 13:50:03.885Z,2.6532,53,SYNTH
2026-04-21 13:50:04.564Z,2.6566,67,SYNTH
2026-04-21 13:50:05.064Z,2.6556,37,SYNTH
2026-04-21 13:50:06.042Z,2.6571,32,SYNTH
2026-04-21 13:50:07.709Z,2.6547,60,SYNTH
2026-04-21 13:50:08.616Z,2.6567,39,SYNTH
2026-04-21 13:50:09.123Z,2.6542,26,SYNTH
2026-04-21 13:50:10.231Z,2.6566,45,SYNTH
2026-04-21 13:50:11.643Z,2.6560,120,SYNTH
2026-04-21 13:50:12.176Z,2.6559,115,SYNTH
2026-04-21 13:50:13.593Z,2.6544,68,SYNTH
2026-04-21 13:50:14.182Z,2.6547,37,SYNTH
2026-04-21 13:50:15.837Z,2.6550,49,SYNTH
2026-04-21 13:50:16.149Z,2.6557,81,SYNTH
2026-04-21 13:50:17.859Z,2.6547,40,SYNTH
2026-04-21 13:50:18.716Z,2.6548,54,SYNTH
2026-04-21 13:50:19.155Z,2.6540,70,SYNTH
2026-04-21 13:50:20.796Z,2.6563,29,SYNTH
2026-04-21 13:50:21.718Z,2.6544,23,SYNTH
2026-04-21 13:50:22.232Z,2.6570,50,SYNTH
2026-04-21 13:50:23.043Z,2.6569,43,SYNTH
2026-04-21 13:50:24.773Z,2.6565,35,SYNTH
2026-04-21 13:50:25.709Z,2.6575,35,SYNTH
2026-04-21 13:50:26.618Z,2.6579,43,SYNTH
2026-04-21 13:50:27.454Z,2.6565,47,SYNTH
2026-04-21 13:50:28.716Z,2.6587,42,SYNTH
2026-04-21 13:50:29.439Z,2.6586,40,SYNTH
2026-04-21 13:50:30.599Z,2.6564,37,SYNTH
2026-04-21 13:50:31.448Z,2.6609,44,SYNTH
2026-04-21 13:50:32.891Z,2.6574,30,SYNTH
2026-04-21 13:50:33.418Z,2.6583,28,SYNTH
2026-04-21 13:50:34.598Z,2.6604,34,SYNTH
2026-04-21 13:50:35.013Z,2.6617,25,SYNTH
2026-04-21 13:50:36.192Z,2.6609,33,SYNTH
2026-04-21 13:50:37.527Z,2.6614,73,SYNTH
2026-04-21 13:50:38.200Z,2.6606,61,SYNTH
2026-04-21 13:50:39.387Z,2.6597,110,SYNTH
2026-04-21 13:50:40.525Z,2.6583,101,SYNTH
2026-04-21 13:50:41.442Z,2.6619,23,SYNTH
2026-04-21 13:50:42.537Z,2.6597,53,SYNTH
2026-04-21 13:50:43.668Z,2.6584,50,SYNTH
2026-04-21 13:50:44.304Z,2.6603,28,SYNTH
2026-04-21 13:50:45.285Z,2.6585,45,SYNTH
2026-04-21 13:50:46.049Z,2.6612,40,SYNTH
2026-04-21 13:50:47.398Z,2.6576,80,SYNTH
2026-04-21 13:50:48.212Z,2.6588,27,SYNTH
2026-04-21 13:50:49.313Z,2.6604,34,SYNTH
2026-04-21 13:50:50.342Z,2.6581,54,SYNTH
2026-04-21 13:50:51.099Z,2.6583,57,SYNTH
2026-04-21 13:50:52.084Z,2.6622,49,SYNTH
2026-04-21 13:50:53.541Z,2.6597,40,SYNTH
2026-04-21 13:50:54.587Z,2.6613,62,SYNTH
2026-04-21 13:50:55.260Z,2.6586,29,SYNTH
2026-04-21 13:50:56.874Z,2.6613,69,SYNTH
2026-04-21 13:50:57.104Z,2.6611,58,SYNTH
2026-04-21 13:50:58.043Z,2.6579,41,SYNTH
2026-04-21 13:50:59.341Z,2.6611,56,SYNTH
2026-04-21 13:52:00.256Z,2.6807,4,SYNTH
2026-04-21 13:52:01.030Z,2.6820,3,SYNTH
2026-04-21 13:52:02.054Z,2.6785,2,SYNTH
2026-04-21 13:52:03.727Z,2.6787,3,SYNTH
2026-04-21 13:52:04.088Z,2.6823,2,SYNTH
2026-04-21 13:52:05.550Z,2.6818,3,SYNTH
2026-04-21 13:52:06.129Z,2.6782,4,SYNTH
2026-04-21 13:52:07.390Z,2.6779,2,SYNTH
2026-04-21 13:52:08.598Z,2.6820,4,SYNTH
2026-04-21 13:52:09.646Z,2.6820,4,SYNTH
2026-04-21 13:52:10.004Z,2.6801,2,SYNTH
2026-04-21 13:52:11.178Z,2.6797,5,SYNTH
2026-04-21 13:52:12.389Z,2.6809,9,SYNTH
2026-04-21 13:52:13.416Z,2.6781,9,SYNTH
2026-04-21 13:52:14.225Z,2.6813,3,SYNTH
2026-04-21 13:52:15.094Z,2.6797,3,SYNTH
2026-04-21 13:52:16.732Z,2.6819,3,SYNTH
2026-04-21 13:52:17.855Z,2.6781,6,SYNTH
2026-04-21 13:52:18.179Z,2.6811,5,SYNTH
2026-04-21 13:52:19.848Z,2.6812,5,SYNTH
2026-04-21 13:52:20.754Z,2.6797,3,SYNTH
2026-04-21 13:52:21.725Z,2.6785,2,SYNTH
2026-04-21 13:52:22.148Z,2.6802,2,SYNTH
2026-04-21 13:52:23.389Z,2.6800,2,SYNTH
2026-04-21 13:52:24.010Z,2.6790,3,SYNTH
2026-04-21 13:52:25.562Z,2.6814,3,SYNTH
2026-04-21 13:52:26.524Z,2.6786,3,SYNTH
2026-04-21 13:52:27.118Z,2.6785,2,SYNTH
2026-04-21 13:52:28.206Z,2.6813,2,SYNTH
2026-04-21 13:52:29.578Z,2.6814,3,SYNTH
2026-04-21 13:52:30.328Z,2.6795,2,SYNTH
2026-04-21 13:52:31.272Z,2.6818,3,SYNTH
2026-04-21 13:52:32.198Z,2.6789,3,SYNTH
2026-04-21 13:52:33.372Z,2.6819,3,SYNTH
2026-04-21 13:52:34.506Z,2.6776,3,SYNTH
2026-04-21 13:52:35.893Z,2.6804,2,SYNTH
2026-04-21 13:52:36.040Z,2.6817,3,SYNTH
2026-04-21 13:52:37.071Z,2.6793,7,SYNTH
2026-04-21 13:52:38.199Z,2.6812,4,SYNTH
2026-04-21 13:52:39.362Z,2.6803,4,SYNTH
2026-04-21 13:52:40.658Z,2.6816,5,SYNTH
2026-04-21 13:52:41.514Z,2.6791,2,SYNTH
2026-04-21 13:52:42.133Z,2.6825,2,SYNTH
2026-04-21 13:52:43.364Z,2.6777,2,SYNTH
2026-04-21 13:52:44.822Z,2.6822,3,SYNTH
2026-04-21 13:52:45.381Z,2.6813,5,SYNTH
2026-04-21 13:52:46.493Z,2.6787,2,SYNTH
2026-04-21 13:52:47.898Z,2.6812,5,SYNTH
2026-04-21 13:52:48.555Z,2.6807,2,SYNTH
2026-04-21 13:52:49.594Z,2.6786,3,SYNTH
2026-04-21 13:52:50.029Z,2.6802,3,SYNTH
2026-04-21 13:52:51.352Z,2.6810,3,SYNTH
2026-04-21 13:52:52.202Z,2.6793,3,SYNTH
2026-04-21 13:52:53.112Z,2.6818,3,SYNTH
2026-04-21 13:52:54.701Z,2.6822,3,SYNTH
2026-04-21 13:52:55.256Z,2.6787,3,SYNTH
2026-04-21 13:52:56.573Z,2.6791,4,SYNTH
2026-04-21 13:52:57.532Z,2.6800,2,SYNTH
2026-04-21 13:52:58.127Z,2.6789,4,SYNTH
2026-04-21 13:52:59.638Z,2.6803,3,SYNTH
2026-04-21 13:53:00.820Z,2.6910,256,SYNTH
2026-04-21 13:53:01.775Z,2.6874,135,SYNTH
2026-04-21 13:53:02.421Z,2.6910,186,SYNTH
2026-04-21 13:53:03.605Z,2.6891,158,SYNTH
2026-04-21 13:53:04.432Z,2.6918,173,SYNTH
2026-04-21 13:53:05.454Z,2.6882,227,SYNTH
2026-04-21 13:53:06.102Z,2.6911,104,SYNTH
2026-04-21 13:53:07.181Z,2.6899,196,SYNTH
2026-04-21 13:53:08.155Z,2.6924,111,SYNTH
2026-04-21 13:53:09.184Z,2.6889,192,SYNTH
2026-04-21 13:53:10.140Z,2.6894,111,SYNTH
2026-04-21 13:53:11.053Z,2.6884,312,SYNTH
2026-04-21 13:53:12.205Z,2.6901,251,SYNTH
2026-04-21 13:53:13.345Z,2.6905,453,SYNTH
2026-04-21 13:53:14.370Z,2.6906,158,SYNTH
2026-04-21 13:53:15.306Z,2.6881,181,SYNTH
2026-04-21 13:53:16.323Z,2.6909,227,SYNTH
2026-04-21 13:53:17.703Z,2.6881,320,SYNTH
2026-04-21 13:53:18.578Z,2.6915,241,SYNTH
2026-04-21 13:53:19.734Z,2.6919,176,SYNTH
2026-04-21 13:53:20.246Z,2.6922,96,SYNTH
2026-04-21 13:53:21.098Z,2.6923,137,SYNTH
2026-04-21 13:53:22.469Z,2.6965,97,SYNTH
2026-04-21 13:53:23.669Z,2.6969,81,SYNTH
2026-04-21 13:53:24.659Z,2.6999,156,SYNTH
2026-04-21 13:53:25.880Z,2.7020,153,SYNTH
2026-04-21 13:53:26.873Z,2.7037,126,SYNTH
2026-04-21 13:53:27.044Z,2.7077,76,SYNTH
2026-04-21 13:53:28.832Z,2.7097,101,SYNTH
2026-04-21 13:53:29.670Z,2.7123,75,SYNTH
2026-04-21 13:53:30.173Z,2.7155,162,SYNTH
2026-04-21 13:53:31.494Z,2.7175,117,SYNTH
2026-04-21 13:53:32.635Z,2.7217,87,SYNTH
2026-04-21 13:53:33.049Z,2.7226,88,SYNTH
2026-04-21 13:53:34.308Z,2.7233,140,SYNTH
2026-04-21 13:53:35.848Z,2.7263,100,SYNTH
2026-04-21 13:53:36.389Z,2.7272,137,SYNTH
2026-04-21 13:53:37.761Z,2.7281,256,SYNTH
2026-04-21 13:53:38.888Z,2.7284,191,SYNTH
2026-04-21 13:53:39.329Z,2.7283,400,SYNTH
2026-04-21 13:53:40.476Z,2.7265,401,SYNTH
2026-04-21 13:53:41.135Z,2.7250,103,SYNTH
2026-04-21 13:53:42.448Z,2.7235,119,SYNTH
2026-04-21 13:53:43.712Z,2.7246,159,SYNTH
2026-04-21 13:53:44.448Z,2.7238,149,SYNTH
2026-04-21 13:53:45.052Z,2.7223,271,SYNTH
2026-04-21 13:53:46.658Z,2.7220,195,SYNTH
2026-04-21 13:53:47.817Z,2.7208,256,SYNTH
2026-04-21 13:53:48.739Z,2.7206,207,SYNTH
2026-04-21 13:53:49.544Z,2.7181,208,SYNTH
2026-04-21 13:53:50.561Z,2.7156,139,SYNTH
2026-04-21 13:53:51.144Z,2.7133,148,SYNTH
2026-04-21 13:53:52.549Z,2.7097,187,SYNTH
2026-04-21 13:53:53.079Z,2.7051,135,SYNTH
2026-04-21 13:53:54.054Z,2.7031,197,SYNTH
2026-04-21 13:53:55.649Z,2.7000,123,SYNTH
2026-04-21 13:53:56.427Z,2.6986,237,SYNTH
2026-04-21 13:53:57.503Z,2.6961,174,SYNTH
2026-04-21 13:53:58.695Z,2.6952,213,SYNTH
2026-04-21 13:53:59.521Z,2.6932,263,SYNTH
2026-04-21 13:54:00.203Z,2.6956,271,SYNTH
2026-04-21 13:54:01.647Z,2.6969,236,SYNTH
2026-04-21 13:54:02.884Z,2.6979,152,SYNTH
2026-04-21 13:54:03.792Z,2.7002,185,SYNTH
2026-04-21 13:54:04.888Z,2.7054,199,SYNTH
2026-04-21 13:54:05.205Z,2.7095,142,SYNTH
2026-04-21 13:54:06.720Z,2.7143,133,SYNTH
2026-04-21 13:54:07.709Z,2.7184,210,SYNTH
2026-04-21 13:54:08.190Z,2.7216,202,SYNTH
2026-04-21 13:54:09.004Z,2.7255,204,SYNTH
2026-04-21 13:54:10.586Z,2.7287,227,SYNTH
2026-04-21 13:54:11.232Z,2.7310,316,SYNTH
2026-04-21 13:54:12.885Z,2.7291,269,SYNTH
2026-04-21 13:54:13.234Z,2.7279,438,SYNTH
2026-04-21 13:54:14.733Z,2.7260,192,SYNTH
2026-04-21 13:54:15.666Z,2.7248,160,SYNTH
2026-04-21 13:54:16.030Z,2.7200,174,SYNTH
2026-04-21 13:54:17.554Z,2.7207,368,SYNTH
2026-04-21 13:54:18.671Z,2.7191,326,SYNTH
2026-04-21 13:54:19.598Z,2.7186,225,SYNTH
2026-04-21 13:54:20.018Z,2.7183,192,SYNTH
2026-04-21 13:54:21.689Z,2.7163,128,SYNTH
2026-04-21 13:54:22.794Z,2.7142,203,SYNTH
2026-04-21 13:54:23.359Z,2.7125,192,SYNTH
2026-04-21 13:54:24.232Z,2.7100,195,SYNTH
2026-04-21 13:54:25.777Z,2.7057,81,SYNTH
2026-04-21 13:54:26.185Z,2.7040,196,SYNTH
2026-04-21 13:54:27.013Z,2.6991,157,SYNTH
2026-04-21 13:54:28.083Z,2.6964,167,SYNTH
2026-04-21 13:54:29.347Z,2.6936,176,SYNTH
2026-04-21 13:54:30.144Z,2.6914,112,SYNTH
2026-04-21 13:54:31.113Z,2.6867,175,SYNTH
2026-04-21 13:54:32.851Z,2.6847,179,SYNTH
2026-04-21 13:54:33.054Z,2.6815,99,SYNTH
2026-04-21 13:54:34.768Z,2.6786,145,SYNTH
2026-04-21 13:54:35.309Z,2.6764,101,SYNTH
2026-04-21 13:54:36.506Z,2.6749,144,SYNTH
2026-04-21 13:54:37.515Z,2.6733,279,SYNTH
2026-04-21 13:54:38.340Z,2.6738,517,SYNTH
2026-04-21 13:54:39.341Z,2.6777,391,SYNTH
2026-04-21 13:54:40.128Z,2.6772,325,SYNTH
2026-04-21 13:54:41.498Z,2.6737,186,SYNTH
2026-04-21 13:54:42.419Z,2.6763,192,SYNTH
2026-04-21 13:54:43.670Z,2.6788,195,SYNTH
2026-04-21 13:54:44.602Z,2.6754,142,SYNTH
2026-04-21 13:54:45.248Z,2.6787,289,SYNTH
2026-04-21 13:54:46.495Z,2.6782,265,SYNTH
2026-04-21 13:54:47.845Z,2.6788,302,SYNTH
2026-04-21 13:54:48.327Z,2.6786,153,SYNTH
2026-04-21 13:54:49.208Z,2.6763,245,SYNTH
2026-04-21 13:54:50.783Z,2.6769,214,SYNTH
2026-04-21 13:54:51.820Z,2.6750,114,SYNTH
2026-04-21 13:54:52.406Z,2.6747,180,SYNTH
2026-04-21 13:54:53.507Z,2.6749,191,SYNTH
2026-04-21 13:54:54.217Z,2.6763,173,SYNTH
2026-04-21 13:54:55.481Z,2.6745,167,SYNTH
2026-04-21 13:54:56.079Z,2.6744,245,SYNTH
2026-04-21 13:54:57.211Z,2.6740,162,SYNTH
2026-04-21 13:54:58.111Z,2.6766,134,SYNTH
2026-04-21 13:54:59.892Z,2.6730,263,SYNTH
2026-04-21 13:55:00.595Z,2.6683,205,SYNTH
2026-04-21 13:55:01.611Z,2.6688,183,SYNTH
2026-04-21 13:55:02.885Z,2.6703,131,SYNTH
2026-04-21 13:55:03.029Z,2.6727,104,SYNTH
2026-04-21 13:55:04.342Z,2.6748,107,SYNTH
2026-04-21 13:55:05.355Z,2.6759,96,SYNTH
2026-04-21 13:55:06.889Z,2.6792,139,SYNTH
2026-04-21 13:55:07.173Z,2.6818,87,SYNTH
2026-04-21 13:55:08.495Z,2.6857,95,SYNTH
2026-04-21 13:55:09.481Z,2.6880,123,SYNTH
2026-04-21 13:55:10.180Z,2.6895,77,SYNTH
2026-04-21 13:55:11.610Z,2.6892,322,SYNTH
2026-04-21 13:55:12.884Z,2.6924,262,SYNTH
2026-04-21 13:55:13.076Z,2.6879,252,SYNTH
2026-04-21 13:55:14.055Z,2.6855,79,SYNTH
2026-04-21 13:55:15.691Z,2.6834,108,SYNTH
2026-04-21 13:55:16.223Z,2.6822,235,SYNTH
2026-04-21 13:55:17.626Z,2.6794,226,SYNTH
2026-04-21 13:55:18.448Z,2.6795,219,SYNTH
2026-04-21 13:55:19.789Z,2.6787,214,SYNTH
2026-04-21 13:55:20.554Z,2.6787,71,SYNTH
2026-04-21 13:55:21.582Z,2.6768,117,SYNTH
2026-04-21 13:55:22.367Z,2.6748,128,SYNTH
2026-04-21 13:55:23.239Z,2.6738,130,SYNTH
2026-04-21 13:55:24.104Z,2.6704,87,SYNTH
2026-04-21 13:55:25.039Z,2.6686,113,SYNTH
2026-04-21 13:55:26.799Z,2.6657,103,SYNTH
2026-04-21 13:55:27.509Z,2.6625,119,SYNTH
2026-04-21 13:55:28.157Z,2.6589,78,SYNTH
2026-04-21 13:55:29.276Z,2.6561,72,SYNTH
2026-04-21 13:55:30.599Z,2.6542,86,SYNTH
2026-04-21 13:55:31.513Z,2.6502,92,SYNTH
2026-04-21 13:55:32.652Z,2.6479,120,SYNTH
2026-04-21 13:55:33.416Z,2.6459,59,SYNTH
2026-04-21 13:55:34.863Z,2.6426,124,SYNTH
2026-04-21 13:55:35.249Z,2.6417,112,SYNTH
2026-04-21 13:55:36.371Z,2.6394,116,SYNTH
2026-04-21 13:55:37.593Z,2.6389,328,SYNTH
2026-04-21 13:55:38.233Z,2.6418,313,SYNTH
2026-04-21 13:55:39.251Z,2.6388,238,SYNTH
2026-04-21 13:55:40.447Z,2.6413,146,SYNTH
2026-04-21 13:55:41.805Z,2.6431,64,SYNTH
2026-04-21 13:55:42.200Z,2.6429,129,SYNTH
2026-04-21 13:55:43.481Z,2.6452,85,SYNTH
2026-04-21 13:55:44.317Z,2.6450,65,SYNTH
2026-04-21 13:55:45.892Z,2.6460,208,SYNTH
2026-04-21 13:55:46.139Z,2.6460,202,SYNTH
2026-04-21 13:55:47.735Z,2.6441,193,SYNTH
2026-04-21 13:55:48.490Z,2.6467,64,SYNTH
2026-04-21 13:55:49.217Z,2.6492,124,SYNTH
2026-04-21 13:55:50.073Z,2.6509,157,SYNTH
2026-04-21 13:55:51.645Z,2.6508,163,SYNTH
2026-04-21 13:55:52.559Z,2.6539,100,SYNTH
2026-04-21 13:55:53.313Z,2.6553,160,SYNTH
2026-04-21 13:55:54.813Z,2.6558,102,SYNTH
2026-04-21 13:55:55.734Z,2.6562,130,SYNTH
2026-04-21 13:55:56.541Z,2.6583,171,SYNTH
2026-04-21 13:55:57.119Z,2.6607,98,SYNTH
2026-04-21 13:55:58.787Z,2.6612,85,SYNTH
2026-04-21 13:55:59.462Z,2.6591,88,SYNTH
2026-04-21 14:33:00.682Z,2.6520,91,SYNTH
2026-04-21 14:33:01.153Z,2.6523,50,SYNTH
2026-04-21 14:33:02.488Z,2.6481,52,SYNTH
2026-04-21 14:33:03.029Z,2.6520,93,SYNTH
2026-04-21 14:33:04.605Z,2.6487,92,SYNTH
2026-04-21 14:33:05.706Z,2.6512,44,SYNTH
2026-04-21 14:33:06.640Z,2.6493,81,SYNTH
2026-04-21 14:33:07.827Z,2.6510,56,SYNTH
2026-04-21 14:33:08.201Z,2.6493,66,SYNTH
2026-04-21 14:33:09.025Z,2.6518,81,SYNTH
2026-04-21 14:33:10.881Z,2.6509,73,SYNTH
2026-04-21 14:33:11.310Z,2.6514,157,SYNTH
2026-04-21 14:33:12.011Z,2.6526,91,SYNTH
2026-04-21 14:33:13.243Z,2.6495,102,SYNTH
2026-04-21 14:33:14.762Z,2.6489,76,SYNTH
2026-04-21 14:33:15.593Z,2.6483,57,SYNTH
2026-04-21 14:33:16.146Z,2.6481,99,SYNTH
2026-04-21 14:33:17.564Z,2.6490,75,SYNTH
2026-04-21 14:33:18.364Z,2.6518,85,SYNTH
2026-04-21 14:33:19.243Z,2.6508,113,SYNTH
2026-04-21 14:33:20.478Z,2.6489,69,SYNTH
2026-04-21 14:33:21.787Z,2.6522,44,SYNTH
2026-04-21 14:33:22.302Z,2.6484,37,SYNTH
2026-04-21 14:33:23.281Z,2.6476,45,SYNTH
2026-04-21 14:33:24.557Z,2.6503,70,SYNTH
2026-04-21 14:33:25.022Z,2.6475,68,SYNTH
2026-04-21 14:33:26.788Z,2.6524,37,SYNTH
2026-04-21 14:33:27.818Z,2.6498,58,SYNTH
2026-04-21 14:33:28.619Z,2.6484,39,SYNTH
2026-04-21 14:33:29.866Z,2.6508,68,SYNTH
2026-04-21 14:33:30.015Z,2.6516,44,SYNTH
2026-04-21 14:33:31.108Z,2.6493,44,SYNTH
2026-04-21 14:33:32.274Z,2.6492,28,SYNTH
2026-04-21 14:33:33.374Z,2.6522,51,SYNTH
2026-04-21 14:33:34.563Z,2.6487,63,SYNTH
2026-04-21 14:33:35.194Z,2.6481,48,SYNTH
2026-04-21 14:33:36.212Z,2.6505,60,SYNTH
2026-04-21 14:33:37.518Z,2.6515,163,SYNTH
2026-04-21 14:33:38.256Z,2.6491,141,SYNTH
2026-04-21 14:33:39.081Z,2.6518,98,SYNTH
2026-04-21 14:33:40.720Z,2.6489,139,SYNTH
2026-04-21 14:33:41.591Z,2.6511,52,SYNTH
2026-04-21 14:33:42.715Z,2.6478,46,SYNTH
2026-04-21 14:33:43.010Z,2.6512,39,SYNTH
2026-04-21 14:33:44.450Z,2.6484,40,SYNTH
2026-04-21 14:33:45.299Z,2.6510,60,SYNTH
2026-04-21 14:33:46.660Z,2.6480,51,SYNTH
2026-04-21 14:33:47.229Z,2.6481,101,SYNTH
2026-04-21 14:33:48.563Z,2.6503,76,SYNTH
2026-04-21 14:33:49.230Z,2.6490,75,SYNTH
2026-04-21 14:33:50.012Z,2.6504,90,SYNTH
2026-04-21 14:33:51.070Z,2.6509,39,SYNTH
2026-04-21 14:33:52.052Z,2.6486,54,SYNTH
2026-04-21 14:33:53.823Z,2.6522,85,SYNTH
2026-04-21 14:33:54.573Z,2.6497,83,SYNTH
2026-04-21 14:33:55.321Z,2.6488,97,SYNTH
2026-04-21 14:33:56.894Z,2.6508,81,SYNTH
2026-04-21 14:33:57.728Z,2.6500,87,SYNTH
2026-04-21 14:33:58.414Z,2.6506,106,SYNTH
2026-04-21 14:33:59.192Z,2.6502,89,SYNTH
2026-04-21 14:55:00.297Z,2.6503,20,SYNTH
2026-04-21 14:55:01.337Z,2.6512,10,SYNTH
2026-04-21 14:55:02.501Z,2.6497,21,SYNTH
2026-04-21 14:55:03.516Z,2.6486,11,SYNTH
2026-04-21 14:55:04.884Z,2.6503,16,SYNTH
2026-04-21 14:55:05.305Z,2.6520,13,SYNTH
2026-04-21 14:55:06.740Z,2.6493,19,SYNTH
2026-04-21 14:55:07.434Z,2.6508,14,SYNTH
2026-04-21 14:55:08.735Z,2.6507,9,SYNTH
2026-04-21 14:55:09.595Z,2.6489,9,SYNTH
2026-04-21 14:55:10.465Z,2.6514,16,SYNTH
2026-04-21 14:55:11.896Z,2.6517,46,SYNTH
2026-04-21 14:55:12.386Z,2.6519,45,SYNTH
2026-04-21 14:55:13.367Z,2.6496,44,SYNTH
2026-04-21 14:55:14.145Z,2.6511,12,SYNTH
2026-04-21 14:55:15.135Z,2.6486,7,SYNTH
2026-04-21 14:55:16.897Z,2.6506,28,SYNTH
2026-04-21 14:55:17.127Z,2.6489,24,SYNTH
2026-04-21 14:55:18.860Z,2.6522,16,SYNTH
2026-04-21 14:55:19.663Z,2.6514,27,SYNTH
2026-04-21 14:55:20.293Z,2.6490,11,SYNTH
2026-04-21 14:55:21.836Z,2.6497,14,SYNTH
2026-04-21 14:55:22.792Z,2.6482,10,SYNTH
2026-04-21 14:55:23.227Z,2.6482,13,SYNTH
2026-04-21 14:55:24.744Z,2.6471,12,SYNTH
2026-04-21 14:55:25.834Z,2.6466,13,SYNTH
2026-04-21 14:55:26.629Z,2.6444,8,SYNTH
2026-04-21 14:55:27.174Z,2.6440,14,SYNTH
2026-04-21 14:55:28.180Z,2.6440,11,SYNTH
2026-04-21 14:55:29.530Z,2.6439,13,SYNTH
2026-04-21 14:55:30.654Z,2.6418,15,SYNTH
2026-04-21 14:55:31.261Z,2.6428,11,SYNTH
2026-04-21 14:55:32.596Z,2.6401,12,SYNTH
2026-04-21 14:55:33.142Z,2.6403,12,SYNTH
2026-04-21 14:55:34.450Z,2.6423,7,SYNTH
2026-04-21 14:55:35.072Z,2.6389,11,SYNTH
2026-04-21 14:55:36.655Z,2.6418,7,SYNTH
2026-04-21 14:55:37.026Z,2.6391,29,SYNTH
2026-04-21 14:55:38.668Z,2.6393,29,SYNTH
2026-04-21 14:55:39.267Z,2.6380,26,SYNTH
2026-04-21 14:55:40.847Z,2.6422,26,SYNTH
2026-04-21 14:55:41.657Z,2.6402,12,SYNTH
2026-04-21 14:55:42.611Z,2.6412,14,SYNTH
2026-04-21 14:55:43.229Z,2.6391,15,SYNTH
2026-04-21 14:55:44.720Z,2.6413,10,SYNTH
2026-04-21 14:55:45.220Z,2.6392,20,SYNTH
2026-04-21 14:55:46.197Z,2.6419,27,SYNTH
2026-04-21 14:55:47.274Z,2.6418,12,SYNTH
2026-04-21 14:55:48.785Z,2.6418,10,SYNTH
2026-04-21 14:55:49.593Z,2.6417,12,SYNTH
2026-04-21 14:55:50.630Z,2.6400,15,SYNTH
2026-04-21 14:55:51.349Z,2.6411,19,SYNTH
2026-04-21 14:55:52.324Z,2.6418,15,SYNTH
2026-04-21 14:55:53.351Z,2.6402,17,SYNTH
2026-04-21 14:55:54.355Z,2.6425,18,SYNTH
2026-04-21 14:55:55.469Z,2.6395,14,SYNTH
2026-04-21 14:55:56.017Z,2.6390,11,SYNTH
2026-04-21 14:55:57.776Z,2.6402,10,SYNTH
2026-04-21 14:55:58.822Z,2.6397,12,SYNTH
2026-04-21 14:55:59.249Z,2.6404,20,SYNTH
2026-04-21 15:19:00.604Z,2.6551,27,SYNTH
2026-04-21 15:19:01.350Z,2.6556,20,SYNTH
2026-04-21 15:19:02.774Z,2.6546,25,SYNTH
2026-04-21 15:19:03.463Z,2.6559,15,SYNTH
2026-04-21 15:19:04.104Z,2.6532,16,SYNTH
2026-04-21 15:19:05.711Z,2.6566,17,SYNTH
2026-04-21 15:19:06.579Z,2.6570,27,SYNTH
2026-04-21 15:19:07.427Z,2.6528,26,SYNTH
2026-04-21 15:19:08.819Z,2.6557,13,SYNTH
2026-04-21 15:19:09.112Z,2.6542,16,SYNTH
2026-04-21 15:19:10.723Z,2.6556,18,SYNTH
2026-04-21 15:19:11.719Z,2.6539,29,SYNTH
2026-04-21 15:19:12.588Z,2.6551,43,SYNTH
2026-04-21 15:19:13.323Z,2.6529,55,SYNTH
2026-04-21 15:19:14.322Z,2.6551,13,SYNTH
2026-04-21 15:19:15.447Z,2.6562,11,SYNTH
2026-04-21 15:19:16.571Z,2.6535,22,SYNTH
2026-04-21 15:19:17.380Z,2.6542,23,SYNTH
2026-04-21 15:19:18.430Z,2.6558,16,SYNTH
2026-04-21 15:19:19.602Z,2.6537,38,SYNTH
2026-04-21 15:19:20.531Z,2.6557,8,SYNTH
2026-04-21 15:19:21.052Z,2.6556,18,SYNTH
2026-04-21 15:19:22.372Z,2.6564,15,SYNTH
2026-04-21 15:19:23.804Z,2.6548,11,SYNTH
2026-04-21 15:19:24.170Z,2.6565,16,SYNTH
2026-04-21 15:19:25.777Z,2.6534,8,SYNTH
2026-04-21 15:19:26.102Z,2.6562,18,SYNTH
2026-04-21 15:19:27.180Z,2.6553,9,SYNTH
2026-04-21 15:19:28.340Z,2.6537,11,SYNTH
2026-04-21 15:19:29.175Z,2.6535,18,SYNTH
2026-04-21 15:19:30.680Z,2.6559,15,SYNTH
2026-04-21 15:19:31.342Z,2.6532,13,SYNTH
2026-04-21 15:19:32.566Z,2.6554,14,SYNTH
2026-04-21 15:19:33.017Z,2.6541,14,SYNTH
2026-04-21 15:19:34.683Z,2.6555,10,SYNTH
2026-04-21 15:19:35.795Z,2.6576,12,SYNTH
2026-04-21 15:19:36.441Z,2.6536,12,SYNTH
2026-04-21 15:19:37.152Z,2.6567,27,SYNTH
2026-04-21 15:19:38.017Z,2.6539,44,SYNTH
2026-04-21 15:19:39.799Z,2.6528,39,SYNTH
2026-04-21 15:19:40.784Z,2.6558,27,SYNTH
2026-04-21 15:19:41.189Z,2.6538,18,SYNTH
2026-04-21 15:19:42.610Z,2.6563,22,SYNTH
2026-04-21 15:19:43.328Z,2.6556,9,SYNTH
2026-04-21 15:19:44.577Z,2.6529,18,SYNTH
2026-04-21 15:19:45.239Z,2.6568,20,SYNTH
2026-04-21 15:19:46.120Z,2.6550,19,SYNTH
2026-04-21 15:19:47.007Z,2.6566,15,SYNTH
2026-04-21 15:19:48.067Z,2.6559,23,SYNTH
2026-04-21 15:19:49.552Z,2.6564,18,SYNTH
2026-04-21 15:19:50.817Z,2.6545,17,SYNTH
2026-04-21 15:19:51.467Z,2.6541,12,SYNTH
2026-04-21 15:19:52.792Z,2.6568,17,SYNTH
2026-04-21 15:19:53.514Z,2.6540,24,SYNTH
2026-04-21 15:19:54.784Z,2.6564,20,SYNTH
2026-04-21 15:19:55.656Z,2.6545,25,SYNTH
2026-04-21 15:19:56.314Z,2.6552,15,SYNTH
2026-04-21 15:19:57.027Z,2.6554,29,SYNTH
2026-04-21 15:19:58.849Z,2.6530,19,SYNTH
2026-04-21 15:19:59.618Z,2.6568,15,SYNTH
2026-04-21 15:33:00.581Z,2.7008,46,SYNTH
2026-04-21 15:33:01.026Z,2.6993,43,SYNTH
2026-04-21 15:33:02.360Z,2.7010,33,SYNTH
2026-04-21 15:33:03.542Z,2.7009,19,SYNTH
2026-04-21 15:33:04.663Z,2.6988,17,SYNTH
2026-04-21 15:33:05.407Z,2.6979,40,SYNTH
2026-04-21 15:33:06.131Z,2.7003,32,SYNTH
2026-04-21 15:33:07.581Z,2.6988,16,SYNTH
2026-04-21 15:33:08.540Z,2.7011,35,SYNTH
2026-04-21 15:33:09.223Z,2.7024,36,SYNTH
2026-04-21 15:33:10.817Z,2.6981,32,SYNTH
2026-04-21 15:33:11.898Z,2.7014,48,SYNTH
2026-04-21 15:33:12.523Z,2.7014,49,SYNTH
2026-04-21 15:33:13.715Z,2.7004,51,SYNTH
2026-04-21 15:33:14.028Z,2.6988,18,SYNTH
2026-04-21 15:33:15.138Z,2.7019,30,SYNTH
2026-04-21 15:33:16.295Z,2.7020,56,SYNTH
2026-04-21 15:33:17.706Z,2.6982,57,SYNTH
2026-04-21 15:33:18.558Z,2.6984,32,SYNTH
2026-04-21 15:33:19.558Z,2.7005,23,SYNTH
2026-04-21 15:33:20.446Z,2.6975,20,SYNTH
2026-04-21 15:33:21.112Z,2.6974,28,SYNTH
2026-04-21 15:33:22.099Z,2.6946,22,SYNTH
2026-04-21 15:33:23.295Z,2.6947,14,SYNTH
2026-04-21 15:33:24.263Z,2.6921,25,SYNTH
2026-04-21 15:33:25.434Z,2.6895,21,SYNTH
2026-04-21 15:33:26.812Z,2.6879,13,SYNTH
2026-04-21 15:33:27.654Z,2.6849,26,SYNTH
2026-04-21 15:33:28.335Z,2.6847,26,SYNTH
2026-04-21 15:33:29.433Z,2.6827,16,SYNTH
2026-04-21 15:33:30.545Z,2.6791,19,SYNTH
2026-04-21 15:33:31.255Z,2.6771,29,SYNTH
2026-04-21 15:33:32.726Z,2.6745,13,SYNTH
2026-04-21 15:33:33.629Z,2.6755,27,SYNTH
2026-04-21 15:33:34.377Z,2.6728,13,SYNTH
2026-04-21 15:33:35.686Z,2.6701,27,SYNTH
2026-04-21 15:33:36.261Z,2.6704,13,SYNTH
2026-04-21 15:33:37.349Z,2.6702,75,SYNTH
2026-04-21 15:33:38.186Z,2.6680,40,SYNTH
2026-04-21 15:33:39.330Z,2.6703,75,SYNTH
2026-04-21 15:33:40.475Z,2.6711,76,SYNTH
2026-04-21 15:33:41.778Z,2.6699,18,SYNTH
2026-04-21 15:33:42.067Z,2.6733,29,SYNTH
2026-04-21 15:33:43.840Z,2.6704,16,SYNTH
2026-04-21 15:33:44.540Z,2.6756,18,SYNTH
2026-04-21 15:33:45.267Z,2.6750,24,SYNTH
2026-04-21 15:33:46.599Z,2.6737,49,SYNTH
2026-04-21 15:33:47.177Z,2.6719,42,SYNTH
2026-04-21 15:33:48.278Z,2.6755,18,SYNTH
2026-04-21 15:33:49.323Z,2.6728,34,SYNTH
2026-04-21 15:33:50.190Z,2.6747,28,SYNTH
2026-04-21 15:33:51.835Z,2.6726,34,SYNTH
2026-04-21 15:33:52.661Z,2.6721,29,SYNTH
2026-04-21 15:33:53.609Z,2.6703,21,SYNTH
2026-04-21 15:33:54.711Z,2.6712,35,SYNTH
2026-04-21 15:33:55.068Z,2.6695,23,SYNTH
2026-04-21 15:33:56.113Z,2.6692,29,SYNTH
2026-04-21 15:33:57.551Z,2.6695,39,SYNTH
2026-04-21 15:33:58.662Z,2.6685,44,SYNTH
2026-04-21 15:33:59.044Z,2.6718,37,SYNTH
2026-04-21 15:34:00.095Z,2.6609,5,SYNTH
2026-04-21 15:34:01.210Z,2.6605,5,SYNTH
2026-04-21 15:34:02.172Z,2.6597,3,SYNTH
2026-04-21 15:34:03.475Z,2.6588,5,SYNTH
2026-04-21 15:34:04.221Z,2.6608,7,SYNTH
2026-04-21 15:34:05.311Z,2.6606,5,SYNTH
2026-04-21 15:34:06.860Z,2.6580,5,SYNTH
2026-04-21 15:34:07.729Z,2.6579,5,SYNTH
2026-04-21 15:34:08.234Z,2.6604,6,SYNTH
2026-04-21 15:34:09.400Z,2.6622,5,SYNTH
2026-04-21 15:34:10.428Z,2.6599,3,SYNTH
2026-04-21 15:34:11.064Z,2.6582,11,SYNTH
2026-04-21 15:34:12.892Z,2.6622,8,SYNTH
2026-04-21 15:34:13.064Z,2.6611,12,SYNTH
2026-04-21 15:34:14.864Z,2.6596,3,SYNTH
2026-04-21 15:34:15.423Z,2.6608,3,SYNTH
2026-04-21 15:34:16.276Z,2.6586,8,SYNTH
2026-04-21 15:34:17.721Z,2.6615,9,SYNTH
2026-04-21 15:34:18.419Z,2.6609,5,SYNTH
2026-04-21 15:34:19.574Z,2.6581,8,SYNTH
2026-04-21 15:34:20.297Z,2.6612,4,SYNTH
2026-04-21 15:34:21.746Z,2.6638,3,SYNTH
2026-04-21 15:34:22.119Z,2.6652,3,SYNTH
2026-04-21 15:34:23.677Z,2.6672,4,SYNTH
2026-04-21 15:34:24.395Z,2.6696,5,SYNTH
2026-04-21 15:34:25.425Z,2.6726,5,SYNTH
2026-04-21 15:34:26.118Z,2.6744,5,SYNTH
2026-04-21 15:34:27.233Z,2.6767,4,SYNTH
2026-04-21 15:34:28.462Z,2.6807,3,SYNTH
2026-04-21 15:34:29.608Z,2.6841,3,SYNTH
2026-04-21 15:34:30.057Z,2.6869,3,SYNTH
2026-04-21 15:34:31.299Z,2.6888,4,SYNTH
2026-04-21 15:34:32.873Z,2.6923,2,SYNTH
2026-04-21 15:34:33.857Z,2.6946,3,SYNTH
2026-04-21 15:34:34.658Z,2.6951,2,SYNTH
2026-04-21 15:34:35.475Z,2.6988,3,SYNTH
2026-04-21 15:34:36.278Z,2.6990,3,SYNTH
2026-04-21 15:34:37.181Z,2.7006,6,SYNTH
2026-04-21 15:34:38.694Z,2.6996,7,SYNTH
2026-04-21 15:34:39.812Z,2.7020,6,SYNTH
2026-04-21 15:34:40.412Z,2.6995,10,SYNTH
2026-04-21 15:34:41.823Z,2.6967,2,SYNTH
2026-04-21 15:34:42.398Z,2.6974,4,SYNTH
2026-04-21 15:34:43.160Z,2.6954,5,SYNTH
2026-04-21 15:34:44.150Z,2.6957,4,SYNTH
2026-04-21 15:34:45.065Z,2.6947,8,SYNTH
2026-04-21 15:34:46.542Z,2.6936,8,SYNTH
2026-04-21 15:34:47.473Z,2.6935,6,SYNTH
2026-04-21 15:34:48.463Z,2.6976,5,SYNTH
2026-04-21 15:34:49.336Z,2.6951,3,SYNTH
2026-04-21 15:34:50.078Z,2.6976,3,SYNTH
2026-04-21 15:34:51.892Z,2.6991,5,SYNTH
2026-04-21 15:34:52.475Z,2.6988,6,SYNTH
2026-04-21 15:34:53.484Z,2.7001,3,SYNTH
2026-04-21 15:34:54.424Z,2.7001,5,SYNTH
2026-04-21 15:34:55.651Z,2.6995,4,SYNTH
2026-04-21 15:34:56.405Z,2.7003,7,SYNTH
2026-04-21 15:34:57.060Z,2.7013,4,SYNTH
2026-04-21 15:34:58.817Z,2.7019,7,SYNTH
2026-04-21 15:34:59.421Z,2.6994,3,SYNTH
2026-04-21 15:39:00.673Z,2.6208,2,SYNTH
2026-04-21 15:39:01.896Z,2.6193,4,SYNTH
2026-04-21 15:39:02.028Z,2.6220,4,SYNTH
2026-04-21 15:39:03.436Z,2.6209,2,SYNTH
2026-04-21 15:39:04.747Z,2.6197,4,SYNTH
2026-04-21 15:39:05.066Z,2.6217,3,SYNTH
2026-04-21 15:39:06.217Z,2.6185,3,SYNTH
2026-04-21 15:39:07.425Z,2.6206,3,SYNTH
2026-04-21 15:39:08.508Z,2.6189,2,SYNTH
2026-04-21 15:39:09.782Z,2.6211,3,SYNTH
2026-04-21 15:39:10.511Z,2.6212,3,SYNTH
2026-04-21 15:39:11.216Z,2.6217,7,SYNTH
2026-04-21 15:39:12.162Z,2.6202,6,SYNTH
2026-04-21 15:39:13.651Z,2.6204,6,SYNTH
2026-04-21 15:39:14.451Z,2.6222,2,SYNTH
2026-04-21 15:39:15.435Z,2.6195,2,SYNTH
2026-04-21 15:39:16.709Z,2.6215,4,SYNTH
2026-04-21 15:39:17.860Z,2.6223,5,SYNTH
2026-04-21 15:39:18.767Z,2.6198,3,SYNTH
2026-04-21 15:39:19.402Z,2.6224,3,SYNTH
2026-04-21 15:39:20.707Z,2.6184,2,SYNTH
2026-04-21 15:39:21.844Z,2.6214,2,SYNTH
2026-04-21 15:39:22.114Z,2.6196,3,SYNTH
2026-04-21 15:39:23.626Z,2.6207,2,SYNTH
2026-04-21 15:39:24.003Z,2.6178,2,SYNTH
2026-04-21 15:39:25.375Z,2.6180,2,SYNTH
2026-04-21 15:39:26.201Z,2.6217,3,SYNTH
2026-04-21 15:39:27.020Z,2.6191,3,SYNTH
2026-04-21 15:39:28.666Z,2.6205,2,SYNTH
2026-04-21 15:39:29.376Z,2.6209,2,SYNTH
2026-04-21 15:39:30.182Z,2.6189,1,SYNTH
2026-04-21 15:39:31.362Z,2.6212,2,SYNTH
2026-04-21 15:39:32.225Z,2.6205,2,SYNTH
2026-04-21 15:39:33.157Z,2.6185,2,SYNTH
2026-04-21 15:39:34.362Z,2.6203,2,SYNTH
2026-04-21 15:39:35.703Z,2.6219,2,SYNTH
2026-04-21 15:39:36.802Z,2.6187,2,SYNTH
2026-04-21 15:39:37.864Z,2.6220,4,SYNTH
2026-04-21 15:39:38.548Z,2.6192,6,SYNTH
2026-04-21 15:39:39.168Z,2.6206,4,SYNTH
2026-04-21 15:39:40.232Z,2.6205,6,SYNTH
2026-04-21 15:39:41.664Z,2.6210,3,SYNTH
2026-04-21 15:39:42.220Z,2.6189,2,SYNTH
2026-04-21 15:39:43.148Z,2.6221,2,SYNTH
2026-04-21 15:39:44.256Z,2.6191,3,SYNTH
2026-04-21 15:39:45.144Z,2.6205,3,SYNTH
2026-04-21 15:39:46.696Z,2.6194,4,SYNTH
2026-04-21 15:39:47.764Z,2.6176,4,SYNTH
2026-04-21 15:39:48.339Z,2.6206,3,SYNTH
2026-04-21 15:39:49.286Z,2.6197,3,SYNTH
2026-04-21 15:39:50.470Z,2.6222,2,SYNTH
2026-04-21 15:39:51.860Z,2.6220,3,SYNTH
2026-04-21 15:39:52.365Z,2.6194,3,SYNTH
2026-04-21 15:39:53.744Z,2.6183,2,SYNTH
2026-04-21 15:39:54.561Z,2.6177,2,SYNTH
2026-04-21 15:39:55.646Z,2.6211,3,SYNTH
2026-04-21 15:39:56.758Z,2.6218,4,SYNTH
2026-04-21 15:39:57.848Z,2.6191,3,SYNTH
2026-04-21 15:39:58.086Z,2.6203,3,SYNTH
2026-04-21 15:39:59.199Z,2.6195,3,SYNTH
2026-04-21 15:57:00.711Z,2.6357,5,SYNTH
2026-04-21 15:57:01.845Z,2.6371,4,SYNTH
2026-04-21 15:57:02.424Z,2.6333,5,SYNTH
2026-04-21 15:57:03.337Z,2.6367,3,SYNTH
2026-04-21 15:57:04.257Z,2.6358,5,SYNTH
2026-04-21 15:57:05.051Z,2.6334,4,SYNTH
2026-04-21 15:57:06.170Z,2.6360,5,SYNTH
2026-04-21 15:57:07.548Z,2.6331,5,SYNTH
2026-04-21 15:57:08.559Z,2.6332,3,SYNTH
2026-04-21 15:57:09.511Z,2.6372,3,SYNTH
2026-04-21 15:57:10.586Z,2.6344,5,SYNTH
2026-04-21 15:57:11.880Z,2.6351,8,SYNTH
2026-04-21 15:57:12.511Z,2.6364,7,SYNTH
2026-04-21 15:57:13.008Z,2.6342,15,SYNTH
2026-04-21 15:57:14.524Z,2.6375,5,SYNTH
2026-04-21 15:57:15.079Z,2.6337,5,SYNTH
2026-04-21 15:57:16.384Z,2.6361,8,SYNTH
2026-04-21 15:57:17.703Z,2.6350,10,SYNTH
2026-04-21 15:57:18.367Z,2.6353,5,SYNTH
2026-04-21 15:57:19.678Z,2.6337,7,SYNTH
2026-04-21 15:57:20.021Z,2.6367,4,SYNTH
2026-04-21 15:57:21.068Z,2.6333,4,SYNTH
2026-04-21 15:57:22.455Z,2.6344,3,SYNTH
2026-04-21 15:57:23.863Z,2.6328,2,SYNTH
2026-04-21 15:57:24.623Z,2.6352,4,SYNTH
2026-04-21 15:57:25.402Z,2.6360,5,SYNTH
2026-04-21 15:57:26.528Z,2.6355,2,SYNTH
2026-04-21 15:57:27.273Z,2.6333,5,SYNTH
2026-04-21 15:57:28.168Z,2.6363,4,SYNTH
2026-04-21 15:57:29.024Z,2.6335,5,SYNTH
2026-04-21 15:57:30.319Z,2.6342,4,SYNTH
2026-04-21 15:57:31.279Z,2.6326,2,SYNTH
2026-04-21 15:57:32.797Z,2.6367,5,SYNTH
2026-04-21 15:57:33.570Z,2.6343,2,SYNTH
2026-04-21 15:57:34.644Z,2.6362,5,SYNTH
2026-04-21 15:57:35.614Z,2.6339,3,SYNTH
2026-04-21 15:57:36.250Z,2.6359,5,SYNTH
2026-04-21 15:57:37.787Z,2.6338,6,SYNTH
2026-04-21 15:57:38.535Z,2.6353,10,SYNTH
2026-04-21 15:57:39.201Z,2.6349,6,SYNTH
2026-04-21 15:57:40.350Z,2.6376,7,SYNTH
2026-04-21 15:57:41.329Z,2.6336,5,SYNTH
2026-04-21 15:57:42.270Z,2.6332,4,SYNTH
2026-04-21 15:57:43.396Z,2.6364,2,SYNTH
2026-04-21 15:57:44.059Z,2.6369,4,SYNTH
2026-04-21 15:57:45.761Z,2.6334,4,SYNTH
2026-04-21 15:57:46.587Z,2.6328,9,SYNTH
2026-04-21 15:57:47.194Z,2.6364,7,SYNTH
2026-04-21 15:57:48.080Z,2.6337,6,SYNTH
2026-04-21 15:57:49.793Z,2.6338,3,SYNTH
2026-04-21 15:57:50.147Z,2.6355,5,SYNTH
2026-04-21 15:57:51.556Z,2.6325,5,SYNTH
2026-04-21 15:57:52.250Z,2.6376,6,SYNTH
2026-04-21 15:57:53.379Z,2.6335,4,SYNTH
2026-04-21 15:57:54.176Z,2.6328,5,SYNTH
2026-04-21 15:57:55.821Z,2.6373,7,SYNTH
2026-04-21 15:57:56.567Z,2.6339,7,SYNTH
2026-04-21 15:57:57.120Z,2.6346,7,SYNTH
2026-04-21 15:57:58.045Z,2.6370,4,SYNTH
2026-04-21 15:57:59.493Z,2.6339,6,SYNTH
2026-04-21 16:39:00.614Z,2.6013,57,SYNTH
2026-04-21 16:39:01.725Z,2.5991,40,SYNTH
2026-04-21 16:39:02.833Z,2.6023,46,SYNTH
2026-04-21 16:39:03.358Z,2.6025,33,SYNTH
2026-04-21 16:39:04.322Z,2.6042,38,SYNTH
2026-04-21 16:39:05.405Z,2.6053,49,SYNTH
2026-04-21 16:39:06.084Z,2.6076,50,SYNTH
2026-04-21 16:39:07.267Z,2.6092,27,SYNTH
2026-04-21 16:39:08.605Z,2.6098,23,SYNTH
2026-04-21 16:39:09.317Z,2.6085,22,SYNTH
2026-04-21 16:39:10.486Z,2.6114,39,SYNTH
2026-04-21 16:39:11.851Z,2.6107,70,SYNTH
2026-04-21 16:39:12.447Z,2.6119,60,SYNTH
2026-04-21 16:39:13.687Z,2.6097,58,SYNTH
2026-04-21 16:39:14.450Z,2.6078,43,SYNTH
2026-04-21 16:39:15.241Z,2.6075,23,SYNTH
2026-04-21 16:39:16.667Z,2.6072,64,SYNTH
2026-04-21 16:39:17.478Z,2.6057,56,SYNTH
2026-04-21 16:39:18.270Z,2.6089,41,SYNTH
2026-04-21 16:39:19.035Z,2.6097,41,SYNTH
2026-04-21 16:39:20.387Z,2.6057,35,SYNTH
2026-04-21 16:39:21.132Z,2.6096,31,SYNTH
2026-04-21 16:39:22.304Z,2.6062,37,SYNTH
2026-04-21 16:39:23.293Z,2.6076,28,SYNTH
2026-04-21 16:39:24.054Z,2.6075,34,SYNTH
2026-04-21 16:39:25.538Z,2.6051,33,SYNTH
2026-04-21 16:39:26.443Z,2.6044,25,SYNTH
2026-04-21 16:39:27.532Z,2.6035,19,SYNTH
2026-04-21 16:39:28.226Z,2.6025,34,SYNTH
2026-04-21 16:39:29.433Z,2.6032,19,SYNTH
2026-04-21 16:39:30.008Z,2.6017,37,SYNTH
2026-04-21 16:39:31.724Z,2.6014,31,SYNTH
2026-04-21 16:39:32.666Z,2.6011,33,SYNTH
2026-04-21 16:39:33.846Z,2.6026,18,SYNTH
2026-04-21 16:39:34.690Z,2.5995,31,SYNTH
2026-04-21 16:39:35.315Z,2.5995,28,SYNTH
2026-04-21 16:39:36.725Z,2.5997,26,SYNTH
2026-04-21 16:39:37.027Z,2.6026,65,SYNTH
2026-04-21 16:39:38.702Z,2.5978,42,SYNTH
2026-04-21 16:39:39.880Z,2.6015,45,SYNTH
2026-04-21 16:39:40.250Z,2.6023,43,SYNTH
2026-04-21 16:39:41.887Z,2.5987,29,SYNTH
2026-04-21 16:39:42.885Z,2.6003,32,SYNTH
2026-04-21 16:39:43.657Z,2.5986,40,SYNTH
2026-04-21 16:39:44.346Z,2.6011,21,SYNTH
2026-04-21 16:39:45.557Z,2.5999,56,SYNTH
2026-04-21 16:39:46.707Z,2.6015,34,SYNTH
2026-04-21 16:39:47.803Z,2.6003,67,SYNTH
2026-04-21 16:39:48.761Z,2.6014,45,SYNTH
2026-04-21 16:39:49.747Z,2.5978,35,SYNTH
2026-04-21 16:39:50.326Z,2.6006,23,SYNTH
2026-04-21 16:39:51.781Z,2.5987,28,SYNTH
2026-04-21 16:39:52.483Z,2.5981,35,SYNTH
2026-04-21 16:39:53.700Z,2.6004,36,SYNTH
2026-04-21 16:39:54.851Z,2.6013,36,SYNTH
2026-04-21 16:39:55.125Z,2.6008,23,SYNTH
2026-04-21 16:39:56.371Z,2.6007,24,SYNTH
2026-04-21 16:39:57.634Z,2.5998,41,SYNTH
2026-04-21 16:39:58.018Z,2.6007,29,SYNTH
2026-04-21 16:39:59.389Z,2.5993,60,SYNTH
2026-04-21 16:41:00.220Z,2.6107,11,SYNTH
2026-04-21 16:41:01.368Z,2.6102,12,SYNTH
2026-04-21 16:41:02.543Z,2.6077,8,SYNTH
2026-04-21 16:41:03.081Z,2.6095,16,SYNTH
2026-04-21 16:41:04.195Z,2.6109,10,SYNTH
2026-04-21 16:41:05.753Z,2.6072,9,SYNTH
2026-04-21 16:41:06.543Z,2.6111,13,SYNTH
2026-04-21 16:41:07.069Z,2.6073,11,SYNTH
2026-04-21 16:41:08.045Z,2.6099,9,SYNTH
2026-04-21 16:41:09.179Z,2.6076,7,SYNTH
2026-04-21 16:41:10.218Z,2.6109,12,SYNTH
2026-04-21 16:41:11.204Z,2.6071,39,SYNTH
2026-04-21 16:41:12.825Z,2.6109,31,SYNTH
2026-04-21 16:41:13.318Z,2.6074,35,SYNTH
2026-04-21 16:41:14.147Z,2.6090,14,SYNTH
2026-04-21 16:41:15.893Z,2.6102,6,SYNTH
2026-04-21 16:41:16.244Z,2.6088,11,SYNTH
2026-04-21 16:41:17.397Z,2.6092,21,SYNTH
2026-04-21 16:41:18.639Z,2.6103,19,SYNTH
2026-04-21 16:41:19.745Z,2.6078,12,SYNTH
2026-04-21 16:41:20.707Z,2.6101,12,SYNTH
2026-04-21 16:41:21.624Z,2.6076,11,SYNTH
2026-04-21 16:41:22.279Z,2.6073,11,SYNTH
2026-04-21 16:41:23.152Z,2.6103,7,SYNTH
2026-04-21 16:41:24.428Z,2.6110,9,SYNTH
2026-04-21 16:41:25.598Z,2.6109,7,SYNTH
2026-04-21 16:41:26.539Z,2.6094,5,SYNTH
2026-04-21 16:41:27.042Z,2.6101,6,SYNTH
2026-04-21 16:41:28.062Z,2.6089,10,SYNTH
2026-04-21 16:41:29.246Z,2.6111,9,SYNTH
2026-04-21 16:41:30.842Z,2.6092,11,SYNTH
2026-04-21 16:41:31.698Z,2.6070,12,SYNTH
2026-04-21 16:41:32.615Z,2.6095,13,SYNTH
2026-04-21 16:41:33.207Z,2.6096,7,SYNTH
2026-04-21 16:41:34.703Z,2.6090,13,SYNTH
2026-04-21 16:41:35.880Z,2.6112,12,SYNTH
2026-04-21 16:41:36.750Z,2.6097,7,SYNTH
2026-04-21 16:41:37.420Z,2.6100,25,SYNTH
2026-04-21 16:41:38.429Z,2.6117,16,SYNTH
2026-04-21 16:41:39.635Z,2.6077,30,SYNTH
2026-04-21 16:41:40.543Z,2.6100,30,SYNTH
2026-04-21 16:41:41.783Z,2.6072,10,SYNTH
2026-04-21 16:41:42.302Z,2.6113,12,SYNTH
2026-04-21 16:41:43.145Z,2.6082,10,SYNTH
2026-04-21 16:41:44.538Z,2.6086,7,SYNTH
2026-04-21 16:41:45.778Z,2.6104,20,SYNTH
2026-04-21 16:41:46.620Z,2.6091,19,SYNTH
2026-04-21 16:41:47.524Z,2.6084,24,SYNTH
2026-04-21 16:41:48.200Z,2.6105,7,SYNTH
2026-04-21 16:41:49.137Z,2.6073,9,SYNTH
2026-04-21 16:41:50.091Z,2.6105,9,SYNTH
2026-04-21 16:41:51.710Z,2.6089,12,SYNTH
2026-04-21 16:41:52.192Z,2.6100,15,SYNTH
2026-04-21 16:41:53.079Z,2.6118,9,SYNTH
2026-04-21 16:41:54.707Z,2.6076,8,SYNTH
2026-04-21 16:41:55.032Z,2.6104,8,SYNTH
2026-04-21 16:41:56.799Z,2.6118,17,SYNTH
2026-04-21 16:41:57.307Z,2.6091,20,SYNTH
2026-04-21 16:41:58.390Z,2.6075,13,SYNTH
2026-04-21 16:41:59.066Z,2.6099,18,SYNTH
2026-04-21 16:42:00.575Z,2.6151,13,SYNTH
2026-04-21 16:42:01.555Z,2.6133,14,SYNTH
2026-04-21 16:42:02.087Z,2.6143,9,SYNTH
2026-04-21 16:42:03.560Z,2.6123,7,SYNTH
2026-04-21 16:42:04.560Z,2.6146,7,SYNTH
2026-04-21 16:42:05.390Z,2.6125,8,SYNTH
2026-04-21 16:42:06.139Z,2.6140,6,SYNTH
2026-04-21 16:42:07.653Z,2.6128,13,SYNTH
2026-04-21 16:42:08.074Z,2.6146,10,SYNTH
2026-04-21 16:42:09.767Z,2.6132,5,SYNTH
2026-04-21 16:42:10.657Z,2.6153,13,SYNTH
2026-04-21 16:42:11.102Z,2.6116,14,SYNTH
2026-04-21 16:42:12.598Z,2.6150,22,SYNTH
2026-04-21 16:42:13.063Z,2.6126,18,SYNTH
2026-04-21 16:42:14.818Z,2.6150,9,SYNTH
2026-04-21 16:42:15.325Z,2.6126,9,SYNTH
2026-04-21 16:42:16.416Z,2.6115,11,SYNTH
2026-04-21 16:42:17.129Z,2.6159,17,SYNTH
2026-04-21 16:42:18.637Z,2.6133,16,SYNTH
2026-04-21 16:42:19.332Z,2.6140,13,SYNTH
2026-04-21 16:42:20.843Z,2.6146,9,SYNTH
2026-04-21 16:42:21.484Z,2.6142,9,SYNTH
2026-04-21 16:42:22.334Z,2.6117,8,SYNTH
2026-04-21 16:42:23.138Z,2.6137,6,SYNTH
2026-04-21 16:42:24.068Z,2.6142,5,SYNTH
2026-04-21 16:42:25.583Z,2.6145,6,SYNTH
2026-04-21 16:42:26.264Z,2.6145,8,SYNTH
2026-04-21 16:42:27.233Z,2.6125,6,SYNTH
2026-04-21 16:42:28.130Z,2.6123,7,SYNTH
2026-04-21 16:42:29.130Z,2.6155,5,SYNTH
2026-04-21 16:42:30.061Z,2.6121,5,SYNTH
2026-04-21 16:42:31.648Z,2.6122,7,SYNTH
2026-04-21 16:42:32.815Z,2.6156,4,SYNTH
2026-04-21 16:42:33.261Z,2.6158,5,SYNTH
2026-04-21 16:42:34.584Z,2.6154,9,SYNTH
2026-04-21 16:42:35.268Z,2.6132,6,SYNTH
2026-04-21 16:42:36.531Z,2.6128,4,SYNTH
2026-04-21 16:42:37.070Z,2.6145,21,SYNTH
2026-04-21 16:42:38.864Z,2.6132,23,SYNTH
2026-04-21 16:42:39.828Z,2.6147,13,SYNTH
2026-04-21 16:42:40.599Z,2.6145,24,SYNTH
2026-04-21 16:42:41.728Z,2.6126,7,SYNTH
2026-04-21 16:42:42.637Z,2.6120,10,SYNTH
2026-04-21 16:42:43.279Z,2.6122,7,SYNTH
2026-04-21 16:42:44.491Z,2.6142,5,SYNTH
2026-04-21 16:42:45.099Z,2.6114,11,SYNTH
2026-04-21 16:42:46.101Z,2.6147,9,SYNTH
2026-04-21 16:42:47.656Z,2.6160,17,SYNTH
2026-04-21 16:42:48.043Z,2.6127,10,SYNTH
2026-04-21 16:42:49.024Z,2.6148,10,SYNTH
2026-04-21 16:42:50.881Z,2.6139,5,SYNTH
2026-04-21 16:42:51.448Z,2.6115,11,SYNTH
2026-04-21 16:42:52.776Z,2.6155,6,SYNTH
2026-04-21 16:42:53.371Z,2.6129,7,SYNTH
2026-04-21 16:42:54.690Z,2.6147,14,SYNTH
2026-04-21 16:42:55.681Z,2.6115,7,SYNTH
2026-04-21 16:42:56.243Z,2.6143,7,SYNTH
2026-04-21 16:42:57.472Z,2.6152,10,SYNTH
2026-04-21 16:42:58.249Z,2.6121,7,SYNTH
2026-04-21 16:42:59.763Z,2.6120,8,SYNTH
2026-04-21 16:56:00.133Z,2.6011,4,SYNTH
2026-04-21 16:56:01.889Z,2.6020,3,SYNTH
2026-04-21 16:56:02.691Z,2.6020,4,SYNTH
2026-04-21 16:56:03.212Z,2.5995,3,SYNTH
2026-04-21 16:56:04.395Z,2.6015,3,SYNTH
2026-04-21 16:56:05.236Z,2.5984,3,SYNTH
2026-04-21 16:56:06.308Z,2.5986,5,SYNTH
2026-04-21 16:56:07.693Z,2.5984,6,SYNTH
2026-04-21 16:56:08.584Z,2.6017,3,SYNTH
2026-04-21 16:56:09.668Z,2.6006,3,SYNTH
2026-04-21 16:56:10.503Z,2.6004,5,SYNTH
2026-04-21 16:56:11.256Z,2.6018,12,SYNTH
2026-04-21 16:56:12.011Z,2.5985,8,SYNTH
2026-04-21 16:56:13.274Z,2.6006,11,SYNTH
2026-04-21 16:56:14.579Z,2.6004,4,SYNTH
2026-04-21 16:56:15.047Z,2.6011,2,SYNTH
2026-04-21 16:56:16.048Z,2.5996,7,SYNTH
2026-04-21 16:56:17.225Z,2.5995,6,SYNTH
2026-04-21 16:56:18.714Z,2.6020,9,SYNTH
2026-04-21 16:56:19.617Z,2.6011,5,SYNTH
2026-04-21 16:56:20.402Z,2.5979,4,SYNTH
2026-04-21 16:56:21.152Z,2.6023,4,SYNTH
2026-04-21 16:56:22.784Z,2.5994,4,SYNTH
2026-04-21 16:56:23.638Z,2.5982,3,SYNTH
2026-04-21 16:56:24.237Z,2.6010,3,SYNTH
2026-04-21 16:56:25.856Z,2.5991,4,SYNTH
2026-04-21 16:56:26.557Z,2.5978,4,SYNTH
2026-04-21 16:56:27.516Z,2.6011,2,SYNTH
2026-04-21 16:56:28.039Z,2.6018,2,SYNTH
2026-04-21 16:56:29.861Z,2.5992,3,SYNTH
2026-04-21 16:56:30.829Z,2.6008,4,SYNTH
2026-04-21 16:56:31.274Z,2.6009,3,SYNTH
2026-04-21 16:56:32.599Z,2.5985,2,SYNTH
2026-04-21 16:56:33.476Z,2.5992,2,SYNTH
2026-04-21 16:56:34.707Z,2.6011,4,SYNTH
2026-04-21 16:56:35.031Z,2.6020,2,SYNTH
2026-04-21 16:56:36.811Z,2.5982,4,SYNTH
2026-04-21 16:56:37.590Z,2.6007,9,SYNTH
2026-04-21 16:56:38.456Z,2.6007,8,SYNTH
2026-04-21 16:56:39.711Z,2.6003,10,SYNTH
2026-04-21 16:56:40.089Z,2.5999,11,SYNTH
2026-04-21 16:56:41.322Z,2.5989,3,SYNTH
2026-04-21 16:56:42.449Z,2.6002,4,SYNTH
2026-04-21 16:56:43.177Z,2.5982,3,SYNTH
2026-04-21 16:56:44.422Z,2.5991,2,SYNTH
2026-04-21 16:56:45.661Z,2.6001,4,SYNTH
2026-04-21 16:56:46.001Z,2.5979,3,SYNTH
2026-04-21 16:56:47.012Z,2.6005,6,SYNTH
2026-04-21 16:56:48.828Z,2.5977,3,SYNTH
2026-04-21 16:56:49.372Z,2.6014,4,SYNTH
2026-04-21 16:56:50.832Z,2.5986,6,SYNTH
2026-04-21 16:56:51.245Z,2.6008,5,SYNTH
2026-04-21 16:56:52.403Z,2.5987,4,SYNTH
2026-04-21 16:56:53.473Z,2.5985,2,SYNTH
2026-04-21 16:56:54.655Z,2.5998,5,SYNTH
2026-04-21 16:56:55.835Z,2.6004,6,SYNTH
2026-04-21 16:56:56.166Z,2.6021,6,SYNTH
2026-04-21 16:56:57.035Z,2.5994,4,SYNTH
2026-04-21 16:56:58.412Z,2.6007,6,SYNTH
2026-04-21 16:56:59.402Z,2.5990,7,SYNTH
2026-04-21 17:07:00.394Z,2.5937,11,SYNTH
2026-04-21 17:07:01.820Z,2.5940,15,SYNTH
2026-04-21 17:07:02.795Z,2.5913,17,SYNTH
2026-04-21 17:07:03.351Z,2.5935,14,SYNTH
2026-04-21 17:07:04.170Z,2.5931,9,SYNTH
2026-04-21 17:07:05.062Z,2.5930,20,SYNTH
2026-04-21 17:07:06.786Z,2.5936,18,SYNTH
2026-04-21 17:07:07.789Z,2.5912,9,SYNTH
2026-04-21 17:07:08.219Z,2.5934,10,SYNTH
2026-04-21 17:07:09.263Z,2.5916,18,SYNTH
2026-04-21 17:07:10.430Z,2.5921,14,SYNTH
2026-04-21 17:07:11.591Z,2.5897,34,SYNTH
2026-04-21 17:07:12.754Z,2.5934,32,SYNTH
2026-04-21 17:07:13.512Z,2.5913,37,SYNTH
2026-04-21 17:07:14.266Z,2.5932,18,SYNTH
2026-04-21 17:07:15.744Z,2.5942,7,SYNTH
2026-04-21 17:07:16.244Z,2.5902,21,SYNTH
2026-04-21 17:07:17.835Z,2.5936,22,SYNTH
2026-04-21 17:07:18.327Z,2.5911,26,SYNTH
2026-04-21 17:07:19.730Z,2.5932,23,SYNTH
2026-04-21 17:07:20.702Z,2.5939,15,SYNTH
2026-04-21 17:07:21.232Z,2.5904,12,SYNTH
2026-04-21 17:07:22.741Z,2.5921,10,SYNTH
2026-04-21 17:07:23.529Z,2.5932,11,SYNTH
2026-04-21 17:07:24.417Z,2.5930,14,SYNTH
2026-04-21 17:07:25.406Z,2.5910,16,SYNTH
2026-04-21 17:07:26.522Z,2.5934,15,SYNTH
2026-04-21 17:07:27.817Z,2.5941,12,SYNTH
2026-04-21 17:07:28.604Z,2.5920,10,SYNTH
2026-04-21 17:07:29.644Z,2.5905,10,SYNTH
2026-04-21 17:07:30.717Z,2.5935,7,SYNTH
2026-04-21 17:07:31.068Z,2.5933,9,SYNTH
2026-04-21 17:07:32.197Z,2.5923,13,SYNTH
2026-04-21 17:07:33.565Z,2.5910,11,SYNTH
2026-04-21 17:07:34.076Z,2.5917,14,SYNTH
2026-04-21 17:07:35.428Z,2.5927,13,SYNTH
2026-04-21 17:07:36.405Z,2.5940,7,SYNTH
2026-04-21 17:07:37.870Z,2.5908,27,SYNTH
2026-04-21 17:07:38.043Z,2.5917,38,SYNTH
2026-04-21 17:07:39.513Z,2.5901,28,SYNTH
2026-04-21 17:07:40.759Z,2.5924,27,SYNTH
2026-04-21 17:07:41.455Z,2.5930,17,SYNTH
2026-04-21 17:07:42.029Z,2.5914,12,SYNTH
2026-04-21 17:07:43.796Z,2.5928,11,SYNTH
2026-04-21 17:07:44.798Z,2.5907,12,SYNTH
2026-04-21 17:07:45.207Z,2.5937,24,SYNTH
2026-04-21 17:07:46.378Z,2.5932,19,SYNTH
2026-04-21 17:07:47.479Z,2.5898,27,SYNTH
2026-04-21 17:07:48.317Z,2.5935,9,SYNTH
2026-04-21 17:07:49.325Z,2.5911,11,SYNTH
2026-04-21 17:07:50.655Z,2.5927,13,SYNTH
2026-04-21 17:07:51.570Z,2.5917,17,SYNTH
2026-04-21 17:07:52.556Z,2.5894,18,SYNTH
2026-04-21 17:07:53.800Z,2.5934,17,SYNTH
2026-04-21 17:07:54.135Z,2.5929,22,SYNTH
2026-04-21 17:07:55.527Z,2.5896,11,SYNTH
2026-04-21 17:07:56.364Z,2.5926,20,SYNTH
2026-04-21 17:07:57.727Z,2.5908,21,SYNTH
2026-04-21 17:07:58.826Z,2.5920,10,SYNTH
2026-04-21 17:07:59.888Z,2.5898,13,SYNTH
2026-04-21 17:08:00.064Z,2.6203,7,SYNTH
2026-04-21 17:08:01.079Z,2.6223,5,SYNTH
2026-04-21 17:08:02.508Z,2.6197,10,SYNTH
2026-04-21 17:08:03.626Z,2.6177,8,SYNTH
2026-04-21 17:08:04.131Z,2.6206,4,SYNTH
2026-04-21 17:08:05.133Z,2.6190,4,SYNTH
2026-04-21 17:08:06.508Z,2.6218,5,SYNTH
2026-04-21 17:08:07.769Z,2.6194,5,SYNTH
2026-04-21 17:08:08.606Z,2.6178,6,SYNTH
2026-04-21 17:08:09.145Z,2.6177,7,SYNTH
2026-04-21 17:08:10.463Z,2.6205,7,SYNTH
2026-04-21 17:08:11.267Z,2.6220,9,SYNTH
2026-04-21 17:08:12.417Z,2.6180,10,SYNTH
2026-04-21 17:08:13.399Z,2.6216,12,SYNTH
2026-04-21 17:08:14.151Z,2.6196,8,SYNTH
2026-04-21 17:08:15.557Z,2.6180,3,SYNTH
2026-04-21 17:08:16.588Z,2.6219,15,SYNTH
2026-04-21 17:08:17.579Z,2.6209,8,SYNTH
2026-04-21 17:08:18.319Z,2.6180,10,SYNTH
2026-04-21 17:08:19.718Z,2.6205,9,SYNTH
2026-04-21 17:08:20.458Z,2.6187,4,SYNTH
2026-04-21 17:08:21.650Z,2.6204,4,SYNTH
2026-04-21 17:08:22.228Z,2.6166,3,SYNTH
2026-04-21 17:08:23.413Z,2.6155,5,SYNTH
2026-04-21 17:08:24.053Z,2.6141,5,SYNTH
2026-04-21 17:08:25.030Z,2.6132,6,SYNTH
2026-04-21 17:08:26.124Z,2.6122,6,SYNTH
2026-04-21 17:08:27.829Z,2.6100,4,SYNTH
2026-04-21 17:08:28.191Z,2.6076,6,SYNTH
2026-04-21 17:08:29.184Z,2.6074,6,SYNTH
2026-04-21 17:08:30.453Z,2.6055,3,SYNTH
2026-04-21 17:08:31.671Z,2.6037,3,SYNTH
2026-04-21 17:08:32.250Z,2.6022,4,SYNTH
2026-04-21 17:08:33.395Z,2.6018,7,SYNTH
2026-04-21 17:08:34.365Z,2.5997,6,SYNTH
2026-04-21 17:08:35.274Z,2.6024,6,SYNTH
2026-04-21 17:08:36.696Z,2.5986,4,SYNTH
2026-04-21 17:08:37.629Z,2.5982,13,SYNTH
2026-04-21 17:08:38.718Z,2.6005,9,SYNTH
2026-04-21 17:08:39.812Z,2.5978,17,SYNTH
2026-04-21 17:08:40.861Z,2.5979,8,SYNTH
2026-04-21 17:08:41.889Z,2.6012,7,SYNTH
2026-04-21 17:08:42.390Z,2.6024,5,SYNTH
2026-04-21 17:08:43.506Z,2.6024,5,SYNTH
2026-04-21 17:08:44.585Z,2.6025,5,SYNTH
2026-04-21 17:08:45.198Z,2.6040,9,SYNTH
2026-04-21 17:08:46.380Z,2.6031,9,SYNTH
2026-04-21 17:08:47.369Z,2.6015,9,SYNTH
2026-04-21 17:08:48.614Z,2.6027,8,SYNTH
2026-04-21 17:08:49.455Z,2.5997,5,SYNTH
2026-04-21 17:08:50.778Z,2.6020,9,SYNTH
2026-04-21 17:08:51.581Z,2.6001,7,SYNTH
2026-04-21 17:08:52.196Z,2.6027,5,SYNTH
2026-04-21 17:08:53.776Z,2.5999,4,SYNTH
2026-04-21 17:08:54.738Z,2.6003,9,SYNTH
2026-04-21 17:08:55.894Z,2.5980,8,SYNTH
2026-04-21 17:08:56.847Z,2.6007,8,SYNTH
2026-04-21 17:08:57.587Z,2.6005,8,SYNTH
2026-04-21 17:08:58.351Z,2.5994,11,SYNTH
2026-04-21 17:08:59.088Z,2.5990,7,SYNTH
2026-04-21 17:15:00.359Z,2.6015,5,SYNTH
2026-04-21 17:15:01.438Z,2.5998,6,SYNTH
2026-04-21 17:15:02.317Z,2.6021,3,SYNTH
2026-04-21 17:15:03.807Z,2.6004,3,SYNTH
2026-04-21 17:15:04.053Z,2.6020,7,SYNTH
2026-04-21 17:15:05.079Z,2.5994,5,SYNTH
2026-04-21 17:15:06.698Z,2.6023,3,SYNTH
2026-04-21 17:15:07.842Z,2.6024,5,SYNTH
2026-04-21 17:15:08.492Z,2.5994,3,SYNTH
2026-04-21 17:15:09.767Z,2.6026,6,SYNTH
2026-04-21 17:15:10.315Z,2.5991,3,SYNTH
2026-04-21 17:15:11.668Z,2.6030,14,SYNTH
2026-04-21 17:15:12.374Z,2.6026,8,SYNTH
2026-04-21 17:15:13.882Z,2.6001,9,SYNTH
2026-04-21 17:15:14.517Z,2.6019,3,SYNTH
2026-04-21 17:15:15.814Z,2.6002,5,SYNTH
2026-04-21 17:15:16.848Z,2.6035,7,SYNTH
2026-04-21 17:15:17.027Z,2.6038,5,SYNTH
2026-04-21 17:15:18.068Z,2.6004,6,SYNTH
2026-04-21 17:15:19.268Z,2.6003,5,SYNTH
2026-04-21 17:15:20.380Z,2.6006,4,SYNTH
2026-04-21 17:15:21.167Z,2.5991,2,SYNTH
2026-04-21 17:15:22.325Z,2.6022,3,SYNTH
2026-04-21 17:15:23.581Z,2.6022,3,SYNTH
2026-04-21 17:15:24.712Z,2.6007,2,SYNTH
2026-04-21 17:15:25.855Z,2.6024,4,SYNTH
2026-04-21 17:15:26.740Z,2.6007,2,SYNTH
2026-04-21 17:15:27.047Z,2.5998,3,SYNTH
2026-04-21 17:15:28.689Z,2.6019,4,SYNTH
2026-04-21 17:15:29.264Z,2.6008,3,SYNTH
2026-04-21 17:15:30.519Z,2.5997,3,SYNTH
2026-04-21 17:15:31.163Z,2.6033,2,SYNTH
2026-04-21 17:15:32.336Z,2.6028,4,SYNTH
2026-04-21 17:15:33.677Z,2.6005,4,SYNTH
2026-04-21 17:15:34.828Z,2.6009,2,SYNTH
2026-04-21 17:15:35.864Z,2.6028,4,SYNTH
2026-04-21 17:15:36.039Z,2.6001,4,SYNTH
2026-04-21 17:15:37.611Z,2.6002,11,SYNTH
2026-04-21 17:15:38.110Z,2.6028,8,SYNTH
2026-04-21 17:15:39.716Z,2.6022,11,SYNTH
2026-04-21 17:15:40.491Z,2.5994,9,SYNTH
2026-04-21 17:15:41.696Z,2.6020,4,SYNTH
2026-04-21 17:15:42.595Z,2.6025,2,SYNTH
2026-04-21 17:15:43.150Z,2.5999,5,SYNTH
2026-04-21 17:15:44.523Z,2.6021,4,SYNTH
2026-04-21 17:15:45.595Z,2.6038,3,SYNTH
2026-04-21 17:15:46.715Z,2.5999,4,SYNTH
2026-04-21 17:15:47.726Z,2.6035,7,SYNTH
2026-04-21 17:15:48.719Z,2.5998,4,SYNTH
2026-04-21 17:15:49.385Z,2.6026,3,SYNTH
2026-04-21 17:15:50.886Z,2.5996,5,SYNTH
2026-04-21 17:15:51.814Z,2.6025,3,SYNTH
2026-04-21 17:15:52.501Z,2.6014,5,SYNTH
2026-04-21 17:15:53.257Z,2.6020,3,SYNTH
2026-04-21 17:15:54.379Z,2.5995,3,SYNTH
2026-04-21 17:15:55.674Z,2.6032,5,SYNTH
2026-04-21 17:15:56.418Z,2.6009,4,SYNTH
2026-04-21 17:15:57.681Z,2.6032,6,SYNTH
2026-04-21 17:15:58.366Z,2.6009,4,SYNTH
2026-04-21 17:15:59.617Z,2.6022,7,SYNTH
2026-04-21 17:18:00.697Z,2.5803,28,SYNTH
2026-04-21 17:18:01.749Z,2.5787,34,SYNTH
2026-04-21 17:18:02.094Z,2.5813,31,SYNTH
2026-04-21 17:18:03.031Z,2.5807,28,SYNTH
2026-04-21 17:18:04.291Z,2.5793,21,SYNTH
2026-04-21 17:18:05.375Z,2.5815,29,SYNTH
2026-04-21 17:18:06.579Z,2.5785,25,SYNTH
2026-04-21 17:18:07.816Z,2.5808,23,SYNTH
2026-04-21 17:18:08.206Z,2.5817,18,SYNTH
2026-04-21 17:18:09.124Z,2.5794,13,SYNTH
2026-04-21 17:18:10.636Z,2.5795,18,SYNTH
2026-04-21 17:18:11.894Z,2.5813,47,SYNTH
2026-04-21 17:18:12.299Z,2.5793,68,SYNTH
2026-04-21 17:18:13.597Z,2.5781,36,SYNTH
2026-04-21 17:18:14.382Z,2.5802,24,SYNTH
2026-04-21 17:18:15.316Z,2.5812,21,SYNTH
2026-04-21 17:18:16.454Z,2.5785,27,SYNTH
2026-04-21 17:18:17.125Z,2.5786,44,SYNTH
2026-04-21 17:18:18.625Z,2.5804,29,SYNTH
2026-04-21 17:18:19.402Z,2.5824,31,SYNTH
2026-04-21 17:18:20.666Z,2.5801,13,SYNTH
2026-04-21 17:18:21.400Z,2.5798,11,SYNTH
2026-04-21 17:18:22.247Z,2.5810,15,SYNTH
2026-04-21 17:18:23.830Z,2.5783,19,SYNTH
2026-04-21 17:18:24.011Z,2.5805,22,SYNTH
2026-04-21 17:18:25.507Z,2.5781,22,SYNTH
2026-04-21 17:18:26.563Z,2.5806,11,SYNTH
2026-04-21 17:18:27.478Z,2.5780,16,SYNTH
2026-04-21 17:18:28.779Z,2.5814,19,SYNTH
2026-04-21 17:18:29.181Z,2.5819,10,SYNTH
2026-04-21 17:18:30.221Z,2.5786,11,SYNTH
2026-04-21 17:18:31.410Z,2.5789,15,SYNTH
2026-04-21 17:18:32.486Z,2.5809,19,SYNTH
2026-04-21 17:18:33.780Z,2.5785,19,SYNTH
2026-04-21 17:18:34.629Z,2.5798,12,SYNTH
2026-04-21 17:18:35.432Z,2.5821,13,SYNTH
2026-04-21 17:18:36.393Z,2.5782,17,SYNTH
2026-04-21 17:18:37.213Z,2.5821,25,SYNTH
2026-04-21 17:18:38.873Z,2.5787,46,SYNTH
2026-04-21 17:18:39.783Z,2.5802,41,SYNTH
2026-04-21 17:18:40.215Z,2.5816,37,SYNTH
2026-04-21 17:18:41.443Z,2.5778,21,SYNTH
2026-04-21 17:18:42.057Z,2.5813,22,SYNTH
2026-04-21 17:18:43.499Z,2.5795,26,SYNTH
2026-04-21 17:18:44.105Z,2.5817,22,SYNTH
2026-04-21 17:18:45.726Z,2.5808,41,SYNTH
2026-04-21 17:18:46.218Z,2.5815,37,SYNTH
2026-04-21 17:18:47.425Z,2.5777,40,SYNTH
2026-04-21 17:18:48.847Z,2.5816,20,SYNTH
2026-04-21 17:18:49.194Z,2.5802,25,SYNTH
2026-04-21 17:18:50.043Z,2.5819,16,SYNTH
2026-04-21 17:18:51.044Z,2.5798,25,SYNTH
2026-04-21 17:18:52.514Z,2.5794,27,SYNTH
2026-04-21 17:18:53.672Z,2.5815,23,SYNTH
2026-04-21 17:18:54.137Z,2.5819,15,SYNTH
2026-04-21 17:18:55.207Z,2.5785,17,SYNTH
2026-04-21 17:18:56.840Z,2.5806,21,SYNTH
2026-04-21 17:18:57.620Z,2.5804,24,SYNTH
2026-04-21 17:18:58.301Z,2.5787,24,SYNTH
2026-04-21 17:18:59.143Z,2.5817,17,SYNTH
2026-04-21 17:19:00.247Z,2.6002,2,SYNTH
2026-04-21 17:19:01.572Z,2.6006,2,SYNTH
2026-04-21 17:19:02.667Z,2.5983,1,SYNTH
2026-04-21 17:19:03.752Z,2.5989,1,SYNTH
2026-04-21 17:19:04.463Z,2.5982,1,SYNTH
2026-04-21 17:19:05.669Z,2.6011,1,SYNTH
2026-04-21 17:19:06.047Z,2.5985,1,SYNTH
2026-04-21 17:19:07.014Z,2.6006,2,SYNTH
2026-04-21 17:19:08.627Z,2.6015,2,SYNTH
2026-04-21 17:19:09.031Z,2.6009,1,SYNTH
2026-04-21 17:19:10.071Z,2.6002,2,SYNTH
2026-04-21 17:19:11.246Z,2.5983,3,SYNTH
2026-04-21 17:19:12.790Z,2.6017,5,SYNTH
2026-04-21 17:19:13.338Z,2.5988,4,SYNTH
2026-04-21 17:19:14.174Z,2.6012,1,SYNTH
2026-04-21 17:19:15.246Z,2.6005,2,SYNTH
2026-04-21 17:19:16.530Z,2.6015,3,SYNTH
2026-04-21 17:19:17.346Z,2.6013,3,SYNTH
2026-04-21 17:19:18.694Z,2.5995,2,SYNTH
2026-04-21 17:19:19.589Z,2.5980,3,SYNTH
2026-04-21 17:19:20.368Z,2.6010,1,SYNTH
2026-04-21 17:19:21.208Z,2.5993,2,SYNTH
2026-04-21 17:19:22.257Z,2.5992,1,SYNTH
2026-04-21 17:19:23.626Z,2.6019,1,SYNTH
2026-04-21 17:19:24.271Z,2.5987,1,SYNTH
2026-04-21 17:19:25.888Z,2.6021,1,SYNTH
2026-04-21 17:19:26.493Z,2.5996,1,SYNTH
2026-04-21 17:19:27.362Z,2.6021,1,SYNTH
2026-04-21 17:19:28.637Z,2.5985,1,SYNTH
2026-04-21 17:19:29.532Z,2.5999,1,SYNTH
2026-04-21 17:19:30.386Z,2.6020,1,SYNTH
2026-04-21 17:19:31.424Z,2.6007,1,SYNTH
2026-04-21 17:19:32.536Z,2.5994,1,SYNTH
2026-04-21 17:19:33.651Z,2.5996,1,SYNTH
2026-04-21 17:19:34.869Z,2.6017,1,SYNTH
2026-04-21 17:19:35.474Z,2.5979,1,SYNTH
2026-04-21 17:19:36.705Z,2.6009,1,SYNTH
2026-04-21 17:19:37.629Z,2.5979,3,SYNTH
2026-04-21 17:19:38.504Z,2.5995,3,SYNTH
2026-04-21 17:19:39.644Z,2.6017,3,SYNTH
2026-04-21 17:19:40.102Z,2.5998,3,SYNTH
2026-04-21 17:19:41.607Z,2.5991,1,SYNTH
2026-04-21 17:19:42.815Z,2.6012,1,SYNTH
2026-04-21 17:19:43.065Z,2.5996,2,SYNTH
2026-04-21 17:19:44.721Z,2.5994,1,SYNTH
2026-04-21 17:19:45.623Z,2.6019,1,SYNTH
2026-04-21 17:19:46.702Z,2.5984,1,SYNTH
2026-04-21 17:19:47.506Z,2.5985,3,SYNTH
2026-04-21 17:19:48.501Z,2.6015,2,SYNTH
2026-04-21 17:19:49.010Z,2.5986,2,SYNTH
2026-04-21 17:19:50.082Z,2.6018,1,SYNTH
2026-04-21 17:19:51.285Z,2.5979,1,SYNTH
2026-04-21 17:19:52.180Z,2.6014,1,SYNTH
2026-04-21 17:19:53.373Z,2.6022,2,SYNTH
2026-04-21 17:19:54.853Z,2.6022,2,SYNTH
2026-04-21 17:19:55.359Z,2.5999,1,SYNTH
2026-04-21 17:19:56.660Z,2.6006,2,SYNTH
2026-04-21 17:19:57.133Z,2.5988,2,SYNTH
2026-04-21 17:19:58.068Z,2.6018,2,SYNTH
2026-04-21 17:19:59.534Z,2.5984,2,SYNTH
2026-04-21 17:20:00.868Z,2.6008,10,SYNTH
2026-04-21 17:20:01.724Z,2.5979,12,SYNTH
2026-04-21 17:20:02.282Z,2.6004,9,SYNTH
2026-04-21 17:20:03.089Z,2.6017,20,SYNTH
2026-04-21 17:20:04.547Z,2.6017,14,SYNTH
2026-04-21 17:20:05.291Z,2.5982,18,SYNTH
2026-04-21 17:20:06.399Z,2.6010,13,SYNTH
2026-04-21 17:20:07.190Z,2.5990,17,SYNTH
2026-04-21 17:20:08.866Z,2.6024,14,SYNTH
2026-04-21 17:20:09.418Z,2.5982,9,SYNTH
2026-04-21 17:20:10.765Z,2.5989,16,SYNTH
2026-04-21 17:20:11.694Z,2.5980,36,SYNTH
2026-04-21 17:20:12.292Z,2.6012,31,SYNTH
2026-04-21 17:20:13.026Z,2.5989,29,SYNTH
2026-04-21 17:20:14.317Z,2.5999,10,SYNTH
2026-04-21 17:20:15.262Z,2.6011,10,SYNTH
2026-04-21 17:20:16.187Z,2.5991,26,SYNTH
2026-04-21 17:20:17.065Z,2.5977,20,SYNTH
2026-04-21 17:20:18.161Z,2.6021,12,SYNTH
2026-04-21 17:20:19.656Z,2.5996,25,SYNTH
2026-04-21 17:20:20.622Z,2.6012,9,SYNTH
2026-04-21 17:20:21.046Z,2.5990,11,SYNTH
2026-04-21 17:20:22.725Z,2.5979,7,SYNTH
2026-04-21 17:20:23.898Z,2.6011,12,SYNTH
2026-04-21 17:20:24.830Z,2.6020,11,SYNTH
2026-04-21 17:20:25.247Z,2.6010,13,SYNTH
2026-04-21 17:20:26.105Z,2.5984,7,SYNTH
2026-04-21 17:20:27.654Z,2.6005,11,SYNTH
2026-04-21 17:20:28.475Z,2.6009,11,SYNTH
2026-04-21 17:20:29.009Z,2.6012,7,SYNTH
2026-04-21 17:20:30.600Z,2.5992,9,SYNTH
2026-04-21 17:20:31.090Z,2.6010,13,SYNTH
2026-04-21 17:20:32.262Z,2.6003,8,SYNTH
2026-04-21 17:20:33.535Z,2.6010,12,SYNTH
2026-04-21 17:20:34.573Z,2.6009,11,SYNTH
2026-04-21 17:20:35.427Z,2.5986,13,SYNTH
2026-04-21 17:20:36.263Z,2.5995,13,SYNTH
2026-04-21 17:20:37.570Z,2.6007,17,SYNTH
2026-04-21 17:20:38.309Z,2.5994,34,SYNTH
2026-04-21 17:20:39.171Z,2.6013,28,SYNTH
2026-04-21 17:20:40.704Z,2.6017,30,SYNTH
2026-04-21 17:20:41.460Z,2.5979,13,SYNTH
2026-04-21 17:20:42.429Z,2.6017,11,SYNTH
2026-04-21 17:20:43.284Z,2.5992,15,SYNTH
2026-04-21 17:20:44.816Z,2.5978,13,SYNTH
2026-04-21 17:20:45.824Z,2.6010,22,SYNTH
2026-04-21 17:20:46.734Z,2.5985,16,SYNTH
2026-04-21 17:20:47.312Z,2.5978,22,SYNTH
2026-04-21 17:20:48.643Z,2.6018,9,SYNTH
2026-04-21 17:20:49.290Z,2.5994,7,SYNTH
2026-04-21 17:20:50.334Z,2.5976,10,SYNTH
2026-04-21 17:20:51.560Z,2.6020,18,SYNTH
2026-04-21 17:20:52.861Z,2.5981,16,SYNTH
2026-04-21 17:20:53.760Z,2.6016,8,SYNTH
2026-04-21 17:20:54.610Z,2.6011,13,SYNTH
2026-04-21 17:20:55.737Z,2.6023,13,SYNTH
2026-04-21 17:20:56.270Z,2.5983,15,SYNTH
2026-04-21 17:20:57.143Z,2.5988,18,SYNTH
2026-04-21 17:20:58.052Z,2.6007,9,SYNTH
2026-04-21 17:20:59.892Z,2.5994,12,SYNTH
2026-04-21 17:55:00.898Z,2.5914,25,SYNTH
2026-04-21 17:55:01.804Z,2.5920,25,SYNTH
2026-04-21 17:55:02.029Z,2.5908,19,SYNTH
2026-04-21 17:55:03.121Z,2.5889,24,SYNTH
2026-04-21 17:55:04.501Z,2.5886,20,SYNTH
2026-04-21 17:55:05.157Z,2.5917,21,SYNTH
2026-04-21 17:55:06.610Z,2.5880,15,SYNTH
2026-04-21 17:55:07.588Z,2.5888,10,SYNTH
2026-04-21 17:55:08.060Z,2.5893,17,SYNTH
2026-04-21 17:55:09.252Z,2.5919,11,SYNTH
2026-04-21 17:55:10.197Z,2.5910,11,SYNTH
2026-04-21 17:55:11.879Z,2.5892,41,SYNTH
2026-04-21 17:55:12.603Z,2.5901,22,SYNTH
2026-04-21 17:55:13.439Z,2.5894,38,SYNTH
2026-04-21 17:55:14.888Z,2.5919,17,SYNTH
2026-04-21 17:55:15.069Z,2.5891,16,SYNTH
2026-04-21 17:55:16.810Z,2.5921,22,SYNTH
2026-04-21 17:55:17.230Z,2.5878,21,SYNTH
2026-04-21 17:55:18.162Z,2.5910,25,SYNTH
2026-04-21 17:55:19.496Z,2.5887,30,SYNTH
2026-04-21 17:55:20.140Z,2.5918,9,SYNTH
2026-04-21 17:55:21.462Z,2.5885,15,SYNTH
2026-04-21 17:55:22.343Z,2.5898,12,SYNTH
2026-04-21 17:55:23.343Z,2.5901,11,SYNTH
2026-04-21 17:55:24.124Z,2.5905,14,SYNTH
2026-04-21 17:55:25.078Z,2.5915,7,SYNTH
2026-04-21 17:55:26.345Z,2.5880,14,SYNTH
2026-04-21 17:55:27.075Z,2.5920,13,SYNTH
2026-04-21 17:55:28.372Z,2.5896,16,SYNTH
2026-04-21 17:55:29.857Z,2.5916,12,SYNTH
2026-04-21 17:55:30.585Z,2.5920,10,SYNTH
2026-04-21 17:55:31.037Z,2.5883,14,SYNTH
2026-04-21 17:55:32.275Z,2.5905,12,SYNTH
2026-04-21 17:55:33.465Z,2.5912,7,SYNTH
2026-04-21 17:55:34.553Z,2.5881,11,SYNTH
2026-04-21 17:55:35.425Z,2.5918,12,SYNTH
2026-04-21 17:55:36.483Z,2.5888,10,SYNTH
2026-04-21 17:55:37.392Z,2.5905,36,SYNTH
2026-04-21 17:55:38.259Z,2.5917,30,SYNTH
2026-04-21 17:55:39.570Z,2.5904,42,SYNTH
2026-04-21 17:55:40.027Z,2.5906,31,SYNTH
2026-04-21 17:55:41.222Z,2.5889,11,SYNTH
2026-04-21 17:55:42.524Z,2.5897,8,SYNTH
2026-04-21 17:55:43.089Z,2.5912,12,SYNTH
2026-04-21 17:55:44.409Z,2.5883,14,SYNTH
2026-04-21 17:55:45.885Z,2.5901,27,SYNTH
2026-04-21 17:55:46.403Z,2.5908,26,SYNTH
2026-04-21 17:55:47.407Z,2.5886,16,SYNTH
2026-04-21 17:55:48.842Z,2.5902,17,SYNTH
2026-04-21 17:55:49.830Z,2.5890,16,SYNTH
2026-04-21 17:55:50.053Z,2.5906,18,SYNTH
2026-04-21 17:55:51.546Z,2.5922,12,SYNTH
2026-04-21 17:55:52.541Z,2.5883,14,SYNTH
2026-04-21 17:55:53.595Z,2.5894,15,SYNTH
2026-04-21 17:55:54.037Z,2.5905,13,SYNTH
2026-04-21 17:55:55.260Z,2.5921,18,SYNTH
2026-04-21 17:55:56.739Z,2.5913,17,SYNTH
2026-04-21 17:55:57.772Z,2.5900,13,SYNTH
2026-04-21 17:55:58.622Z,2.5892,18,SYNTH
2026-04-21 17:55:59.535Z,2.5913,26,SYNTH
2026-04-21 17:58:00.068Z,2.6501,2,SYNTH
2026-04-21 17:58:01.712Z,2.6500,4,SYNTH
2026-04-21 17:58:02.109Z,2.6493,5,SYNTH
2026-04-21 17:58:03.580Z,2.6465,3,SYNTH
2026-04-21 17:58:04.841Z,2.6488,5,SYNTH
2026-04-21 17:58:05.039Z,2.6489,4,SYNTH
2026-04-21 17:58:06.078Z,2.6468,2,SYNTH
2026-04-21 17:58:07.854Z,2.6460,3,SYNTH
2026-04-21 17:58:08.847Z,2.6496,4,SYNTH
2026-04-21 17:58:09.174Z,2.6463,4,SYNTH
2026-04-21 17:58:10.612Z,2.6487,3,SYNTH
2026-04-21 17:58:11.458Z,2.6469,4,SYNTH
2026-04-21 17:58:12.388Z,2.6499,5,SYNTH
2026-04-21 17:58:13.697Z,2.6468,9,SYNTH
2026-04-21 17:58:14.484Z,2.6498,2,SYNTH
2026-04-21 17:58:15.552Z,2.6458,2,SYNTH
2026-04-21 17:58:16.805Z,2.6488,7,SYNTH
2026-04-21 17:58:17.063Z,2.6500,7,SYNTH
2026-04-21 17:58:18.354Z,2.6467,4,SYNTH
2026-04-21 17:58:19.142Z,2.6493,3,SYNTH
2026-04-21 17:58:20.356Z,2.6498,2,SYNTH
2026-04-21 17:58:21.463Z,2.6472,2,SYNTH
2026-04-21 17:58:22.478Z,2.6488,2,SYNTH
2026-04-21 17:58:23.209Z,2.6502,2,SYNTH
2026-04-21 17:58:24.345Z,2.6501,3,SYNTH
2026-04-21 17:58:25.801Z,2.6468,3,SYNTH
2026-04-21 17:58:26.029Z,2.6489,3,SYNTH
2026-04-21 17:58:27.329Z,2.6489,1,SYNTH
2026-04-21 17:58:28.892Z,2.6505,2,SYNTH
2026-04-21 17:58:29.659Z,2.6474,2,SYNTH
2026-04-21 17:58:30.545Z,2.6477,2,SYNTH
2026-04-21 17:58:31.259Z,2.6502,2,SYNTH
2026-04-21 17:58:32.711Z,2.6478,3,SYNTH
2026-04-21 17:58:33.482Z,2.6464,3,SYNTH
2026-04-21 17:58:34.392Z,2.6473,2,SYNTH
2026-04-21 17:58:35.633Z,2.6495,2,SYNTH
2026-04-21 17:58:36.278Z,2.6506,3,SYNTH
2026-04-21 17:58:37.696Z,2.6481,7,SYNTH
2026-04-21 17:58:38.774Z,2.6489,5,SYNTH
2026-04-21 17:58:39.799Z,2.6503,7,SYNTH
2026-04-21 17:58:40.032Z,2.6478,5,SYNTH
2026-04-21 17:58:41.848Z,2.6468,2,SYNTH
2026-04-21 17:58:42.848Z,2.6494,3,SYNTH
2026-04-21 17:58:43.734Z,2.6480,2,SYNTH
2026-04-21 17:58:44.232Z,2.6482,4,SYNTH
2026-04-21 17:58:45.822Z,2.6474,5,SYNTH
2026-04-21 17:58:46.064Z,2.6484,5,SYNTH
2026-04-21 17:58:47.266Z,2.6473,3,SYNTH
2026-04-21 17:58:48.400Z,2.6491,2,SYNTH
2026-04-21 17:58:49.837Z,2.6502,3,SYNTH
2026-04-21 17:58:50.465Z,2.6473,4,SYNTH
2026-04-21 17:58:51.749Z,2.6477,4,SYNTH
2026-04-21 17:58:52.777Z,2.6490,4,SYNTH
2026-04-21 17:58:53.820Z,2.6493,5,SYNTH
2026-04-21 17:58:54.401Z,2.6492,3,SYNTH
2026-04-21 17:58:55.342Z,2.6463,3,SYNTH
2026-04-21 17:58:56.546Z,2.6508,3,SYNTH
2026-04-21 17:58:57.686Z,2.6459,2,SYNTH
2026-04-21 17:58:58.850Z,2.6503,5,SYNTH
2026-04-21 17:58:59.578Z,2.6477,4,SYNTH
2026-04-21 18:01:00.380Z,2.6504,5,SYNTH
2026-04-21 18:01:01.018Z,2.6476,9,SYNTH
2026-04-21 18:01:02.202Z,2.6513,4,SYNTH
2026-04-21 18:01:03.247Z,2.6476,8,SYNTH
2026-04-21 18:01:04.718Z,2.6505,8,SYNTH
2026-04-21 18:01:05.024Z,2.6513,4,SYNTH
2026-04-21 18:01:06.346Z,2.6492,6,SYNTH
2026-04-21 18:01:07.762Z,2.6520,4,SYNTH
2026-04-21 18:01:08.866Z,2.6511,4,SYNTH
2026-04-21 18:01:09.532Z,2.6494,6,SYNTH
2026-04-21 18:01:10.852Z,2.6512,7,SYNTH
2026-04-21 18:01:11.076Z,2.6519,15,SYNTH
2026-04-21 18:01:12.492Z,2.6489,12,SYNTH
2026-04-21 18:01:13.707Z,2.6501,18,SYNTH
2026-04-21 18:01:14.409Z,2.6515,4,SYNTH
2026-04-21 18:01:15.538Z,2.6478,7,SYNTH
2026-04-21 18:01:16.735Z,2.6507,10,SYNTH
2026-04-21 18:01:17.318Z,2.6480,12,SYNTH
2026-04-21 18:01:18.446Z,2.6525,12,SYNTH
2026-04-21 18:01:19.034Z,2.6493,8,SYNTH
2026-04-21 18:01:20.165Z,2.6485,4,SYNTH
2026-04-21 18:01:21.512Z,2.6466,3,SYNTH
2026-04-21 18:01:22.041Z,2.6464,5,SYNTH
2026-04-21 18:01:23.131Z,2.6452,4,SYNTH
2026-04-21 18:01:24.423Z,2.6431,5,SYNTH
2026-04-21 18:01:25.801Z,2.6405,3,SYNTH
2026-04-21 18:01:26.456Z,2.6382,5,SYNTH
2026-04-21 18:01:27.755Z,2.6359,6,SYNTH
2026-04-21 18:01:28.597Z,2.6339,6,SYNTH
2026-04-21 18:01:29.045Z,2.6319,5,SYNTH
2026-04-21 18:01:30.766Z,2.6297,4,SYNTH
2026-04-21 18:01:31.097Z,2.6280,4,SYNTH
2026-04-21 18:01:32.036Z,2.6256,5,SYNTH
2026-04-21 18:01:33.808Z,2.6249,4,SYNTH
2026-04-21 18:01:34.470Z,2.6210,6,SYNTH
2026-04-21 18:01:35.354Z,2.6211,4,SYNTH
2026-04-21 18:01:36.085Z,2.6199,4,SYNTH
2026-04-21 18:01:37.082Z,2.6191,13,SYNTH
2026-04-21 18:01:38.314Z,2.6194,10,SYNTH
2026-04-21 18:01:39.376Z,2.6206,11,SYNTH
2026-04-21 18:01:40.309Z,2.6190,15,SYNTH
2026-04-21 18:01:41.844Z,2.6223,5,SYNTH
2026-04-21 18:01:42.486Z,2.6227,6,SYNTH
2026-04-21 18:01:43.892Z,2.6234,6,SYNTH
2026-04-21 18:01:44.691Z,2.6239,6,SYNTH
2026-04-21 18:01:45.833Z,2.6245,11,SYNTH
2026-04-21 18:01:46.684Z,2.6239,9,SYNTH
2026-04-21 18:01:47.034Z,2.6241,5,SYNTH
2026-04-21 18:01:48.288Z,2.6219,4,SYNTH
2026-04-21 18:01:49.073Z,2.6238,7,SYNTH
2026-04-21 18:01:50.425Z,2.6220,6,SYNTH
2026-04-21 18:01:51.376Z,2.6243,4,SYNTH
2026-04-21 18:01:52.789Z,2.6204,5,SYNTH
2026-04-21 18:01:53.538Z,2.6207,8,SYNTH
2026-04-21 18:01:54.055Z,2.6212,5,SYNTH
2026-04-21 18:01:55.252Z,2.6214,6,SYNTH
2026-04-21 18:01:56.144Z,2.6184,4,SYNTH
2026-04-21 18:01:57.135Z,2.6181,4,SYNTH
2026-04-21 18:01:58.545Z,2.6213,4,SYNTH
2026-04-21 18:01:59.511Z,2.6188,8,SYNTH
2026-04-21 18:10:00.139Z,2.5909,9,SYNTH
2026-04-21 18:10:01.050Z,2.5887,5,SYNTH
2026-04-21 18:10:02.613Z,2.5915,6,SYNTH
2026-04-21 18:10:03.805Z,2.5890,7,SYNTH
2026-04-21 18:10:04.256Z,2.5918,5,SYNTH
2026-04-21 18:10:05.108Z,2.5882,7,SYNTH
2026-04-21 18:10:06.647Z,2.5915,8,SYNTH
2026-04-21 18:10:07.220Z,2.5912,4,SYNTH
2026-04-21 18:10:08.100Z,2.5922,6,SYNTH
2026-04-21 18:10:09.693Z,2.5907,6,SYNTH
2026-04-21 18:10:10.030Z,2.5894,7,SYNTH
2026-04-21 18:10:11.001Z,2.5914,15,SYNTH
2026-04-21 18:10:12.883Z,2.5883,8,SYNTH
2026-04-21 18:10:13.159Z,2.5905,17,SYNTH
2026-04-21 18:10:14.595Z,2.5886,6,SYNTH
2026-04-21 18:10:15.829Z,2.5920,5,SYNTH
2026-04-21 18:10:16.525Z,2.5882,6,SYNTH
2026-04-21 18:10:17.754Z,2.5918,6,SYNTH
2026-04-21 18:10:18.161Z,2.5897,8,SYNTH
2026-04-21 18:10:19.251Z,2.5890,9,SYNTH
2026-04-21 18:10:20.252Z,2.5899,3,SYNTH
2026-04-21 18:10:21.875Z,2.5881,6,SYNTH
2026-04-21 18:10:22.480Z,2.5919,4,SYNTH
2026-04-21 18:10:23.079Z,2.5894,5,SYNTH
2026-04-21 18:10:24.862Z,2.5885,5,SYNTH
2026-04-21 18:10:25.764Z,2.5911,4,SYNTH
2026-04-21 18:10:26.424Z,2.5893,3,SYNTH
2026-04-21 18:10:27.816Z,2.5895,5,SYNTH
2026-04-21 18:10:28.381Z,2.5915,3,SYNTH
2026-04-21 18:10:29.825Z,2.5916,2,SYNTH
2026-04-21 18:10:30.503Z,2.5923,5,SYNTH
2026-04-21 18:10:31.304Z,2.5884,5,SYNTH
2026-04-21 18:10:32.711Z,2.5910,3,SYNTH
2026-04-21 18:10:33.180Z,2.5909,3,SYNTH
2026-04-21 18:10:34.610Z,2.5907,3,SYNTH
2026-04-21 18:10:35.737Z,2.5885,4,SYNTH
2026-04-21 18:10:36.898Z,2.5891,6,SYNTH
2026-04-21 18:10:37.125Z,2.5909,15,SYNTH
2026-04-21 18:10:38.388Z,2.5919,11,SYNTH
2026-04-21 18:10:39.065Z,2.5894,8,SYNTH
2026-04-21 18:10:40.790Z,2.5921,14,SYNTH
2026-04-21 18:10:41.766Z,2.5891,6,SYNTH
2026-04-21 18:10:42.022Z,2.5914,6,SYNTH
2026-04-21 18:10:43.093Z,2.5907,6,SYNTH
2026-04-21 18:10:44.580Z,2.5896,7,SYNTH
2026-04-21 18:10:45.864Z,2.5910,7,SYNTH
2026-04-21 18:10:46.292Z,2.5911,7,SYNTH
2026-04-21 18:10:47.779Z,2.5897,5,SYNTH
2026-04-21 18:10:48.260Z,2.5923,7,SYNTH
2026-04-21 18:10:49.472Z,2.5895,5,SYNTH
2026-04-21 18:10:50.124Z,2.5925,4,SYNTH
2026-04-21 18:10:51.705Z,2.5876,7,SYNTH
2026-04-21 18:10:52.188Z,2.5903,8,SYNTH
2026-04-21 18:10:53.389Z,2.5881,6,SYNTH
2026-04-21 18:10:54.468Z,2.5913,4,SYNTH
2026-04-21 18:10:55.396Z,2.5905,7,SYNTH
2026-04-21 18:10:56.366Z,2.5914,5,SYNTH
2026-04-21 18:10:57.336Z,2.5892,5,SYNTH
2026-04-21 18:10:58.690Z,2.5918,8,SYNTH
2026-04-21 18:10:59.746Z,2.5884,8,SYNTH
2026-04-21 18:13:00.115Z,2.5817,220,SYNTH
2026-04-21 18:13:01.007Z,2.5785,103,SYNTH
2026-04-21 18:13:02.278Z,2.5777,233,SYNTH
2026-04-21 18:13:03.819Z,2.5818,114,SYNTH
2026-04-21 18:13:04.363Z,2.5792,98,SYNTH
2026-04-21 18:13:05.547Z,2.5790,179,SYNTH
2026-04-21 18:13:06.324Z,2.5818,110,SYNTH
2026-04-21 18:13:07.743Z,2.5783,171,SYNTH
2026-04-21 18:13:08.455Z,2.5815,198,SYNTH
2026-04-21 18:13:09.631Z,2.5812,86,SYNTH
2026-04-21 18:13:10.324Z,2.5793,185,SYNTH
2026-04-21 18:13:11.834Z,2.5810,292,SYNTH
2026-04-21 18:13:12.762Z,2.5790,383,SYNTH
2026-04-21 18:13:13.067Z,2.5789,436,SYNTH
2026-04-21 18:13:14.681Z,2.5818,114,SYNTH
2026-04-21 18:13:15.122Z,2.5800,84,SYNTH
2026-04-21 18:13:16.208Z,2.5779,165,SYNTH
2026-04-21 18:13:17.555Z,2.5807,212,SYNTH
2026-04-21 18:13:18.818Z,2.5786,195,SYNTH
2026-04-21 18:13:19.115Z,2.5774,245,SYNTH
2026-04-21 18:13:20.121Z,2.5767,74,SYNTH
2026-04-21 18:13:21.214Z,2.5758,74,SYNTH
2026-04-21 18:13:22.073Z,2.5740,102,SYNTH
2026-04-21 18:13:23.799Z,2.5726,157,SYNTH
2026-04-21 18:13:24.625Z,2.5711,78,SYNTH
2026-04-21 18:13:25.704Z,2.5666,94,SYNTH
2026-04-21 18:13:26.702Z,2.5653,83,SYNTH
2026-04-21 18:13:27.045Z,2.5626,120,SYNTH
2026-04-21 18:13:28.027Z,2.5578,79,SYNTH
2026-04-21 18:13:29.170Z,2.5558,104,SYNTH
2026-04-21 18:13:30.260Z,2.5543,117,SYNTH
2026-04-21 18:13:31.600Z,2.5505,121,SYNTH
2026-04-21 18:13:32.454Z,2.5491,77,SYNTH
2026-04-21 18:13:33.044Z,2.5459,111,SYNTH
2026-04-21 18:13:34.165Z,2.5448,154,SYNTH
2026-04-21 18:13:35.547Z,2.5414,89,SYNTH
2026-04-21 18:13:36.250Z,2.5398,148,SYNTH
2026-04-21 18:13:37.497Z,2.5387,233,SYNTH
2026-04-21 18:13:38.558Z,2.5399,432,SYNTH
2026-04-21 18:13:39.106Z,2.5416,245,SYNTH
2026-04-21 18:13:40.736Z,2.5404,263,SYNTH
2026-04-21 18:13:41.223Z,2.5417,74,SYNTH
2026-04-21 18:13:42.530Z,2.5426,150,SYNTH
2026-04-21 18:13:43.329Z,2.5450,97,SYNTH
2026-04-21 18:13:44.589Z,2.5455,182,SYNTH
2026-04-21 18:13:45.209Z,2.5457,272,SYNTH
2026-04-21 18:13:46.248Z,2.5466,151,SYNTH
2026-04-21 18:13:47.301Z,2.5454,191,SYNTH
2026-04-21 18:13:48.313Z,2.5473,202,SYNTH
2026-04-21 18:13:49.356Z,2.5432,87,SYNTH
2026-04-21 18:13:50.034Z,2.5469,146,SYNTH
2026-04-21 18:13:51.148Z,2.5467,89,SYNTH
2026-04-21 18:13:52.703Z,2.5477,154,SYNTH
2026-04-21 18:13:53.044Z,2.5499,157,SYNTH
2026-04-21 18:13:54.808Z,2.5488,100,SYNTH
2026-04-21 18:13:55.794Z,2.5500,186,SYNTH
2026-04-21 18:13:56.452Z,2.5499,190,SYNTH
2026-04-21 18:13:57.503Z,2.5513,200,SYNTH
2026-04-21 18:13:58.307Z,2.5513,189,SYNTH
2026-04-21 18:13:59.767Z,2.5484,187,SYNTH
2026-04-21 18:15:00.576Z,2.5454,27,SYNTH
2026-04-21 18:15:01.612Z,2.5472,28,SYNTH
2026-04-21 18:15:02.700Z,2.5434,22,SYNTH
2026-04-21 18:15:03.413Z,2.5444,19,SYNTH
2026-04-21 18:15:04.048Z,2.5457,29,SYNTH
2026-04-21 18:15:05.434Z,2.5454,28,SYNTH
2026-04-21 18:15:06.898Z,2.5436,19,SYNTH
2026-04-21 18:15:07.495Z,2.5455,31,SYNTH
2026-04-21 18:15:08.124Z,2.5442,32,SYNTH
2026-04-21 18:15:09.088Z,2.5439,13,SYNTH
2026-04-21 18:15:10.367Z,2.5455,31,SYNTH
2026-04-21 18:15:11.674Z,2.5444,39,SYNTH
2026-04-21 18:15:12.360Z,2.5459,52,SYNTH
2026-04-21 18:15:13.645Z,2.5459,48,SYNTH
2026-04-21 18:15:14.173Z,2.5445,22,SYNTH
2026-04-21 18:15:15.129Z,2.5433,16,SYNTH
2026-04-21 18:15:16.876Z,2.5461,46,SYNTH
2026-04-21 18:15:17.147Z,2.5440,22,SYNTH
2026-04-21 18:15:18.144Z,2.5461,25,SYNTH
2026-04-21 18:15:19.332Z,2.5462,42,SYNTH
2026-04-21 18:15:20.726Z,2.5428,14,SYNTH
2026-04-21 18:15:21.723Z,2.5453,19,SYNTH
2026-04-21 18:15:22.256Z,2.5459,12,SYNTH
2026-04-21 18:15:23.395Z,2.5474,17,SYNTH
2026-04-21 18:15:24.630Z,2.5478,24,SYNTH
2026-04-21 18:15:25.507Z,2.5456,11,SYNTH
2026-04-21 18:15:26.619Z,2.5466,25,SYNTH
2026-04-21 18:15:27.300Z,2.5486,12,SYNTH
2026-04-21 18:15:28.220Z,2.5484,18,SYNTH
2026-04-21 18:15:29.399Z,2.5471,18,SYNTH
2026-04-21 18:15:30.445Z,2.5493,15,SYNTH
2026-04-21 18:15:31.402Z,2.5500,18,SYNTH
2026-04-21 18:15:32.157Z,2.5481,17,SYNTH
2026-04-21 18:15:33.681Z,2.5500,16,SYNTH
2026-04-21 18:15:34.122Z,2.5489,18,SYNTH
2026-04-21 18:15:35.036Z,2.5507,24,SYNTH
2026-04-21 18:15:36.048Z,2.5483,17,SYNTH
2026-04-21 18:15:37.716Z,2.5525,32,SYNTH
2026-04-21 18:15:38.061Z,2.5494,32,SYNTH
2026-04-21 18:15:39.488Z,2.5493,58,SYNTH
2026-04-21 18:15:40.777Z,2.5510,36,SYNTH
2026-04-21 18:15:41.707Z,2.5480,22,SYNTH
2026-04-21 18:15:42.258Z,2.5476,24,SYNTH
2026-04-21 18:15:43.877Z,2.5505,16,SYNTH
2026-04-21 18:15:44.183Z,2.5481,27,SYNTH
2026-04-21 18:15:45.660Z,2.5476,32,SYNTH
2026-04-21 18:15:46.462Z,2.5502,25,SYNTH
2026-04-21 18:15:47.622Z,2.5479,30,SYNTH
2026-04-21 18:15:48.329Z,2.5503,23,SYNTH
2026-04-21 18:15:49.691Z,2.5483,25,SYNTH
2026-04-21 18:15:50.564Z,2.5518,33,SYNTH
2026-04-21 18:15:51.716Z,2.5487,26,SYNTH
2026-04-21 18:15:52.338Z,2.5506,17,SYNTH
2026-04-21 18:15:53.155Z,2.5479,35,SYNTH
2026-04-21 18:15:54.864Z,2.5508,33,SYNTH
2026-04-21 18:15:55.732Z,2.5520,32,SYNTH
2026-04-21 18:15:56.316Z,2.5493,33,SYNTH
2026-04-21 18:15:57.778Z,2.5512,16,SYNTH
2026-04-21 18:15:58.243Z,2.5507,32,SYNTH
2026-04-21 18:15:59.327Z,2.5481,23,SYNTH
2026-04-21 18:16:00.069Z,2.5407,442,SYNTH
2026-04-21 18:16:01.358Z,2.5403,348,SYNTH
2026-04-21 18:16:02.737Z,2.5386,362,SYNTH
2026-04-21 18:16:03.764Z,2.5417,403,SYNTH
2026-04-21 18:16:04.478Z,2.5393,192,SYNTH
2026-04-21 18:16:05.596Z,2.5422,297,SYNTH
2026-04-21 18:16:06.896Z,2.5388,264,SYNTH
2026-04-21 18:16:07.050Z,2.5384,300,SYNTH
2026-04-21 18:16:08.774Z,2.5405,249,SYNTH
2026-04-21 18:16:09.833Z,2.5398,186,SYNTH
2026-04-21 18:16:10.787Z,2.5384,174,SYNTH
2026-04-21 18:16:11.730Z,2.5411,558,SYNTH
2026-04-21 18:16:12.263Z,2.5414,469,SYNTH
2026-04-21 18:16:13.507Z,2.5385,541,SYNTH
2026-04-21 18:16:14.557Z,2.5423,182,SYNTH
2026-04-21 18:16:15.254Z,2.5380,310,SYNTH
2026-04-21 18:16:16.649Z,2.5405,381,SYNTH
2026-04-21 18:16:17.122Z,2.5417,556,SYNTH
2026-04-21 18:16:18.276Z,2.5423,255,SYNTH
2026-04-21 18:16:19.327Z,2.5386,254,SYNTH
2026-04-21 18:16:20.394Z,2.5387,157,SYNTH
2026-04-21 18:16:21.186Z,2.5370,137,SYNTH
2026-04-21 18:16:22.673Z,2.5347,298,SYNTH
2026-04-21 18:16:23.208Z,2.5328,209,SYNTH
2026-04-21 18:16:24.448Z,2.5305,176,SYNTH
2026-04-21 18:16:25.638Z,2.5282,141,SYNTH
2026-04-21 18:16:26.834Z,2.5252,259,SYNTH
2026-04-21 18:16:27.613Z,2.5224,202,SYNTH
2026-04-21 18:16:28.842Z,2.5185,142,SYNTH
2026-04-21 18:16:29.095Z,2.5176,206,SYNTH
2026-04-21 18:16:30.161Z,2.5140,225,SYNTH
2026-04-21 18:16:31.071Z,2.5107,273,SYNTH
2026-04-21 18:16:32.342Z,2.5069,291,SYNTH
2026-04-21 18:16:33.686Z,2.5058,131,SYNTH
2026-04-21 18:16:34.629Z,2.5039,179,SYNTH
2026-04-21 18:16:35.102Z,2.5014,302,SYNTH
2026-04-21 18:16:36.628Z,2.4998,261,SYNTH
2026-04-21 18:16:37.552Z,2.4986,792,SYNTH
2026-04-21 18:16:38.722Z,2.5014,504,SYNTH
2026-04-21 18:16:39.231Z,2.4996,393,SYNTH
2026-04-21 18:16:40.843Z,2.5015,548,SYNTH
2026-04-21 18:16:41.641Z,2.5024,163,SYNTH
2026-04-21 18:16:42.390Z,2.5039,178,SYNTH
2026-04-21 18:16:43.473Z,2.5036,289,SYNTH
2026-04-21 18:16:44.545Z,2.5057,337,SYNTH
2026-04-21 18:16:45.347Z,2.5069,360,SYNTH
2026-04-21 18:16:46.459Z,2.5068,282,SYNTH
2026-04-21 18:16:47.336Z,2.5072,252,SYNTH
2026-04-21 18:16:48.056Z,2.5045,377,SYNTH
2026-04-21 18:16:49.657Z,2.5037,291,SYNTH
2026-04-21 18:16:50.896Z,2.5052,258,SYNTH
2026-04-21 18:16:51.220Z,2.5023,204,SYNTH
2026-04-21 18:16:52.654Z,2.5033,284,SYNTH
2026-04-21 18:16:53.051Z,2.5018,378,SYNTH
2026-04-21 18:16:54.554Z,2.4995,233,SYNTH
2026-04-21 18:16:55.028Z,2.5018,442,SYNTH
2026-04-21 18:16:56.091Z,2.5000,218,SYNTH
2026-04-21 18:16:57.180Z,2.4999,387,SYNTH
2026-04-21 18:16:58.045Z,2.4994,474,SYNTH
2026-04-21 18:16:59.664Z,2.5003,386,SYNTH
2026-04-21 18:17:00.251Z,2.5118,211,SYNTH
2026-04-21 18:17:01.673Z,2.5080,219,SYNTH
2026-04-21 18:17:02.632Z,2.5111,149,SYNTH
2026-04-21 18:17:03.614Z,2.5081,154,SYNTH
2026-04-21 18:17:04.836Z,2.5114,131,SYNTH
2026-04-21 18:17:05.798Z,2.5088,210,SYNTH
2026-04-21 18:17:06.856Z,2.5102,169,SYNTH
2026-04-21 18:17:07.169Z,2.5105,102,SYNTH
2026-04-21 18:17:08.795Z,2.5088,171,SYNTH
2026-04-21 18:17:09.185Z,2.5107,218,SYNTH
2026-04-21 18:17:10.620Z,2.5077,108,SYNTH
2026-04-21 18:17:11.255Z,2.5100,372,SYNTH
2026-04-21 18:17:12.223Z,2.5110,286,SYNTH
2026-04-21 18:17:13.750Z,2.5096,441,SYNTH
2026-04-21 18:17:14.264Z,2.5116,151,SYNTH
2026-04-21 18:17:15.870Z,2.5080,82,SYNTH
2026-04-21 18:17:16.729Z,2.5085,260,SYNTH
2026-04-21 18:17:17.397Z,2.5122,328,SYNTH
2026-04-21 18:17:18.531Z,2.5080,258,SYNTH
2026-04-21 18:17:19.346Z,2.5083,141,SYNTH
2026-04-21 18:17:20.714Z,2.5118,137,SYNTH
2026-04-21 18:17:21.887Z,2.5088,149,SYNTH
2026-04-21 18:17:22.562Z,2.5076,122,SYNTH
2026-04-21 18:17:23.625Z,2.5069,167,SYNTH
2026-04-21 18:17:24.223Z,2.5101,80,SYNTH
2026-04-21 18:17:25.330Z,2.5064,103,SYNTH
2026-04-21 18:17:26.182Z,2.5044,102,SYNTH
2026-04-21 18:17:27.648Z,2.5048,101,SYNTH
2026-04-21 18:17:28.793Z,2.5039,142,SYNTH
2026-04-21 18:17:29.437Z,2.5037,103,SYNTH
2026-04-21 18:17:30.111Z,2.5028,138,SYNTH
2026-04-21 18:17:31.225Z,2.5018,98,SYNTH
2026-04-21 18:17:32.069Z,2.5015,132,SYNTH
2026-04-21 18:17:33.329Z,2.4999,139,SYNTH
2026-04-21 18:17:34.547Z,2.5007,161,SYNTH
2026-04-21 18:17:35.801Z,2.4986,110,SYNTH
2026-04-21 18:17:36.041Z,2.5017,174,SYNTH
2026-04-21 18:17:37.317Z,2.5025,425,SYNTH
2026-04-21 18:17:38.827Z,2.4977,289,SYNTH
2026-04-21 18:17:39.858Z,2.5008,258,SYNTH
2026-04-21 18:17:40.144Z,2.5010,355,SYNTH
2026-04-21 18:17:41.455Z,2.5028,117,SYNTH
2026-04-21 18:17:42.800Z,2.5025,123,SYNTH
2026-04-21 18:17:43.478Z,2.5018,126,SYNTH
2026-04-21 18:17:44.878Z,2.5002,106,SYNTH
2026-04-21 18:17:45.881Z,2.5030,222,SYNTH
2026-04-21 18:17:46.405Z,2.5034,297,SYNTH
2026-04-21 18:17:47.840Z,2.4998,159,SYNTH
2026-04-21 18:17:48.049Z,2.5007,114,SYNTH
2026-04-21 18:17:49.076Z,2.5017,103,SYNTH
2026-04-21 18:17:50.308Z,2.4990,137,SYNTH
2026-04-21 18:17:51.636Z,2.5002,135,SYNTH
2026-04-21 18:17:52.394Z,2.5026,149,SYNTH
2026-04-21 18:17:53.766Z,2.4996,193,SYNTH
2026-04-21 18:17:54.489Z,2.4992,98,SYNTH
2026-04-21 18:17:55.781Z,2.5020,247,SYNTH
2026-04-21 18:17:56.505Z,2.4980,188,SYNTH
2026-04-21 18:17:57.698Z,2.5015,105,SYNTH
2026-04-21 18:17:58.223Z,2.5013,256,SYNTH
2026-04-21 18:17:59.180Z,2.4992,127,SYNTH
2026-04-21 18:18:00.252Z,2.5001,2,SYNTH
2026-04-21 18:18:01.477Z,2.4988,3,SYNTH
2026-04-21 18:18:02.047Z,2.5002,4,SYNTH
2026-04-21 18:18:03.415Z,2.4988,4,SYNTH
2026-04-21 18:18:04.806Z,2.4990,3,SYNTH
2026-04-21 18:18:05.190Z,2.5004,4,SYNTH
2026-04-21 18:18:06.592Z,2.5004,2,SYNTH
2026-04-21 18:18:07.555Z,2.4991,3,SYNTH
2026-04-21 18:18:08.617Z,2.4988,4,SYNTH
2026-04-21 18:18:09.216Z,2.5007,3,SYNTH
2026-04-21 18:18:10.211Z,2.5005,3,SYNTH
2026-04-21 18:18:11.265Z,2.5012,4,SYNTH
2026-04-21 18:18:12.864Z,2.5023,9,SYNTH
2026-04-21 18:18:13.491Z,2.4975,8,SYNTH
2026-04-21 18:18:14.110Z,2.5009,3,SYNTH
2026-04-21 18:18:15.055Z,2.4992,2,SYNTH
2026-04-21 18:18:16.002Z,2.5013,3,SYNTH
2026-04-21 18:18:17.338Z,2.4989,4,SYNTH
2026-04-21 18:18:18.396Z,2.4980,4,SYNTH
2026-04-21 18:18:19.086Z,2.4989,3,SYNTH
2026-04-21 18:18:20.243Z,2.5001,2,SYNTH
2026-04-21 18:18:21.423Z,2.4995,2,SYNTH
2026-04-21 18:18:22.050Z,2.5007,3,SYNTH
2026-04-21 18:18:23.480Z,2.5020,2,SYNTH
2026-04-21 18:18:24.563Z,2.5007,1,SYNTH
2026-04-21 18:18:25.368Z,2.4987,1,SYNTH
2026-04-21 18:18:26.840Z,2.4988,3,SYNTH
2026-04-21 18:18:27.868Z,2.4984,2,SYNTH
2026-04-21 18:18:28.574Z,2.5014,3,SYNTH
2026-04-21 18:18:29.381Z,2.5007,3,SYNTH
2026-04-21 18:18:30.637Z,2.5019,3,SYNTH
2026-04-21 18:18:31.185Z,2.4992,1,SYNTH
2026-04-21 18:18:32.747Z,2.5013,3,SYNTH
2026-04-21 18:18:33.035Z,2.4995,2,SYNTH
2026-04-21 18:18:34.282Z,2.5004,1,SYNTH
2026-04-21 18:18:35.548Z,2.4985,2,SYNTH
2026-04-21 18:18:36.781Z,2.5020,3,SYNTH
2026-04-21 18:18:37.755Z,2.4987,7,SYNTH
2026-04-21 18:18:38.645Z,2.5001,7,SYNTH
2026-04-21 18:18:39.808Z,2.5019,8,SYNTH
2026-04-21 18:18:40.558Z,2.5015,7,SYNTH
2026-04-21 18:18:41.261Z,2.4993,3,SYNTH
2026-04-21 18:18:42.251Z,2.4984,2,SYNTH
2026-04-21 18:18:43.474Z,2.4992,3,SYNTH
2026-04-21 18:18:44.352Z,2.5001,3,SYNTH
2026-04-21 18:18:45.084Z,2.4977,4,SYNTH
2026-04-21 18:18:46.038Z,2.5019,4,SYNTH
2026-04-21 18:18:47.895Z,2.5012,3,SYNTH
2026-04-21 18:18:48.267Z,2.5022,3,SYNTH
2026-04-21 18:18:49.268Z,2.5000,3,SYNTH
2026-04-21 18:18:50.078Z,2.5016,4,SYNTH
2026-04-21 18:18:51.853Z,2.4990,3,SYNTH
2026-04-21 18:18:52.872Z,2.5021,4,SYNTH
2026-04-21 18:18:53.067Z,2.4996,4,SYNTH
2026-04-21 18:18:54.531Z,2.5021,2,SYNTH
2026-04-21 18:18:55.273Z,2.4994,3,SYNTH
2026-04-21 18:18:56.878Z,2.4999,2,SYNTH
2026-04-21 18:18:57.673Z,2.5018,3,SYNTH
2026-04-21 18:18:58.859Z,2.4994,4,SYNTH
2026-04-21 18:18:59.010Z,2.5003,4,SYNTH
2026-04-21 18:19:00.528Z,2.5013,231,SYNTH
2026-04-21 18:19:01.739Z,2.4993,315,SYNTH
2026-04-21 18:19:02.862Z,2.4986,234,SYNTH
2026-04-21 18:19:03.475Z,2.5009,221,SYNTH
2026-04-21 18:19:04.423Z,2.5012,165,SYNTH
2026-04-21 18:19:05.037Z,2.4998,166,SYNTH
2026-04-21 18:19:06.471Z,2.4990,170,SYNTH
2026-04-21 18:19:07.404Z,2.4985,274,SYNTH
2026-04-21 18:19:08.402Z,2.5019,257,SYNTH
2026-04-21 18:19:09.435Z,2.4998,131,SYNTH
2026-04-21 18:19:10.746Z,2.4979,122,SYNTH
2026-04-21 18:19:11.550Z,2.5004,320,SYNTH
2026-04-21 18:19:12.067Z,2.5016,321,SYNTH
2026-04-21 18:19:13.226Z,2.4983,340,SYNTH
2026-04-21 18:19:14.522Z,2.5013,124,SYNTH
2026-04-21 18:19:15.031Z,2.4985,232,SYNTH
2026-04-21 18:19:16.129Z,2.5012,308,SYNTH
2026-04-21 18:19:17.612Z,2.5017,353,SYNTH
2026-04-21 18:19:18.556Z,2.5008,379,SYNTH
2026-04-21 18:19:19.087Z,2.4975,315,SYNTH
2026-04-21 18:19:20.395Z,2.4975,167,SYNTH
2026-04-21 18:19:21.514Z,2.4958,212,SYNTH
2026-04-21 18:19:22.527Z,2.4927,187,SYNTH
2026-04-21 18:19:23.783Z,2.4920,191,SYNTH
2026-04-21 18:19:24.338Z,2.4875,173,SYNTH
2026-04-21 18:19:25.572Z,2.4851,107,SYNTH
2026-04-21 18:19:26.036Z,2.4810,137,SYNTH
2026-04-21 18:19:27.143Z,2.4766,91,SYNTH
2026-04-21 18:19:28.176Z,2.4744,170,SYNTH
2026-04-21 18:19:29.180Z,2.4717,97,SYNTH
2026-04-21 18:19:30.588Z,2.4662,193,SYNTH
2026-04-21 18:19:31.436Z,2.4640,92,SYNTH
2026-04-21 18:19:32.033Z,2.4599,143,SYNTH
2026-04-21 18:19:33.863Z,2.4582,126,SYNTH
2026-04-21 18:19:34.470Z,2.4554,137,SYNTH
2026-04-21 18:19:35.380Z,2.4513,157,SYNTH
2026-04-21 18:19:36.888Z,2.4508,208,SYNTH
2026-04-21 18:19:37.088Z,2.4501,228,SYNTH
2026-04-21 18:19:38.424Z,2.4492,507,SYNTH
2026-04-21 18:19:39.054Z,2.4523,536,SYNTH
2026-04-21 18:19:40.092Z,2.4511,544,SYNTH
2026-04-21 18:19:41.830Z,2.4528,203,SYNTH
2026-04-21 18:19:42.408Z,2.4538,191,SYNTH
2026-04-21 18:19:43.132Z,2.4559,114,SYNTH
2026-04-21 18:19:44.586Z,2.4581,106,SYNTH
2026-04-21 18:19:45.825Z,2.4579,345,SYNTH
2026-04-21 18:19:46.149Z,2.4569,213,SYNTH
2026-04-21 18:19:47.064Z,2.4587,342,SYNTH
2026-04-21 18:19:48.009Z,2.4562,236,SYNTH
2026-04-21 18:19:49.258Z,2.4560,202,SYNTH
2026-04-21 18:19:50.169Z,2.4555,244,SYNTH
2026-04-21 18:19:51.459Z,2.4547,241,SYNTH
2026-04-21 18:19:52.217Z,2.4541,190,SYNTH
2026-04-21 18:19:53.434Z,2.4521,129,SYNTH
2026-04-21 18:19:54.484Z,2.4521,207,SYNTH
2026-04-21 18:19:55.682Z,2.4511,185,SYNTH
2026-04-21 18:19:56.804Z,2.4506,199,SYNTH
2026-04-21 18:19:57.202Z,2.4490,183,SYNTH
2026-04-21 18:19:58.061Z,2.4515,129,SYNTH
2026-04-21 18:19:59.512Z,2.4481,176,SYNTH
2026-04-21 18:21:00.006Z,2.5015,36,SYNTH
2026-04-21 18:21:01.453Z,2.5019,15,SYNTH
2026-04-21 18:21:02.130Z,2.4985,34,SYNTH
2026-04-21 18:21:03.146Z,2.5000,30,SYNTH
2026-04-21 18:21:04.288Z,2.4987,27,SYNTH
2026-04-21 18:21:05.772Z,2.5014,28,SYNTH
2026-04-21 18:21:06.825Z,2.5022,24,SYNTH
2026-04-21 18:21:07.566Z,2.4993,16,SYNTH
2026-04-21 18:21:08.223Z,2.4983,14,SYNTH
2026-04-21 18:21:09.748Z,2.5003,29,SYNTH
2026-04-21 18:21:10.237Z,2.5007,13,SYNTH
2026-04-21 18:21:11.574Z,2.5011,61,SYNTH
2026-04-21 18:21:12.183Z,2.4994,58,SYNTH
2026-04-21 18:21:13.618Z,2.5006,53,SYNTH
2026-04-21 18:21:14.423Z,2.5007,16,SYNTH
2026-04-21 18:21:15.731Z,2.4994,25,SYNTH
2026-04-21 18:21:16.235Z,2.5011,35,SYNTH
2026-04-21 18:21:17.574Z,2.5016,26,SYNTH
2026-04-21 18:21:18.269Z,2.4991,22,SYNTH
2026-04-21 18:21:19.785Z,2.4979,44,SYNTH
2026-04-21 18:21:20.501Z,2.5004,22,SYNTH
2026-04-21 18:21:21.242Z,2.4988,13,SYNTH
2026-04-21 18:21:22.693Z,2.5000,15,SYNTH
2026-04-21 18:21:23.646Z,2.5018,23,SYNTH
2026-04-21 18:21:24.459Z,2.5020,20,SYNTH
2026-04-21 18:21:25.332Z,2.4989,21,SYNTH
2026-04-21 18:21:26.445Z,2.5014,21,SYNTH
2026-04-21 18:21:27.009Z,2.5010,18,SYNTH
2026-04-21 18:21:28.809Z,2.4997,23,SYNTH
2026-04-21 18:21:29.236Z,2.5010,13,SYNTH
2026-04-21 18:21:30.393Z,2.4975,14,SYNTH
2026-04-21 18:21:31.594Z,2.5020,13,SYNTH
2026-04-21 18:21:32.396Z,2.4994,18,SYNTH
2026-04-21 18:21:33.450Z,2.5001,20,SYNTH
2026-04-21 18:21:34.589Z,2.5004,12,SYNTH
2026-04-21 18:21:35.123Z,2.4987,10,SYNTH
2026-04-21 18:21:36.394Z,2.5006,11,SYNTH
2026-04-21 18:21:37.806Z,2.4990,37,SYNTH
2026-04-21 18:21:38.048Z,2.5017,57,SYNTH
2026-04-21 18:21:39.168Z,2.5008,46,SYNTH
2026-04-21 18:21:40.596Z,2.5012,28,SYNTH
2026-04-21 18:21:41.564Z,2.4977,13,SYNTH
2026-04-21 18:21:42.109Z,2.5012,19,SYNTH
2026-04-21 18:21:43.071Z,2.5010,22,SYNTH
2026-04-21 18:21:44.740Z,2.5003,20,SYNTH
2026-04-21 18:21:45.083Z,2.4996,33,SYNTH
2026-04-21 18:21:46.334Z,2.4979,22,SYNTH
2026-04-21 18:21:47.551Z,2.5005,30,SYNTH
2026-04-21 18:21:48.585Z,2.5002,13,SYNTH
2026-04-21 18:21:49.224Z,2.5016,24,SYNTH
2026-04-21 18:21:50.768Z,2.4977,23,SYNTH
2026-04-21 18:21:51.028Z,2.4980,28,SYNTH
2026-04-21 18:21:52.847Z,2.4998,16,SYNTH
2026-04-21 18:21:53.841Z,2.5021,32,SYNTH
2026-04-21 18:21:54.865Z,2.4988,21,SYNTH
2026-04-21 18:21:55.454Z,2.4993,30,SYNTH
2026-04-21 18:21:56.066Z,2.5002,30,SYNTH
2026-04-21 18:21:57.105Z,2.5014,19,SYNTH
2026-04-21 18:21:58.197Z,2.5002,25,SYNTH
2026-04-21 18:21:59.560Z,2.4994,21,SYNTH
2026-04-21 18:23:00.164Z,2.4815,6,SYNTH
2026-04-21 18:23:01.232Z,2.4806,5,SYNTH
2026-04-21 18:23:02.485Z,2.4787,6,SYNTH
2026-04-21 18:23:03.223Z,2.4816,6,SYNTH
2026-04-21 18:23:04.764Z,2.4794,6,SYNTH
2026-04-21 18:23:05.409Z,2.4816,4,SYNTH
2026-04-21 18:23:06.121Z,2.4792,5,SYNTH
2026-04-21 18:23:07.386Z,2.4810,5,SYNTH
2026-04-21 18:23:08.347Z,2.4781,5,SYNTH
2026-04-21 18:23:09.770Z,2.4819,6,SYNTH
2026-04-21 18:23:10.663Z,2.4786,4,SYNTH
2026-04-21 18:23:11.183Z,2.4782,8,SYNTH
2026-04-21 18:23:12.140Z,2.4780,10,SYNTH
2026-04-21 18:23:13.688Z,2.4804,13,SYNTH
2026-04-21 18:23:14.517Z,2.4804,5,SYNTH
2026-04-21 18:23:15.598Z,2.4789,5,SYNTH
2026-04-21 18:23:16.866Z,2.4806,5,SYNTH
2026-04-21 18:23:17.749Z,2.4814,4,SYNTH
2026-04-21 18:23:18.064Z,2.4792,5,SYNTH
2026-04-21 18:23:19.385Z,2.4815,4,SYNTH
2026-04-21 18:23:20.293Z,2.4785,3,SYNTH
2026-04-21 18:23:21.363Z,2.4779,3,SYNTH
2026-04-21 18:23:22.209Z,2.4818,3,SYNTH
2026-04-21 18:23:23.214Z,2.4806,4,SYNTH
2026-04-21 18:23:24.264Z,2.4813,2,SYNTH
2026-04-21 18:23:25.221Z,2.4788,5,SYNTH
2026-04-21 18:23:26.632Z,2.4808,3,SYNTH
2026-04-21 18:23:27.500Z,2.4805,4,SYNTH
2026-04-21 18:23:28.661Z,2.4795,4,SYNTH
2026-04-21 18:23:29.185Z,2.4801,2,SYNTH
2026-04-21 18:23:30.293Z,2.4804,3,SYNTH
2026-04-21 18:23:31.341Z,2.4817,3,SYNTH
2026-04-21 18:23:32.466Z,2.4816,3,SYNTH
2026-04-21 18:23:33.201Z,2.4778,4,SYNTH
2026-04-21 18:23:34.657Z,2.4801,4,SYNTH
2026-04-21 18:23:35.367Z,2.4813,4,SYNTH
2026-04-21 18:23:36.724Z,2.4805,5,SYNTH
2026-04-21 18:23:37.172Z,2.4788,11,SYNTH
2026-04-21 18:23:38.278Z,2.4817,11,SYNTH
2026-04-21 18:23:39.239Z,2.4784,8,SYNTH
2026-04-21 18:23:40.864Z,2.4800,12,SYNTH
2026-04-21 18:23:41.780Z,2.4803,3,SYNTH
2026-04-21 18:23:42.845Z,2.4804,3,SYNTH
2026-04-21 18:23:43.583Z,2.4774,4,SYNTH
