TimestampUtc,Bid,Ask,BidSize,AskSize,SpreadBps
2026-03-09 13:31:00.890Z,1.4242,1.4358,138,167,81.1
2026-03-09 13:31:01.758Z,1.4255,1.4345,170,134,62.9
2026-03-09 13:31:02.388Z,1.4262,1.4344,161,164,57.3
2026-03-09 13:31:03.641Z,1.4238,1.4360,125,250,85.3
2026-03-09 13:31:04.164Z,1.4246,1.4352,164,168,74.1
2026-03-09 13:31:05.754Z,1.4247,1.4349,100,130,71.3
2026-03-09 13:31:06.715Z,1.4254,1.4340,133,188,60.2
2026-03-09 13:31:07.852Z,1.4243,1.4357,157,100,79.7
2026-03-09 13:31:08.665Z,1.4242,1.4350,154,230,75.5
2026-03-09 13:31:09.481Z,1.4258,1.4340,120,100,57.3
2026-03-09 13:31:10.269Z,1.4238,1.4356,100,131,82.5
2026-03-09 13:31:11.327Z,1.4247,1.4349,409,207,71.3
2026-03-09 13:31:12.252Z,1.4252,1.4346,397,150,65.7
2026-03-09 13:31:13.241Z,1.4254,1.4340,199,383,60.2
2026-03-09 13:31:14.827Z,1.4256,1.4342,174,100,60.1
2026-03-09 13:31:15.471Z,1.4248,1.4358,216,100,76.9
2026-03-09 13:31:16.715Z,1.4253,1.4345,149,247,64.3
2026-03-09 13:31:17.769Z,1.4246,1.4358,305,173,78.3
2026-03-09 13:31:18.347Z,1.4242,1.4358,100,177,81.1
2026-03-09 13:31:19.379Z,1.4235,1.4351,198,311,81.2
2026-03-09 13:31:20.369Z,1.4234,1.4328,100,229,65.8
2026-03-09 13:31:21.175Z,1.4212,1.4304,100,133,64.5
2026-03-09 13:31:22.592Z,1.4177,1.4297,109,177,84.3
2026-03-09 13:31:23.003Z,1.4150,1.4262,100,102,78.8
2026-03-09 13:31:24.474Z,1.4117,1.4225,100,137,76.2
2026-03-09 13:31:25.056Z,1.4061,1.4201,100,100,99.1
2026-03-09 13:31:26.629Z,1.4048,1.4144,100,100,68.1
2026-03-09 13:31:27.529Z,1.3988,1.4120,100,180,93.9
2026-03-09 13:31:28.711Z,1.3964,1.4066,100,198,72.8
2026-03-09 13:31:29.601Z,1.3918,1.4022,100,150,74.4
2026-03-09 13:31:30.002Z,1.3867,1.3991,100,100,89.0
2026-03-09 13:31:31.088Z,1.3844,1.3944,100,111,72.0
2026-03-09 13:31:32.242Z,1.3791,1.3917,100,100,90.9
2026-03-09 13:31:33.546Z,1.3765,1.3869,100,100,75.3
2026-03-09 13:31:34.240Z,1.3733,1.3841,100,134,78.3
2026-03-09 13:31:35.339Z,1.3720,1.3812,100,159,66.8
2026-03-09 13:31:36.840Z,1.3693,1.3791,100,127,71.3
2026-03-09 13:31:37.111Z,1.3671,1.3783,135,172,81.6
2026-03-09 13:31:38.426Z,1.3680,1.3766,189,335,62.7
2026-03-09 13:31:39.147Z,1.3668,1.3780,279,105,81.6
2026-03-09 13:31:40.415Z,1.3679,1.3797,313,299,85.9
2026-03-09 13:31:41.571Z,1.3700,1.3836,100,100,98.8
2026-03-09 13:31:42.895Z,1.3737,1.3857,161,100,87.0
2026-03-09 13:31:43.084Z,1.3755,1.3889,116,100,96.9
2026-03-09 13:31:44.003Z,1.3787,1.3913,151,125,91.0
2026-03-09 13:31:45.149Z,1.3817,1.3921,388,213,75.0
2026-03-09 13:31:46.536Z,1.3826,1.3926,257,126,72.1
2026-03-09 13:31:47.165Z,1.3820,1.3942,306,113,87.9
2026-03-09 13:31:48.145Z,1.3844,1.3952,187,100,77.7
2026-03-09 13:31:49.758Z,1.3872,1.3968,101,120,69.0
2026-03-09 13:31:50.160Z,1.3902,1.3994,136,128,66.0
2026-03-09 13:31:51.647Z,1.3926,1.4038,117,100,80.1
2026-03-09 13:31:52.225Z,1.3972,1.4072,114,100,71.3
2026-03-09 13:31:53.525Z,1.4004,1.4114,141,100,78.2
2026-03-09 13:31:54.085Z,1.4043,1.4141,182,152,69.5
2026-03-09 13:31:55.453Z,1.4063,1.4197,122,100,94.8
2026-03-09 13:31:56.889Z,1.4104,1.4212,137,100,76.3
2026-03-09 13:31:57.511Z,1.4131,1.4227,125,100,67.7
2026-03-09 13:31:58.723Z,1.4135,1.4247,199,100,78.9
2026-03-09 13:31:59.052Z,1.4155,1.4245,297,174,63.4
2026-03-09 13:32:00.254Z,1.4647,1.4753,100,100,72.1
2026-03-09 13:32:01.344Z,1.4643,1.4751,100,100,73.5
2026-03-09 13:32:02.867Z,1.4657,1.4741,100,100,57.1
2026-03-09 13:32:03.112Z,1.4648,1.4746,100,100,66.7
2026-03-09 13:32:04.544Z,1.4640,1.4760,100,100,81.6
2026-03-09 13:32:05.088Z,1.4657,1.4739,100,100,55.8
2026-03-09 13:32:06.556Z,1.4653,1.4749,100,100,65.3
2026-03-09 13:32:07.372Z,1.4653,1.4741,100,100,59.9
2026-03-09 13:32:08.889Z,1.4658,1.4748,100,100,61.2
2026-03-09 13:32:09.796Z,1.4637,1.4757,100,100,81.6
2026-03-09 13:32:10.521Z,1.4650,1.4748,100,100,66.7
2026-03-09 13:32:11.310Z,1.4645,1.4753,100,100,73.5
2026-03-09 13:32:12.310Z,1.4658,1.4738,100,100,54.4
2026-03-09 13:32:13.520Z,1.4659,1.4747,100,100,59.9
2026-03-09 13:32:14.859Z,1.4650,1.4744,100,100,64.0
2026-03-09 13:32:15.374Z,1.4639,1.4755,100,100,78.9
2026-03-09 13:32:16.164Z,1.4650,1.4744,100,100,64.0
2026-03-09 13:32:17.176Z,1.4650,1.4754,100,100,70.7
2026-03-09 13:32:18.664Z,1.4658,1.4740,100,100,55.8
2026-03-09 13:32:19.886Z,1.4654,1.4752,100,100,66.7
2026-03-09 13:32:20.667Z,1.4646,1.4750,100,100,70.8
2026-03-09 13:32:21.283Z,1.4654,1.4744,100,100,61.2
2026-03-09 13:32:22.417Z,1.4657,1.4749,100,100,62.6
2026-03-09 13:32:23.877Z,1.4658,1.4742,100,100,57.1
2026-03-09 13:32:24.019Z,1.4645,1.4753,100,100,73.5
2026-03-09 13:32:25.850Z,1.4645,1.4753,100,100,73.5
2026-03-09 13:32:26.031Z,1.4650,1.4754,100,100,70.7
2026-03-09 13:32:27.559Z,1.4651,1.4743,100,100,62.6
2026-03-09 13:32:28.878Z,1.4640,1.4758,100,100,80.3
2026-03-09 13:32:29.418Z,1.4649,1.4745,100,100,65.3
2026-03-09 13:32:30.842Z,1.4658,1.4744,100,100,58.5
2026-03-09 13:32:31.064Z,1.4649,1.4757,100,100,73.5
2026-03-09 13:32:32.559Z,1.4638,1.4758,100,100,81.6
2026-03-09 13:32:33.815Z,1.4658,1.4744,100,100,58.5
2026-03-09 13:32:34.665Z,1.4656,1.4746,100,100,61.2
2026-03-09 13:32:35.107Z,1.4638,1.4754,100,100,78.9
2026-03-09 13:32:36.500Z,1.4657,1.4749,100,100,62.6
2026-03-09 13:32:37.842Z,1.4653,1.4741,100,100,59.9
2026-03-09 13:32:38.854Z,1.4649,1.4743,100,100,64.0
2026-03-09 13:32:39.041Z,1.4654,1.4752,100,100,66.7
2026-03-09 13:32:40.314Z,1.4653,1.4751,100,100,66.7
2026-03-09 13:32:41.630Z,1.4645,1.4755,100,100,74.8
2026-03-09 13:32:42.207Z,1.4645,1.4749,100,100,70.8
2026-03-09 13:32:43.339Z,1.4646,1.4758,100,100,76.2
2026-03-09 13:32:44.693Z,1.4657,1.4741,100,100,57.1
2026-03-09 13:32:45.364Z,1.4644,1.4754,100,100,74.8
2026-03-09 13:32:46.661Z,1.4646,1.4760,100,100,77.5
2026-03-09 13:32:47.121Z,1.4654,1.4744,100,100,61.2
2026-03-09 13:32:48.208Z,1.4653,1.4739,100,100,58.5
2026-03-09 13:32:49.356Z,1.4640,1.4754,100,100,77.6
2026-03-09 13:32:50.263Z,1.4641,1.4761,100,100,81.6
2026-03-09 13:32:51.265Z,1.4658,1.4748,100,100,61.2
2026-03-09 13:32:52.858Z,1.4652,1.4752,100,100,68.0
2026-03-09 13:32:53.382Z,1.4650,1.4752,100,100,69.4
2026-03-09 13:32:54.155Z,1.4647,1.4749,100,100,69.4
2026-03-09 13:32:55.602Z,1.4640,1.4758,100,100,80.3
2026-03-09 13:32:56.514Z,1.4652,1.4742,100,100,61.2
2026-03-09 13:32:57.715Z,1.4648,1.4758,100,100,74.8
2026-03-09 13:32:58.802Z,1.4643,1.4761,100,100,80.3
2026-03-09 13:32:59.657Z,1.4648,1.4752,100,100,70.7
2026-03-09 13:33:00.362Z,1.4516,1.4630,100,100,78.2
2026-03-09 13:33:01.363Z,1.4515,1.4625,100,100,75.5
2026-03-09 13:33:02.412Z,1.4523,1.4621,100,100,67.3
2026-03-09 13:33:03.439Z,1.4526,1.4624,100,100,67.2
2026-03-09 13:33:04.104Z,1.4519,1.4623,100,100,71.4
2026-03-09 13:33:05.508Z,1.4519,1.4627,100,100,74.1
2026-03-09 13:33:06.765Z,1.4532,1.4620,100,100,60.4
2026-03-09 13:33:07.875Z,1.4532,1.4614,100,100,56.3
2026-03-09 13:33:08.706Z,1.4518,1.4626,100,100,74.1
2026-03-09 13:33:09.875Z,1.4529,1.4611,100,100,56.3
2026-03-09 13:33:10.729Z,1.4524,1.4628,100,100,71.4
2026-03-09 13:33:11.756Z,1.4526,1.4626,100,100,68.6
2026-03-09 13:33:12.668Z,1.4531,1.4613,100,100,56.3
2026-03-09 13:33:13.242Z,1.4524,1.4626,100,100,70.0
2026-03-09 13:33:14.427Z,1.4519,1.4625,100,100,72.7
2026-03-09 13:33:15.393Z,1.4522,1.4624,100,100,70.0
2026-03-09 13:33:16.474Z,1.4524,1.4628,100,100,71.4
2026-03-09 13:33:17.315Z,1.4510,1.4632,100,100,83.7
2026-03-09 13:33:18.404Z,1.4521,1.4629,100,100,74.1
2026-03-09 13:33:19.685Z,1.4528,1.4624,100,100,65.9
2026-03-09 13:33:20.405Z,1.4525,1.4625,100,100,68.6
2026-03-09 13:33:21.181Z,1.4524,1.4618,100,100,64.5
2026-03-09 13:33:22.291Z,1.4522,1.4618,100,100,65.9
2026-03-09 13:33:23.155Z,1.4522,1.4620,100,100,67.3
2026-03-09 13:33:24.243Z,1.4523,1.4629,100,100,72.7
2026-03-09 13:33:25.755Z,1.4526,1.4626,100,100,68.6
2026-03-09 13:33:26.037Z,1.4528,1.4616,100,100,60.4
2026-03-09 13:33:27.023Z,1.4530,1.4620,100,100,61.7
2026-03-09 13:33:28.040Z,1.4524,1.4616,100,100,63.1
2026-03-09 13:33:29.067Z,1.4531,1.4615,100,100,57.6
2026-03-09 13:33:30.292Z,1.4513,1.4627,100,100,78.2
2026-03-09 13:33:31.793Z,1.4524,1.4620,100,100,65.9
2026-03-09 13:33:32.615Z,1.4523,1.4631,100,100,74.1
2026-03-09 13:33:33.151Z,1.4522,1.4628,100,100,72.7
2026-03-09 13:33:34.867Z,1.4525,1.4623,100,100,67.2
2026-03-09 13:33:35.044Z,1.4516,1.4624,100,100,74.1
2026-03-09 13:33:36.708Z,1.4531,1.4617,100,100,59.0
2026-03-09 13:33:37.207Z,1.4521,1.4619,100,100,67.3
2026-03-09 13:33:38.588Z,1.4525,1.4621,100,100,65.9
2026-03-09 13:33:39.359Z,1.4511,1.4631,100,100,82.4
2026-03-09 13:33:40.388Z,1.4518,1.4632,100,100,78.2
2026-03-09 13:33:41.804Z,1.4517,1.4633,100,100,79.6
2026-03-09 13:33:42.227Z,1.4522,1.4622,100,100,68.6
2026-03-09 13:33:43.521Z,1.4524,1.4626,100,100,70.0
2026-03-09 13:33:44.670Z,1.4508,1.4630,100,100,83.7
2026-03-09 13:33:45.535Z,1.4513,1.4635,100,100,83.7
2026-03-09 13:33:46.091Z,1.4522,1.4624,100,100,70.0
2026-03-09 13:33:47.882Z,1.4517,1.4629,100,100,76.9
2026-03-09 13:33:48.292Z,1.4522,1.4622,100,100,68.6
2026-03-09 13:33:49.171Z,1.4533,1.4621,100,100,60.4
2026-03-09 13:33:50.778Z,1.4522,1.4622,100,100,68.6
2026-03-09 13:33:51.436Z,1.4520,1.4630,100,100,75.5
2026-03-09 13:33:52.845Z,1.4520,1.4622,100,100,70.0
2026-03-09 13:33:53.636Z,1.4522,1.4630,100,100,74.1
2026-03-09 13:33:54.696Z,1.4529,1.4611,100,100,56.3
2026-03-09 13:33:55.248Z,1.4513,1.4631,100,100,81.0
2026-03-09 13:33:56.387Z,1.4535,1.4617,100,100,56.3
2026-03-09 13:33:57.598Z,1.4519,1.4621,100,100,70.0
2026-03-09 13:33:58.230Z,1.4515,1.4635,100,100,82.3
2026-03-09 13:33:59.743Z,1.4530,1.4616,100,100,59.0
2026-03-09 13:36:00.768Z,1.4735,1.4839,100,100,70.3
2026-03-09 13:36:01.782Z,1.4741,1.4835,100,100,63.6
2026-03-09 13:36:02.342Z,1.4733,1.4845,100,100,75.7
2026-03-09 13:36:03.695Z,1.4736,1.4844,100,100,73.0
2026-03-09 13:36:04.359Z,1.4731,1.4849,100,100,79.8
2026-03-09 13:36:05.117Z,1.4749,1.4831,100,100,55.4
2026-03-09 13:36:06.526Z,1.4738,1.4838,100,100,67.6
2026-03-09 13:36:07.791Z,1.4734,1.4842,100,100,73.0
2026-03-09 13:36:08.708Z,1.4728,1.4846,100,100,79.8
2026-03-09 13:36:09.662Z,1.4741,1.4835,100,100,63.6
2026-03-09 13:36:10.163Z,1.4737,1.4843,100,100,71.7
2026-03-09 13:36:11.815Z,1.4736,1.4832,100,100,64.9
2026-03-09 13:36:12.735Z,1.4735,1.4843,100,100,73.0
2026-03-09 13:36:13.795Z,1.4732,1.4848,100,100,78.4
2026-03-09 13:36:14.083Z,1.4724,1.4846,100,100,82.5
2026-03-09 13:36:15.423Z,1.4742,1.4830,100,100,59.5
2026-03-09 13:36:16.702Z,1.4743,1.4833,100,100,60.9
2026-03-09 13:36:17.874Z,1.4727,1.4845,100,100,79.8
2026-03-09 13:36:18.477Z,1.4744,1.4826,100,100,55.5
2026-03-09 13:36:19.128Z,1.4733,1.4847,100,100,77.1
2026-03-09 13:36:20.780Z,1.4735,1.4837,100,100,69.0
2026-03-09 13:36:21.173Z,1.4747,1.4833,100,100,58.1
2026-03-09 13:36:22.648Z,1.4739,1.4829,100,100,60.9
2026-03-09 13:36:23.537Z,1.4744,1.4836,100,100,62.2
2026-03-09 13:36:24.866Z,1.4734,1.4844,100,100,74.4
2026-03-09 13:36:25.040Z,1.4744,1.4834,100,100,60.9
2026-03-09 13:36:26.607Z,1.4729,1.4839,100,100,74.4
2026-03-09 13:36:27.243Z,1.4745,1.4833,100,100,59.5
2026-03-09 13:36:28.778Z,1.4740,1.4828,100,100,59.5
2026-03-09 13:36:29.319Z,1.4729,1.4847,100,100,79.8
2026-03-09 13:36:30.834Z,1.4727,1.4841,100,100,77.1
2026-03-09 13:36:31.135Z,1.4732,1.4838,100,100,71.7
2026-03-09 13:36:32.855Z,1.4730,1.4844,100,100,77.1
2026-03-09 13:36:33.023Z,1.4746,1.4828,100,100,55.5
2026-03-09 13:36:34.399Z,1.4728,1.4840,100,100,75.8
2026-03-09 13:36:35.734Z,1.4745,1.4831,100,100,58.2
2026-03-09 13:36:36.132Z,1.4734,1.4836,100,100,69.0
2026-03-09 13:36:37.773Z,1.4727,1.4843,100,100,78.5
2026-03-09 13:36:38.571Z,1.4745,1.4833,100,100,59.5
2026-03-09 13:36:39.051Z,1.4743,1.4831,100,100,59.5
2026-03-09 13:36:40.255Z,1.4743,1.4825,100,100,55.5
2026-03-09 13:36:41.148Z,1.4739,1.4831,100,100,62.2
2026-03-09 13:36:42.021Z,1.4739,1.4835,100,100,64.9
2026-03-09 13:36:43.376Z,1.4745,1.4831,100,100,58.2
2026-03-09 13:36:44.129Z,1.4723,1.4845,100,100,82.5
2026-03-09 13:36:45.241Z,1.4734,1.4834,100,100,67.6
2026-03-09 13:36:46.596Z,1.4743,1.4825,100,100,55.5
2026-03-09 13:36:47.095Z,1.4728,1.4840,100,100,75.8
2026-03-09 13:36:48.522Z,1.4740,1.4836,100,100,64.9
2026-03-09 13:36:49.216Z,1.4742,1.4836,100,100,63.6
2026-03-09 13:36:50.828Z,1.4737,1.4839,100,100,69.0
2026-03-09 13:36:51.266Z,1.4743,1.4833,100,100,60.9
2026-03-09 13:36:52.576Z,1.4736,1.4838,100,100,69.0
2026-03-09 13:36:53.886Z,1.4745,1.4831,100,100,58.2
2026-03-09 13:36:54.549Z,1.4731,1.4843,100,100,75.7
2026-03-09 13:36:55.713Z,1.4735,1.4845,100,100,74.4
2026-03-09 13:36:56.845Z,1.4744,1.4830,100,100,58.2
2026-03-09 13:36:57.125Z,1.4743,1.4837,100,100,63.6
2026-03-09 13:36:58.768Z,1.4739,1.4829,100,100,60.9
2026-03-09 13:36:59.053Z,1.4733,1.4841,100,100,73.0
2026-03-09 13:38:00.030Z,1.4585,1.4691,100,100,72.4
2026-03-09 13:38:01.118Z,1.4593,1.4689,100,100,65.6
2026-03-09 13:38:02.215Z,1.4581,1.4693,100,100,76.5
2026-03-09 13:38:03.244Z,1.4580,1.4690,100,100,75.2
2026-03-09 13:38:04.330Z,1.4586,1.4686,100,100,68.3
2026-03-09 13:38:05.781Z,1.4594,1.4680,100,100,58.8
2026-03-09 13:38:06.572Z,1.4597,1.4685,100,100,60.1
2026-03-09 13:38:07.846Z,1.4588,1.4696,100,100,73.8
2026-03-09 13:38:08.255Z,1.4577,1.4699,100,100,83.3
2026-03-09 13:38:09.456Z,1.4584,1.4686,100,100,69.7
2026-03-09 13:38:10.193Z,1.4593,1.4681,100,100,60.1
2026-03-09 13:38:11.495Z,1.4585,1.4687,100,100,69.7
2026-03-09 13:38:12.000Z,1.4583,1.4697,100,100,77.9
2026-03-09 13:38:13.095Z,1.4594,1.4682,100,100,60.1
2026-03-09 13:38:14.526Z,1.4577,1.4691,100,100,77.9
2026-03-09 13:38:15.358Z,1.4585,1.4697,100,100,76.5
2026-03-09 13:38:16.337Z,1.4578,1.4698,100,100,82.0
2026-03-09 13:38:17.395Z,1.4581,1.4697,100,100,79.2
2026-03-09 13:38:18.350Z,1.4596,1.4682,100,100,58.7
2026-03-09 13:38:19.458Z,1.4575,1.4681,100,100,72.5
2026-03-09 13:38:20.316Z,1.4567,1.4667,100,100,68.4
2026-03-09 13:38:21.398Z,1.4555,1.4653,100,100,67.1
2026-03-09 13:38:22.753Z,1.4533,1.4623,100,100,61.7
2026-03-09 13:38:23.040Z,1.4489,1.4609,100,100,82.5
2026-03-09 13:38:24.194Z,1.4459,1.4571,100,100,77.2
2026-03-09 13:38:25.391Z,1.4432,1.4536,100,100,71.8
2026-03-09 13:38:26.809Z,1.4375,1.4513,100,100,95.5
2026-03-09 13:38:27.899Z,1.4352,1.4460,100,100,75.0
2026-03-09 13:38:28.116Z,1.4301,1.4433,100,100,91.9
2026-03-09 13:38:29.345Z,1.4272,1.4386,100,100,79.6
2026-03-09 13:38:30.818Z,1.4234,1.4348,100,100,79.8
2026-03-09 13:38:31.857Z,1.4196,1.4314,100,100,82.8
2026-03-09 13:38:32.156Z,1.4153,1.4287,100,100,94.2
2026-03-09 13:38:33.857Z,1.4141,1.4235,100,100,66.3
2026-03-09 13:38:34.682Z,1.4098,1.4224,100,100,89.0
2026-03-09 13:38:35.405Z,1.4088,1.4190,100,100,72.1
2026-03-09 13:38:36.046Z,1.4064,1.4172,100,100,76.5
2026-03-09 13:38:37.472Z,1.4054,1.4154,100,100,70.9
2026-03-09 13:38:38.430Z,1.4061,1.4145,100,100,59.6
2026-03-09 13:38:39.256Z,1.4043,1.4153,100,100,78.0
2026-03-09 13:38:40.306Z,1.4062,1.4148,100,100,61.0
2026-03-09 13:38:41.121Z,1.4066,1.4170,100,100,73.7
2026-03-09 13:38:42.583Z,1.4072,1.4188,100,100,82.1
2026-03-09 13:38:43.655Z,1.4081,1.4211,100,100,91.9
2026-03-09 13:38:44.568Z,1.4113,1.4203,100,100,63.6
2026-03-09 13:38:45.599Z,1.4110,1.4218,100,100,76.2
2026-03-09 13:38:46.690Z,1.4125,1.4217,100,100,64.9
2026-03-09 13:38:47.858Z,1.4110,1.4228,100,100,83.3
2026-03-09 13:38:48.095Z,1.4102,1.4218,100,100,81.9
2026-03-09 13:38:49.683Z,1.4117,1.4205,100,100,62.1
2026-03-09 13:38:50.262Z,1.4095,1.4205,100,100,77.7
2026-03-09 13:38:51.179Z,1.4098,1.4190,100,100,65.0
2026-03-09 13:38:52.471Z,1.4076,1.4196,100,100,84.9
2026-03-09 13:38:53.390Z,1.4071,1.4183,100,100,79.3
2026-03-09 13:38:54.734Z,1.4061,1.4183,100,100,86.4
2026-03-09 13:38:55.757Z,1.4059,1.4177,100,100,83.6
2026-03-09 13:38:56.442Z,1.4049,1.4167,100,100,83.6
2026-03-09 13:38:57.141Z,1.4060,1.4156,100,100,68.0
2026-03-09 13:38:58.664Z,1.4051,1.4145,100,100,66.7
2026-03-09 13:38:59.205Z,1.4055,1.4145,100,100,63.8
2026-03-09 13:40:00.467Z,1.3849,1.3951,100,100,73.4
2026-03-09 13:40:01.513Z,1.3830,1.3944,100,100,82.1
2026-03-09 13:40:02.298Z,1.3770,1.3908,100,100,99.7
2026-03-09 13:40:03.083Z,1.3714,1.3826,100,100,81.3
2026-03-09 13:40:04.501Z,1.3600,1.3770,100,100,124.2
2026-03-09 13:40:05.242Z,1.3522,1.3656,100,100,98.6
2026-03-09 13:40:06.374Z,1.3410,1.3566,100,100,115.7
2026-03-09 13:40:07.576Z,1.3315,1.3467,100,100,113.5
2026-03-09 13:40:08.027Z,1.3222,1.3366,100,100,108.3
2026-03-09 13:40:09.694Z,1.3128,1.3294,100,100,125.7
2026-03-09 13:40:10.340Z,1.3093,1.3209,100,100,88.2
2026-03-09 13:40:11.496Z,1.3057,1.3169,100,100,85.4
2026-03-09 13:40:12.272Z,1.3050,1.3146,100,100,73.3
2026-03-09 13:40:13.661Z,1.3070,1.3170,100,100,76.2
2026-03-09 13:40:14.472Z,1.3091,1.3213,100,100,92.8
2026-03-09 13:40:15.131Z,1.3131,1.3273,100,100,107.6
2026-03-09 13:40:16.313Z,1.3179,1.3305,100,100,95.2
2026-03-09 13:40:17.168Z,1.3214,1.3326,100,100,84.4
2026-03-09 13:40:18.242Z,1.3224,1.3322,100,100,73.8
2026-03-09 13:40:19.700Z,1.3235,1.3335,100,100,75.3
2026-03-09 13:40:20.468Z,1.3237,1.3365,100,100,96.2
2026-03-09 13:40:21.670Z,1.3270,1.3382,100,100,84.0
2026-03-09 13:40:22.626Z,1.3303,1.3405,100,100,76.4
2026-03-09 13:40:23.600Z,1.3339,1.3451,100,100,83.6
2026-03-09 13:40:24.270Z,1.3364,1.3508,100,100,107.2
2026-03-09 13:40:25.113Z,1.3415,1.3547,100,100,97.9
2026-03-09 13:40:26.699Z,1.3458,1.3608,100,100,110.8
2026-03-09 13:40:27.331Z,1.3530,1.3638,100,100,79.5
2026-03-09 13:40:28.620Z,1.3586,1.3688,100,100,74.8
2026-03-09 13:40:29.047Z,1.3614,1.3760,100,100,106.7
2026-03-09 13:40:30.399Z,1.3675,1.3801,100,100,91.7
2026-03-09 13:40:31.477Z,1.3732,1.3852,100,100,87.0
2026-03-09 13:40:32.027Z,1.3780,1.3892,100,100,80.9
2026-03-09 13:40:33.639Z,1.3812,1.3942,100,100,93.7
2026-03-09 13:40:34.469Z,1.3846,1.3988,100,100,102.0
2026-03-09 13:40:35.250Z,1.3892,1.4010,100,100,84.6
2026-03-09 13:40:36.183Z,1.3927,1.4015,100,100,63.0
2026-03-09 13:40:37.248Z,1.3932,1.4050,100,100,84.3
2026-03-09 13:40:38.000Z,1.3956,1.4048,100,100,65.7
2026-03-09 13:40:39.365Z,1.3943,1.4053,100,100,78.6
2026-03-09 13:40:40.322Z,1.3957,1.4045,100,100,62.9
2026-03-09 13:40:41.446Z,1.3946,1.4050,100,100,74.3
2026-03-09 13:40:42.027Z,1.3938,1.4052,100,100,81.5
2026-03-09 13:40:43.019Z,1.3938,1.4052,100,100,81.5
2026-03-09 13:40:44.045Z,1.3940,1.4046,100,100,75.8
2026-03-09 13:40:45.300Z,1.3944,1.4040,100,100,68.6
2026-03-09 13:40:46.538Z,1.3945,1.4029,100,100,60.1
2026-03-09 13:40:47.012Z,1.3935,1.4045,100,100,78.6
2026-03-09 13:40:48.648Z,1.3930,1.4048,100,100,84.4
2026-03-09 13:40:49.161Z,1.3933,1.4047,100,100,81.5
2026-03-09 13:40:50.502Z,1.3947,1.4045,100,100,70.0
2026-03-09 13:40:51.656Z,1.3940,1.4044,100,100,74.3
2026-03-09 13:40:52.103Z,1.3945,1.4041,100,100,68.6
2026-03-09 13:40:53.882Z,1.3938,1.4054,100,100,82.9
2026-03-09 13:40:54.274Z,1.3942,1.4056,100,100,81.4
2026-03-09 13:40:55.113Z,1.3949,1.4051,100,100,72.9
2026-03-09 13:40:56.436Z,1.3942,1.4062,100,100,85.7
2026-03-09 13:40:57.178Z,1.3955,1.4049,100,100,67.1
2026-03-09 13:40:58.407Z,1.3951,1.4055,100,100,74.3
2026-03-09 13:40:59.282Z,1.3942,1.4058,100,100,82.9
2026-03-09 13:41:00.520Z,1.4656,1.4744,100,100,59.9
2026-03-09 13:41:01.754Z,1.4648,1.4754,100,100,72.1
2026-03-09 13:41:02.859Z,1.4643,1.4743,100,100,68.1
2026-03-09 13:41:03.790Z,1.4625,1.4747,100,100,83.1
2026-03-09 13:41:04.151Z,1.4624,1.4726,100,100,69.5
2026-03-09 13:41:05.866Z,1.4603,1.4723,100,100,81.8
2026-03-09 13:41:06.254Z,1.4600,1.4704,100,100,71.0
2026-03-09 13:41:07.822Z,1.4571,1.4695,100,100,84.7
2026-03-09 13:41:08.567Z,1.4572,1.4672,100,100,68.4
2026-03-09 13:41:09.843Z,1.4570,1.4660,100,100,61.6
2026-03-09 13:41:10.727Z,1.4560,1.4648,100,100,60.3
2026-03-09 13:41:11.140Z,1.4546,1.4662,100,100,79.4
2026-03-09 13:41:12.889Z,1.4543,1.4659,100,100,79.4
2026-03-09 13:41:13.456Z,1.4553,1.4647,100,100,64.4
2026-03-09 13:41:14.027Z,1.4551,1.4661,100,100,75.3
2026-03-09 13:41:15.719Z,1.4557,1.4671,100,100,78.0
2026-03-09 13:41:16.699Z,1.4577,1.4663,100,100,58.8
2026-03-09 13:41:17.173Z,1.4570,1.4682,100,100,76.6
2026-03-09 13:41:18.018Z,1.4576,1.4678,100,100,69.7
2026-03-09 13:41:19.703Z,1.4574,1.4678,100,100,71.1
2026-03-09 13:41:20.560Z,1.4583,1.4677,100,100,64.3
2026-03-09 13:41:21.128Z,1.4574,1.4686,100,100,76.6
2026-03-09 13:41:22.387Z,1.4582,1.4686,100,100,71.1
2026-03-09 13:41:23.822Z,1.4588,1.4692,100,100,71.0
2026-03-09 13:41:24.690Z,1.4595,1.4695,100,100,68.3
2026-03-09 13:41:25.455Z,1.4603,1.4689,100,100,58.7
2026-03-09 13:41:26.180Z,1.4599,1.4703,100,100,71.0
2026-03-09 13:41:27.415Z,1.4597,1.4713,100,100,79.2
2026-03-09 13:41:28.349Z,1.4604,1.4718,100,100,77.8
2026-03-09 13:41:29.434Z,1.4609,1.4725,100,100,79.1
2026-03-09 13:41:30.223Z,1.4635,1.4719,100,100,57.2
2026-03-09 13:41:31.184Z,1.4636,1.4724,100,100,59.9
2026-03-09 13:41:32.887Z,1.4628,1.4744,100,100,79.0
2026-03-09 13:41:33.811Z,1.4630,1.4746,100,100,79.0
2026-03-09 13:41:34.079Z,1.4631,1.4751,100,100,81.7
2026-03-09 13:41:35.882Z,1.4649,1.4737,100,100,59.9
2026-03-09 13:41:36.628Z,1.4644,1.4746,100,100,69.4
2026-03-09 13:41:37.159Z,1.4655,1.4747,100,100,62.6
2026-03-09 13:41:38.284Z,1.4658,1.4742,100,100,57.1
2026-03-09 13:41:39.526Z,1.4661,1.4741,100,100,54.4
2026-03-09 13:41:40.564Z,1.4655,1.4749,100,100,63.9
2026-03-09 13:41:41.242Z,1.4644,1.4752,100,100,73.5
2026-03-09 13:41:42.045Z,1.4651,1.4747,100,100,65.3
2026-03-09 13:41:43.414Z,1.4645,1.4759,100,100,77.5
2026-03-09 13:41:44.594Z,1.4643,1.4755,100,100,76.2
2026-03-09 13:41:45.881Z,1.4647,1.4747,100,100,68.0
2026-03-09 13:41:46.871Z,1.4646,1.4758,100,100,76.2
2026-03-09 13:41:47.328Z,1.4649,1.4751,100,100,69.4
2026-03-09 13:41:48.460Z,1.4649,1.4747,100,100,66.7
2026-03-09 13:41:49.823Z,1.4652,1.4748,100,100,65.3
2026-03-09 13:41:50.704Z,1.4647,1.4759,100,100,76.2
2026-03-09 13:41:51.776Z,1.4648,1.4750,100,100,69.4
2026-03-09 13:41:52.713Z,1.4660,1.4742,100,100,55.8
2026-03-09 13:41:53.278Z,1.4656,1.4738,100,100,55.8
2026-03-09 13:41:54.846Z,1.4638,1.4758,100,100,81.6
2026-03-09 13:41:55.221Z,1.4647,1.4749,100,100,69.4
2026-03-09 13:41:56.560Z,1.4643,1.4757,100,100,77.6
2026-03-09 13:41:57.197Z,1.4649,1.4757,100,100,73.5
2026-03-09 13:41:58.775Z,1.4661,1.4745,100,100,57.1
2026-03-09 13:41:59.412Z,1.4648,1.4752,100,100,70.7
2026-03-09 13:43:00.055Z,1.3948,1.4052,100,100,74.3
2026-03-09 13:43:01.160Z,1.3953,1.4047,100,100,67.1
2026-03-09 13:43:02.146Z,1.3941,1.4053,100,100,80.0
2026-03-09 13:43:03.457Z,1.3957,1.4047,100,100,64.3
2026-03-09 13:43:04.142Z,1.3939,1.4059,100,100,85.7
2026-03-09 13:43:05.375Z,1.3955,1.4039,100,100,60.0
2026-03-09 13:43:06.465Z,1.3952,1.4042,100,100,64.3
2026-03-09 13:43:07.028Z,1.3944,1.4060,100,100,82.8
2026-03-09 13:43:08.587Z,1.3958,1.4040,100,100,58.6
2026-03-09 13:43:09.097Z,1.3958,1.4044,100,100,61.4
2026-03-09 13:43:10.187Z,1.3961,1.4043,100,100,58.6
2026-03-09 13:43:11.091Z,1.3946,1.4048,100,100,72.9
2026-03-09 13:43:12.070Z,1.3943,1.4063,100,100,85.7
2026-03-09 13:43:13.814Z,1.3956,1.4050,100,100,67.1
2026-03-09 13:43:14.627Z,1.3948,1.4050,100,100,72.9
2026-03-09 13:43:15.107Z,1.3961,1.4043,100,100,58.6
2026-03-09 13:43:16.255Z,1.3944,1.4056,100,100,80.0
2026-03-09 13:43:17.415Z,1.3958,1.4042,100,100,60.0
2026-03-09 13:43:18.495Z,1.3954,1.4048,100,100,67.1
2026-03-09 13:43:19.664Z,1.3950,1.4044,100,100,67.2
2026-03-09 13:43:20.691Z,1.3943,1.4053,100,100,78.6
2026-03-09 13:43:21.640Z,1.3954,1.4046,100,100,65.7
2026-03-09 13:43:22.051Z,1.3947,1.4053,100,100,75.7
2026-03-09 13:43:23.279Z,1.3953,1.4051,100,100,70.0
2026-03-09 13:43:24.708Z,1.3950,1.4054,100,100,74.3
2026-03-09 13:43:25.336Z,1.3955,1.4051,100,100,68.6
2026-03-09 13:43:26.736Z,1.3950,1.4050,100,100,71.4
2026-03-09 13:43:27.515Z,1.3953,1.4053,100,100,71.4
2026-03-09 13:43:28.165Z,1.3954,1.4048,100,100,67.1
2026-03-09 13:43:29.800Z,1.3944,1.4052,100,100,77.2
2026-03-09 13:43:30.263Z,1.3943,1.4055,100,100,80.0
2026-03-09 13:43:31.146Z,1.3947,1.4059,100,100,80.0
2026-03-09 13:43:32.300Z,1.3960,1.4042,100,100,58.6
2026-03-09 13:43:33.539Z,1.3957,1.4047,100,100,64.3
2026-03-09 13:43:34.746Z,1.3942,1.4056,100,100,81.4
2026-03-09 13:43:35.393Z,1.3937,1.4057,100,100,85.7
2026-03-09 13:43:36.641Z,1.3954,1.4052,100,100,70.0
2026-03-09 13:43:37.024Z,1.3944,1.4056,100,100,80.0
2026-03-09 13:43:38.761Z,1.3960,1.4044,100,100,60.0
2026-03-09 13:43:39.133Z,1.3954,1.4048,100,100,67.1
2026-03-09 13:43:40.568Z,1.3948,1.4058,100,100,78.6
2026-03-09 13:43:41.438Z,1.3941,1.4059,100,100,84.3
2026-03-09 13:43:42.161Z,1.3947,1.4053,100,100,75.7
2026-03-09 13:43:43.868Z,1.3943,1.4053,100,100,78.6
2026-03-09 13:43:44.778Z,1.3941,1.4055,100,100,81.4
2026-03-09 13:43:45.661Z,1.3949,1.4045,100,100,68.6
2026-03-09 13:43:46.072Z,1.3946,1.4052,100,100,75.7
2026-03-09 13:43:47.871Z,1.3944,1.4056,100,100,80.0
2026-03-09 13:43:48.119Z,1.3954,1.4040,100,100,61.4
2026-03-09 13:43:49.176Z,1.3950,1.4054,100,100,74.3
2026-03-09 13:43:50.367Z,1.3946,1.4060,100,100,81.4
2026-03-09 13:43:51.707Z,1.3957,1.4049,100,100,65.7
2026-03-09 13:43:52.078Z,1.3948,1.4046,100,100,70.0
2026-03-09 13:43:53.482Z,1.3946,1.4060,100,100,81.4
2026-03-09 13:43:54.176Z,1.3954,1.4050,100,100,68.6
2026-03-09 13:43:55.672Z,1.3959,1.4047,100,100,62.8
2026-03-09 13:43:56.189Z,1.3945,1.4049,100,100,74.3
2026-03-09 13:43:57.211Z,1.3957,1.4039,100,100,58.6
2026-03-09 13:43:58.621Z,1.3961,1.4045,100,100,60.0
2026-03-09 13:43:59.681Z,1.3956,1.4044,100,100,62.9
2026-03-09 13:45:00.203Z,1.3947,1.4053,100,100,75.7
2026-03-09 13:45:01.773Z,1.3940,1.4058,100,100,84.3
2026-03-09 13:45:02.157Z,1.3954,1.4042,100,100,62.9
2026-03-09 13:45:03.183Z,1.3949,1.4045,100,100,68.6
2026-03-09 13:45:04.136Z,1.3952,1.4046,100,100,67.1
2026-03-09 13:45:05.105Z,1.3959,1.4047,100,100,62.8
2026-03-09 13:45:06.658Z,1.3957,1.4049,100,100,65.7
2026-03-09 13:45:07.832Z,1.3947,1.4059,100,100,80.0
2026-03-09 13:45:08.655Z,1.3947,1.4055,100,100,77.1
2026-03-09 13:45:09.487Z,1.3955,1.4043,100,100,62.9
2026-03-09 13:45:10.412Z,1.3949,1.4047,100,100,70.0
2026-03-09 13:45:11.808Z,1.3961,1.4043,100,100,58.6
2026-03-09 13:45:12.645Z,1.3942,1.4058,100,100,82.9
2026-03-09 13:45:13.805Z,1.3958,1.4042,100,100,60.0
2026-03-09 13:45:14.371Z,1.3941,1.4061,100,100,85.7
2026-03-09 13:45:15.445Z,1.3948,1.4054,100,100,75.7
2026-03-09 13:45:16.851Z,1.3952,1.4054,100,100,72.8
2026-03-09 13:45:17.258Z,1.3952,1.4048,100,100,68.6
2026-03-09 13:45:18.821Z,1.3950,1.4050,100,100,71.4
2026-03-09 13:45:19.788Z,1.3947,1.4053,100,100,75.7
2026-03-09 13:45:20.389Z,1.3943,1.4057,100,100,81.4
2026-03-09 13:45:21.445Z,1.3942,1.4054,100,100,80.0
2026-03-09 13:45:22.213Z,1.3954,1.4052,100,100,70.0
2026-03-09 13:45:23.160Z,1.3943,1.4053,100,100,78.6
2026-03-09 13:45:24.487Z,1.3947,1.4057,100,100,78.6
2026-03-09 13:45:25.814Z,1.3938,1.4058,100,100,85.7
2026-03-09 13:45:26.777Z,1.3958,1.4046,100,100,62.8
2026-03-09 13:45:27.103Z,1.3961,1.4043,100,100,58.6
2026-03-09 13:45:28.441Z,1.3943,1.4057,100,100,81.4
2026-03-09 13:45:29.455Z,1.3948,1.4048,100,100,71.4
2026-03-09 13:45:30.168Z,1.3937,1.4057,100,100,85.7
2026-03-09 13:45:31.658Z,1.3952,1.4050,100,100,70.0
2026-03-09 13:45:32.480Z,1.3955,1.4045,100,100,64.3
2026-03-09 13:45:33.057Z,1.3948,1.4058,100,100,78.6
2026-03-09 13:45:34.111Z,1.3956,1.4038,100,100,58.6
2026-03-09 13:45:35.627Z,1.3955,1.4043,100,100,62.9
2026-03-09 13:45:36.388Z,1.3947,1.4059,100,100,80.0
2026-03-09 13:45:37.801Z,1.3957,1.4045,100,100,62.9
2026-03-09 13:45:38.662Z,1.3951,1.4055,100,100,74.3
2026-03-09 13:45:39.210Z,1.3945,1.4051,100,100,75.7
2026-03-09 13:45:40.726Z,1.3945,1.4053,100,100,77.1
2026-03-09 13:45:41.164Z,1.3951,1.4053,100,100,72.8
2026-03-09 13:45:42.495Z,1.3943,1.4059,100,100,82.9
2026-03-09 13:45:43.696Z,1.3947,1.4049,100,100,72.9
2026-03-09 13:45:44.814Z,1.3961,1.4043,100,100,58.6
2026-03-09 13:45:45.496Z,1.3957,1.4047,100,100,64.3
2026-03-09 13:45:46.111Z,1.3949,1.4055,100,100,75.7
2026-03-09 13:45:47.655Z,1.3955,1.4043,100,100,62.9
2026-03-09 13:45:48.323Z,1.3948,1.4046,100,100,70.0
2026-03-09 13:45:49.784Z,1.3955,1.4045,100,100,64.3
2026-03-09 13:45:50.645Z,1.3945,1.4049,100,100,74.3
2026-03-09 13:45:51.703Z,1.3943,1.4053,100,100,78.6
2026-03-09 13:45:52.829Z,1.3958,1.4040,100,100,58.6
2026-03-09 13:45:53.827Z,1.3958,1.4048,100,100,64.3
2026-03-09 13:45:54.527Z,1.3954,1.4050,100,100,68.6
2026-03-09 13:45:55.447Z,1.3957,1.4039,100,100,58.6
2026-03-09 13:45:56.300Z,1.3950,1.4048,100,100,70.0
2026-03-09 13:45:57.526Z,1.3950,1.4044,100,100,67.2
2026-03-09 13:45:58.874Z,1.3942,1.4054,100,100,80.0
2026-03-09 13:45:59.274Z,1.3955,1.4045,100,100,64.3
2026-03-09 13:52:00.724Z,1.4647,1.4733,100,100,58.5
2026-03-09 13:52:01.253Z,1.4629,1.4745,100,100,79.0
2026-03-09 13:52:02.723Z,1.4646,1.4732,100,100,58.5
2026-03-09 13:52:03.350Z,1.4629,1.4749,100,100,81.7
2026-03-09 13:52:04.794Z,1.4643,1.4743,100,100,68.1
2026-03-09 13:52:05.373Z,1.4643,1.4739,100,100,65.3
2026-03-09 13:52:06.439Z,1.4648,1.4736,100,100,59.9
2026-03-09 13:52:07.522Z,1.4628,1.4750,100,100,83.1
2026-03-09 13:52:08.436Z,1.4646,1.4738,100,100,62.6
2026-03-09 13:52:09.187Z,1.4643,1.4743,100,100,68.1
2026-03-09 13:52:10.560Z,1.4635,1.4739,100,100,70.8
2026-03-09 13:52:11.306Z,1.4649,1.4733,100,100,57.2
2026-03-09 13:52:12.821Z,1.4641,1.4747,100,100,72.1
2026-03-09 13:52:13.562Z,1.4635,1.4745,100,100,74.9
2026-03-09 13:52:14.358Z,1.4635,1.4749,100,100,77.6
2026-03-09 13:52:15.534Z,1.4636,1.4744,100,100,73.5
2026-03-09 13:52:16.839Z,1.4646,1.4728,100,100,55.8
2026-03-09 13:52:17.860Z,1.4640,1.4734,100,100,64.0
2026-03-09 13:52:18.458Z,1.4640,1.4742,100,100,69.4
2026-03-09 13:52:19.802Z,1.4640,1.4736,100,100,65.4
2026-03-09 13:52:20.476Z,1.4647,1.4735,100,100,59.9
2026-03-09 13:52:21.709Z,1.4633,1.4743,100,100,74.9
2026-03-09 13:52:22.583Z,1.4644,1.4730,100,100,58.6
2026-03-09 13:52:23.810Z,1.4631,1.4753,100,100,83.0
2026-03-09 13:52:24.225Z,1.4640,1.4738,100,100,66.7
2026-03-09 13:52:25.813Z,1.4643,1.4739,100,100,65.3
2026-03-09 13:52:26.223Z,1.4644,1.4730,100,100,58.6
2026-03-09 13:52:27.683Z,1.4637,1.4743,100,100,72.2
2026-03-09 13:52:28.235Z,1.4646,1.4730,100,100,57.2
2026-03-09 13:52:29.344Z,1.4637,1.4743,100,100,72.2
2026-03-09 13:52:30.811Z,1.4648,1.4730,100,100,55.8
2026-03-09 13:52:31.082Z,1.4641,1.4737,100,100,65.4
2026-03-09 13:52:32.372Z,1.4650,1.4736,100,100,58.5
2026-03-09 13:52:33.503Z,1.4633,1.4741,100,100,73.5
2026-03-09 13:52:34.260Z,1.4640,1.4736,100,100,65.4
2026-03-09 13:52:35.172Z,1.4648,1.4728,100,100,54.5
2026-03-09 13:52:36.253Z,1.4634,1.4744,100,100,74.9
2026-03-09 13:52:37.185Z,1.4632,1.4742,100,100,74.9
2026-03-09 13:52:38.345Z,1.4644,1.4740,100,100,65.3
2026-03-09 13:52:39.120Z,1.4636,1.4748,100,100,76.2
2026-03-09 13:52:40.698Z,1.4627,1.4747,100,100,81.7
2026-03-09 13:52:41.479Z,1.4641,1.4747,100,100,72.1
2026-03-09 13:52:42.059Z,1.4649,1.4733,100,100,57.2
2026-03-09 13:52:43.617Z,1.4645,1.4729,100,100,57.2
2026-03-09 13:52:44.754Z,1.4636,1.4748,100,100,76.2
2026-03-09 13:52:45.845Z,1.4637,1.4741,100,100,70.8
2026-03-09 13:52:46.362Z,1.4627,1.4747,100,100,81.7
2026-03-09 13:52:47.335Z,1.4636,1.4738,100,100,69.4
2026-03-09 13:52:48.597Z,1.4641,1.4741,100,100,68.1
2026-03-09 13:52:49.276Z,1.4650,1.4734,100,100,57.2
2026-03-09 13:52:50.076Z,1.4648,1.4730,100,100,55.8
2026-03-09 13:52:51.031Z,1.4646,1.4732,100,100,58.5
2026-03-09 13:52:52.868Z,1.4631,1.4747,100,100,79.0
2026-03-09 13:52:53.085Z,1.4640,1.4740,100,100,68.1
2026-03-09 13:52:54.129Z,1.4641,1.4739,100,100,66.7
2026-03-09 13:52:55.352Z,1.4652,1.4734,100,100,55.8
2026-03-09 13:52:56.784Z,1.4637,1.4749,100,100,76.2
2026-03-09 13:52:57.352Z,1.4635,1.4745,100,100,74.9
2026-03-09 13:52:58.214Z,1.4641,1.4745,100,100,70.8
2026-03-09 13:52:59.673Z,1.4638,1.4742,100,100,70.8
2026-03-09 13:54:00.811Z,1.4659,1.4741,100,100,55.8
2026-03-09 13:54:01.038Z,1.4658,1.4748,100,100,61.2
2026-03-09 13:54:02.343Z,1.4661,1.4745,100,100,57.1
2026-03-09 13:54:03.377Z,1.4641,1.4761,100,100,81.6
2026-03-09 13:54:04.679Z,1.4647,1.4753,100,100,72.1
2026-03-09 13:54:05.661Z,1.4643,1.4757,100,100,77.6
2026-03-09 13:54:06.668Z,1.4656,1.4740,100,100,57.2
2026-03-09 13:54:07.269Z,1.4641,1.4757,100,100,78.9
2026-03-09 13:54:08.392Z,1.4645,1.4747,100,100,69.4
2026-03-09 13:54:09.397Z,1.4658,1.4738,100,100,54.4
2026-03-09 13:54:10.054Z,1.4652,1.4756,100,100,70.7
2026-03-09 13:54:11.241Z,1.4642,1.4758,100,100,78.9
2026-03-09 13:54:12.185Z,1.4654,1.4746,100,100,62.6
2026-03-09 13:54:13.266Z,1.4647,1.4749,100,100,69.4
2026-03-09 13:54:14.482Z,1.4643,1.4757,100,100,77.6
2026-03-09 13:54:15.206Z,1.4644,1.4758,100,100,77.5
2026-03-09 13:54:16.658Z,1.4658,1.4742,100,100,57.1
2026-03-09 13:54:17.203Z,1.4646,1.4750,100,100,70.8
2026-03-09 13:54:18.397Z,1.4656,1.4742,100,100,58.5
2026-03-09 13:54:19.105Z,1.4643,1.4751,100,100,73.5
2026-03-09 13:54:20.816Z,1.4654,1.4744,100,100,61.2
2026-03-09 13:54:21.205Z,1.4646,1.4748,100,100,69.4
2026-03-09 13:54:22.375Z,1.4652,1.4742,100,100,61.2
2026-03-09 13:54:23.096Z,1.4656,1.4746,100,100,61.2
2026-03-09 13:54:24.646Z,1.4652,1.4750,100,100,66.7
2026-03-09 13:54:25.350Z,1.4650,1.4752,100,100,69.4
2026-03-09 13:54:26.485Z,1.4652,1.4750,100,100,66.7
2026-03-09 13:54:27.444Z,1.4650,1.4744,100,100,64.0
2026-03-09 13:54:28.638Z,1.4653,1.4753,100,100,68.0
2026-03-09 13:54:29.175Z,1.4653,1.4741,100,100,59.9
2026-03-09 13:54:30.840Z,1.4640,1.4762,100,100,83.0
2026-03-09 13:54:31.417Z,1.4661,1.4745,100,100,57.1
2026-03-09 13:54:32.610Z,1.4650,1.4750,100,100,68.0
2026-03-09 13:54:33.868Z,1.4643,1.4761,100,100,80.3
2026-03-09 13:54:34.702Z,1.4652,1.4742,100,100,61.2
2026-03-09 13:54:35.254Z,1.4652,1.4748,100,100,65.3
2026-03-09 13:54:36.215Z,1.4644,1.4754,100,100,74.8
2026-03-09 13:54:37.500Z,1.4658,1.4744,100,100,58.5
2026-03-09 13:54:38.370Z,1.4658,1.4748,100,100,61.2
2026-03-09 13:54:39.205Z,1.4655,1.4741,100,100,58.5
2026-03-09 13:54:40.228Z,1.4640,1.4754,100,100,77.6
2026-03-09 13:54:41.684Z,1.4644,1.4752,100,100,73.5
2026-03-09 13:54:42.075Z,1.4655,1.4751,100,100,65.3
2026-03-09 13:54:43.865Z,1.4655,1.4751,100,100,65.3
2026-03-09 13:54:44.760Z,1.4642,1.4758,100,100,78.9
2026-03-09 13:54:45.513Z,1.4657,1.4741,100,100,57.1
2026-03-09 13:54:46.149Z,1.4640,1.4760,100,100,81.6
2026-03-09 13:54:47.383Z,1.4645,1.4761,100,100,78.9
2026-03-09 13:54:48.791Z,1.4641,1.4755,100,100,77.6
2026-03-09 13:54:49.078Z,1.4644,1.4762,100,100,80.3
2026-03-09 13:54:50.754Z,1.4656,1.4744,100,100,59.9
2026-03-09 13:54:51.354Z,1.4641,1.4753,100,100,76.2
2026-03-09 13:54:52.606Z,1.4652,1.4752,100,100,68.0
2026-03-09 13:54:53.086Z,1.4655,1.4747,100,100,62.6
2026-03-09 13:54:54.104Z,1.4648,1.4758,100,100,74.8
2026-03-09 13:54:55.074Z,1.4648,1.4754,100,100,72.1
2026-03-09 13:54:56.644Z,1.4644,1.4762,100,100,80.3
2026-03-09 13:54:57.881Z,1.4641,1.4757,100,100,78.9
2026-03-09 13:54:58.583Z,1.4638,1.4756,100,100,80.3
2026-03-09 13:54:59.409Z,1.4640,1.4760,100,100,81.6
2026-03-09 13:55:00.230Z,1.3894,1.4006,100,100,80.3
2026-03-09 13:55:01.227Z,1.3892,1.4004,100,100,80.3
2026-03-09 13:55:02.148Z,1.3904,1.3994,100,100,64.5
2026-03-09 13:55:03.865Z,1.3907,1.3987,100,100,57.4
2026-03-09 13:55:04.638Z,1.3894,1.4012,100,100,84.6
2026-03-09 13:55:05.756Z,1.3894,1.4006,100,100,80.3
2026-03-09 13:55:06.350Z,1.3893,1.4005,100,100,80.3
2026-03-09 13:55:07.169Z,1.3904,1.3990,100,100,61.7
2026-03-09 13:55:08.056Z,1.3910,1.3994,100,100,60.2
2026-03-09 13:55:09.702Z,1.3896,1.4010,100,100,81.7
2026-03-09 13:55:10.487Z,1.3896,1.4010,100,100,81.7
2026-03-09 13:55:11.335Z,1.3893,1.4005,100,100,80.3
2026-03-09 13:55:12.433Z,1.3894,1.4004,100,100,78.9
2026-03-09 13:55:13.323Z,1.3895,1.4009,100,100,81.7
2026-03-09 13:55:14.728Z,1.3891,1.4003,100,100,80.3
2026-03-09 13:55:15.612Z,1.3894,1.4008,100,100,81.7
2026-03-09 13:55:16.020Z,1.3889,1.4009,100,100,86.0
2026-03-09 13:55:17.480Z,1.3908,1.3998,100,100,64.5
2026-03-09 13:55:18.413Z,1.3901,1.3995,100,100,67.4
2026-03-09 13:55:19.265Z,1.3891,1.4013,100,100,87.4
2026-03-09 13:55:20.890Z,1.3899,1.4005,100,100,76.0
2026-03-09 13:55:21.713Z,1.3903,1.4001,100,100,70.2
2026-03-09 13:55:22.531Z,1.3894,1.4000,100,100,76.0
2026-03-09 13:55:23.453Z,1.3891,1.4005,100,100,81.7
2026-03-09 13:55:24.146Z,1.3894,1.4004,100,100,78.9
2026-03-09 13:55:25.452Z,1.3892,1.4008,100,100,83.2
2026-03-09 13:55:26.617Z,1.3903,1.3999,100,100,68.8
2026-03-09 13:55:27.340Z,1.3904,1.4000,100,100,68.8
2026-03-09 13:55:28.084Z,1.3887,1.4007,100,100,86.0
2026-03-09 13:55:29.793Z,1.3899,1.3995,100,100,68.8
2026-03-09 13:55:30.396Z,1.3907,1.3993,100,100,61.6
2026-03-09 13:55:31.244Z,1.3892,1.4004,100,100,80.3
2026-03-09 13:55:32.797Z,1.3901,1.3995,100,100,67.4
2026-03-09 13:55:33.168Z,1.3899,1.3999,100,100,71.7
2026-03-09 13:55:34.125Z,1.3893,1.4013,100,100,86.0
2026-03-09 13:55:35.231Z,1.3888,1.4006,100,100,84.6
2026-03-09 13:55:36.089Z,1.3900,1.4004,100,100,74.5
2026-03-09 13:55:37.525Z,1.3898,1.3998,100,100,71.7
2026-03-09 13:55:38.525Z,1.3904,1.4002,100,100,70.2
2026-03-09 13:55:39.673Z,1.3902,1.3996,100,100,67.4
2026-03-09 13:55:40.364Z,1.3898,1.3996,100,100,70.3
2026-03-09 13:55:41.469Z,1.3892,1.4012,100,100,86.0
2026-03-09 13:55:42.376Z,1.3904,1.3998,100,100,67.4
2026-03-09 13:55:43.316Z,1.3910,1.3992,100,100,58.8
2026-03-09 13:55:44.657Z,1.3911,1.3995,100,100,60.2
2026-03-09 13:55:45.664Z,1.3900,1.3994,100,100,67.4
2026-03-09 13:55:46.873Z,1.3901,1.3995,100,100,67.4
2026-03-09 13:55:47.594Z,1.3894,1.4002,100,100,77.4
2026-03-09 13:55:48.573Z,1.3900,1.3998,100,100,70.3
2026-03-09 13:55:49.214Z,1.3906,1.3992,100,100,61.7
2026-03-09 13:55:50.609Z,1.3903,1.3991,100,100,63.1
2026-03-09 13:55:51.287Z,1.3897,1.4001,100,100,74.6
2026-03-09 13:55:52.213Z,1.3898,1.4004,100,100,76.0
2026-03-09 13:55:53.066Z,1.3911,1.3995,100,100,60.2
2026-03-09 13:55:54.599Z,1.3899,1.4001,100,100,73.1
2026-03-09 13:55:55.263Z,1.3904,1.3992,100,100,63.1
2026-03-09 13:55:56.530Z,1.3905,1.3991,100,100,61.7
2026-03-09 13:55:57.700Z,1.3891,1.4003,100,100,80.3
2026-03-09 13:55:58.079Z,1.3897,1.4007,100,100,78.8
2026-03-09 13:55:59.016Z,1.3895,1.4005,100,100,78.9
2026-03-09 13:57:00.458Z,1.4550,1.4650,100,100,68.5
2026-03-09 13:57:01.328Z,1.4543,1.4663,100,100,82.2
2026-03-09 13:57:02.125Z,1.4556,1.4646,100,100,61.6
2026-03-09 13:57:03.079Z,1.4554,1.4642,100,100,60.3
2026-03-09 13:57:04.889Z,1.4548,1.4654,100,100,72.6
2026-03-09 13:57:05.893Z,1.4541,1.4659,100,100,80.8
2026-03-09 13:57:06.516Z,1.4553,1.4647,100,100,64.4
2026-03-09 13:57:07.254Z,1.4542,1.4662,100,100,82.2
2026-03-09 13:57:08.344Z,1.4546,1.4650,100,100,71.2
2026-03-09 13:57:09.505Z,1.4548,1.4648,100,100,68.5
2026-03-09 13:57:10.066Z,1.4544,1.4654,100,100,75.3
2026-03-09 13:57:11.810Z,1.4558,1.4648,100,100,61.6
2026-03-09 13:57:12.383Z,1.4542,1.4660,100,100,80.8
2026-03-09 13:57:13.724Z,1.4538,1.4656,100,100,80.8
2026-03-09 13:57:14.109Z,1.4554,1.4644,100,100,61.6
2026-03-09 13:57:15.387Z,1.4550,1.4652,100,100,69.9
2026-03-09 13:57:16.426Z,1.4546,1.4648,100,100,69.9
2026-03-09 13:57:17.743Z,1.4556,1.4648,100,100,63.0
2026-03-09 13:57:18.090Z,1.4552,1.4644,100,100,63.0
2026-03-09 13:57:19.406Z,1.4533,1.4655,100,100,83.6
2026-03-09 13:57:20.602Z,1.4541,1.4629,100,100,60.3
2026-03-09 13:57:21.779Z,1.4507,1.4631,100,100,85.1
2026-03-09 13:57:22.348Z,1.4497,1.4607,100,100,75.6
2026-03-09 13:57:23.831Z,1.4480,1.4596,100,100,79.8
2026-03-09 13:57:24.504Z,1.4459,1.4557,100,100,67.5
2026-03-09 13:57:25.801Z,1.4428,1.4540,100,100,77.3
2026-03-09 13:57:26.392Z,1.4405,1.4509,100,100,71.9
2026-03-09 13:57:27.333Z,1.4371,1.4495,100,100,85.9
2026-03-09 13:57:28.877Z,1.4349,1.4453,100,100,72.2
2026-03-09 13:57:29.523Z,1.4318,1.4422,100,100,72.4
2026-03-09 13:57:30.661Z,1.4293,1.4393,100,100,69.7
2026-03-09 13:57:31.496Z,1.4247,1.4383,100,100,95.0
2026-03-09 13:57:32.339Z,1.4236,1.4338,100,100,71.4
2026-03-09 13:57:33.101Z,1.4205,1.4331,100,100,88.3
2026-03-09 13:57:34.124Z,1.4179,1.4307,100,100,89.9
2026-03-09 13:57:35.284Z,1.4180,1.4276,100,100,67.5
2026-03-09 13:57:36.563Z,1.4168,1.4260,100,100,64.7
2026-03-09 13:57:37.198Z,1.4164,1.4248,100,100,59.1
2026-03-09 13:57:38.362Z,1.4137,1.4259,100,100,85.9
2026-03-09 13:57:39.654Z,1.4155,1.4245,100,100,63.4
2026-03-09 13:57:40.633Z,1.4150,1.4260,100,100,77.4
2026-03-09 13:57:41.802Z,1.4154,1.4272,100,100,83.0
2026-03-09 13:57:42.281Z,1.4183,1.4275,100,100,64.7
2026-03-09 13:57:43.208Z,1.4194,1.4284,100,100,63.2
2026-03-09 13:57:44.088Z,1.4194,1.4294,100,100,70.2
2026-03-09 13:57:45.174Z,1.4191,1.4315,100,100,87.0
2026-03-09 13:57:46.061Z,1.4215,1.4297,100,100,57.5
2026-03-09 13:57:47.837Z,1.4195,1.4315,100,100,84.2
2026-03-09 13:57:48.332Z,1.4199,1.4309,100,100,77.2
2026-03-09 13:57:49.241Z,1.4192,1.4298,100,100,74.4
2026-03-09 13:57:50.527Z,1.4203,1.4287,100,100,59.0
2026-03-09 13:57:51.238Z,1.4177,1.4291,100,100,80.1
2026-03-09 13:57:52.850Z,1.4185,1.4283,100,100,68.8
2026-03-09 13:57:53.243Z,1.4184,1.4270,100,100,60.4
2026-03-09 13:57:54.236Z,1.4174,1.4262,100,100,61.9
2026-03-09 13:57:55.331Z,1.4168,1.4264,100,100,67.5
2026-03-09 13:57:56.601Z,1.4164,1.4256,100,100,64.7
2026-03-09 13:57:57.878Z,1.4162,1.4246,100,100,59.1
2026-03-09 13:57:58.190Z,1.4151,1.4245,100,100,66.2
2026-03-09 13:57:59.848Z,1.4144,1.4256,100,100,78.9
2026-03-09 13:58:00.152Z,1.4540,1.4660,100,100,82.2
2026-03-09 13:58:01.494Z,1.4538,1.4658,100,100,82.2
2026-03-09 13:58:02.797Z,1.4539,1.4655,100,100,79.5
2026-03-09 13:58:03.335Z,1.4557,1.4643,100,100,58.9
2026-03-09 13:58:04.886Z,1.4543,1.4661,100,100,80.8
2026-03-09 13:58:05.507Z,1.4546,1.4652,100,100,72.6
2026-03-09 13:58:06.343Z,1.4557,1.4643,100,100,58.9
2026-03-09 13:58:07.850Z,1.4557,1.4649,100,100,63.0
2026-03-09 13:58:08.463Z,1.4551,1.4655,100,100,71.2
2026-03-09 13:58:09.846Z,1.4551,1.4653,100,100,69.9
2026-03-09 13:58:10.200Z,1.4558,1.4642,100,100,57.5
2026-03-09 13:58:11.237Z,1.4542,1.4654,100,100,76.7
2026-03-09 13:58:12.831Z,1.4554,1.4642,100,100,60.3
2026-03-09 13:58:13.655Z,1.4552,1.4650,100,100,67.1
2026-03-09 13:58:14.083Z,1.4540,1.4654,100,100,78.1
2026-03-09 13:58:15.355Z,1.4546,1.4662,100,100,79.4
2026-03-09 13:58:16.017Z,1.4554,1.4650,100,100,65.7
2026-03-09 13:58:17.290Z,1.4543,1.4657,100,100,78.1
2026-03-09 13:58:18.141Z,1.4556,1.4640,100,100,57.5
2026-03-09 13:58:19.271Z,1.4557,1.4641,100,100,57.5
2026-03-09 13:58:20.485Z,1.4559,1.4641,100,100,56.2
2026-03-09 13:58:21.386Z,1.4549,1.4649,100,100,68.5
2026-03-09 13:58:22.427Z,1.4550,1.4654,100,100,71.2
2026-03-09 13:58:23.487Z,1.4544,1.4662,100,100,80.8
2026-03-09 13:58:24.804Z,1.4556,1.4638,100,100,56.2
2026-03-09 13:58:25.000Z,1.4549,1.4649,100,100,68.5
2026-03-09 13:58:26.253Z,1.4544,1.4664,100,100,82.2
2026-03-09 13:58:27.865Z,1.4540,1.4652,100,100,76.7
2026-03-09 13:58:28.752Z,1.4547,1.4655,100,100,74.0
2026-03-09 13:58:29.550Z,1.4553,1.4647,100,100,64.4
2026-03-09 13:58:30.341Z,1.4556,1.4640,100,100,57.5
2026-03-09 13:58:31.479Z,1.4557,1.4637,100,100,54.8
2026-03-09 13:58:32.844Z,1.4541,1.4659,100,100,80.8
2026-03-09 13:58:33.506Z,1.4558,1.4642,100,100,57.5
2026-03-09 13:58:34.771Z,1.4550,1.4652,100,100,69.9
2026-03-09 13:58:35.228Z,1.4551,1.4645,100,100,64.4
2026-03-09 13:58:36.593Z,1.4549,1.4655,100,100,72.6
2026-03-09 13:58:37.195Z,1.4545,1.4649,100,100,71.2
2026-03-09 13:58:38.857Z,1.4546,1.4650,100,100,71.2
2026-03-09 13:58:39.826Z,1.4551,1.4651,100,100,68.5
2026-03-09 13:58:40.470Z,1.4547,1.4649,100,100,69.9
2026-03-09 13:58:41.738Z,1.4562,1.4644,100,100,56.2
2026-03-09 13:58:42.180Z,1.4560,1.4646,100,100,58.9
2026-03-09 13:58:43.325Z,1.4544,1.4654,100,100,75.3
2026-03-09 13:58:44.030Z,1.4550,1.4654,100,100,71.2
2026-03-09 13:58:45.259Z,1.4546,1.4656,100,100,75.3
2026-03-09 13:58:46.730Z,1.4556,1.4648,100,100,63.0
2026-03-09 13:58:47.128Z,1.4544,1.4662,100,100,80.8
2026-03-09 13:58:48.175Z,1.4557,1.4649,100,100,63.0
2026-03-09 13:58:49.738Z,1.4551,1.4653,100,100,69.9
2026-03-09 13:58:50.198Z,1.4543,1.4651,100,100,74.0
2026-03-09 13:58:51.873Z,1.4538,1.4658,100,100,82.2
2026-03-09 13:58:52.066Z,1.4550,1.4656,100,100,72.6
2026-03-09 13:58:53.817Z,1.4553,1.4651,100,100,67.1
2026-03-09 13:58:54.369Z,1.4558,1.4644,100,100,58.9
2026-03-09 13:58:55.646Z,1.4539,1.4657,100,100,80.8
2026-03-09 13:58:56.663Z,1.4545,1.4655,100,100,75.3
2026-03-09 13:58:57.146Z,1.4554,1.4642,100,100,60.3
2026-03-09 13:58:58.131Z,1.4558,1.4640,100,100,56.2
2026-03-09 13:58:59.560Z,1.4542,1.4658,100,100,79.5
2026-03-09 14:03:00.404Z,1.4558,1.4642,100,100,57.5
2026-03-09 14:03:01.520Z,1.4540,1.4656,100,100,79.5
2026-03-09 14:03:02.605Z,1.4543,1.4659,100,100,79.4
2026-03-09 14:03:03.471Z,1.4548,1.4646,100,100,67.1
2026-03-09 14:03:04.870Z,1.4558,1.4642,100,100,57.5
2026-03-09 14:03:05.566Z,1.4546,1.4648,100,100,69.9
2026-03-09 14:03:06.807Z,1.4562,1.4644,100,100,56.2
2026-03-09 14:03:07.084Z,1.4556,1.4640,100,100,57.5
2026-03-09 14:03:08.860Z,1.4547,1.4647,100,100,68.5
2026-03-09 14:03:09.267Z,1.4543,1.4655,100,100,76.7
2026-03-09 14:03:10.584Z,1.4551,1.4649,100,100,67.1
2026-03-09 14:03:11.338Z,1.4559,1.4649,100,100,61.6
2026-03-09 14:03:12.062Z,1.4553,1.4651,100,100,67.1
2026-03-09 14:03:13.599Z,1.4548,1.4650,100,100,69.9
2026-03-09 14:03:14.428Z,1.4560,1.4646,100,100,58.9
2026-03-09 14:03:15.449Z,1.4554,1.4648,100,100,64.4
2026-03-09 14:03:16.766Z,1.4561,1.4645,100,100,57.5
2026-03-09 14:03:17.421Z,1.4557,1.4641,100,100,57.5
2026-03-09 14:03:18.820Z,1.4553,1.4651,100,100,67.1
2026-03-09 14:03:19.461Z,1.4549,1.4647,100,100,67.1
2026-03-09 14:03:20.715Z,1.4559,1.4641,100,100,56.2
2026-03-09 14:03:21.469Z,1.4549,1.4647,100,100,67.1
2026-03-09 14:03:22.061Z,1.4551,1.4649,100,100,67.1
2026-03-09 14:03:23.000Z,1.4557,1.4641,100,100,57.5
2026-03-09 14:03:24.534Z,1.4544,1.4656,100,100,76.7
2026-03-09 14:03:25.049Z,1.4562,1.4644,100,100,56.2
2026-03-09 14:03:26.068Z,1.4543,1.4653,100,100,75.4
2026-03-09 14:03:27.740Z,1.4559,1.4647,100,100,60.3
2026-03-09 14:03:28.046Z,1.4546,1.4658,100,100,76.7
2026-03-09 14:03:29.423Z,1.4537,1.4657,100,100,82.2
2026-03-09 14:03:30.367Z,1.4551,1.4645,100,100,64.4
2026-03-09 14:03:31.014Z,1.4547,1.4659,100,100,76.7
2026-03-09 14:03:32.468Z,1.4554,1.4646,100,100,63.0
2026-03-09 14:03:33.347Z,1.4546,1.4648,100,100,69.9
2026-03-09 14:03:34.753Z,1.4551,1.4645,100,100,64.4
2026-03-09 14:03:35.717Z,1.4552,1.4646,100,100,64.4
2026-03-09 14:03:36.113Z,1.4549,1.4647,100,100,67.1
2026-03-09 14:03:37.648Z,1.4548,1.4656,100,100,74.0
2026-03-09 14:03:38.101Z,1.4546,1.4656,100,100,75.3
2026-03-09 14:03:39.690Z,1.4555,1.4639,100,100,57.5
2026-03-09 14:03:40.849Z,1.4555,1.4643,100,100,60.3
2026-03-09 14:03:41.071Z,1.4537,1.4657,100,100,82.2
2026-03-09 14:03:42.590Z,1.4552,1.4644,100,100,63.0
2026-03-09 14:03:43.084Z,1.4549,1.4655,100,100,72.6
2026-03-09 14:03:44.671Z,1.4548,1.4652,100,100,71.2
2026-03-09 14:03:45.096Z,1.4551,1.4651,100,100,68.5
2026-03-09 14:03:46.649Z,1.4551,1.4649,100,100,67.1
2026-03-09 14:03:47.831Z,1.4548,1.4652,100,100,71.2
2026-03-09 14:03:48.653Z,1.4558,1.4644,100,100,58.9
2026-03-09 14:03:49.762Z,1.4541,1.4655,100,100,78.1
2026-03-09 14:03:50.160Z,1.4546,1.4660,100,100,78.1
2026-03-09 14:03:51.349Z,1.4554,1.4654,100,100,68.5
2026-03-09 14:03:52.541Z,1.4559,1.4645,100,100,58.9
2026-03-09 14:03:53.182Z,1.4553,1.4643,100,100,61.7
2026-03-09 14:03:54.449Z,1.4543,1.4651,100,100,74.0
2026-03-09 14:03:55.537Z,1.4544,1.4652,100,100,74.0
2026-03-09 14:03:56.289Z,1.4553,1.4651,100,100,67.1
2026-03-09 14:03:57.827Z,1.4544,1.4652,100,100,74.0
2026-03-09 14:03:58.413Z,1.4546,1.4656,100,100,75.3
2026-03-09 14:03:59.543Z,1.4546,1.4654,100,100,74.0
2026-03-09 14:04:00.661Z,1.4752,1.4848,100,100,64.9
2026-03-09 14:04:01.516Z,1.4745,1.4851,100,100,71.6
2026-03-09 14:04:02.762Z,1.4757,1.4849,100,100,62.1
2026-03-09 14:04:03.834Z,1.4749,1.4851,100,100,68.9
2026-03-09 14:04:04.246Z,1.4744,1.4860,100,100,78.4
2026-03-09 14:04:05.142Z,1.4751,1.4855,100,100,70.3
2026-03-09 14:04:06.823Z,1.4758,1.4844,100,100,58.1
2026-03-09 14:04:07.804Z,1.4745,1.4851,100,100,71.6
2026-03-09 14:04:08.250Z,1.4746,1.4856,100,100,74.3
2026-03-09 14:04:09.039Z,1.4751,1.4853,100,100,68.9
2026-03-09 14:04:10.639Z,1.4740,1.4854,100,100,77.0
2026-03-09 14:04:11.758Z,1.4760,1.4842,100,100,55.4
2026-03-09 14:04:12.885Z,1.4749,1.4855,100,100,71.6
2026-03-09 14:04:13.656Z,1.4746,1.4850,100,100,70.3
2026-03-09 14:04:14.285Z,1.4743,1.4859,100,100,78.4
2026-03-09 14:04:15.516Z,1.4757,1.4849,100,100,62.1
2026-03-09 14:04:16.580Z,1.4749,1.4845,100,100,64.9
2026-03-09 14:04:17.141Z,1.4755,1.4843,100,100,59.5
2026-03-09 14:04:18.803Z,1.4745,1.4855,100,100,74.3
2026-03-09 14:04:19.561Z,1.4744,1.4860,100,100,78.4
2026-03-09 14:04:20.443Z,1.4751,1.4843,100,100,62.2
2026-03-09 14:04:21.776Z,1.4747,1.4855,100,100,73.0
2026-03-09 14:04:22.490Z,1.4762,1.4842,100,100,54.0
2026-03-09 14:04:23.583Z,1.4745,1.4859,100,100,77.0
2026-03-09 14:04:24.512Z,1.4752,1.4842,100,100,60.8
2026-03-09 14:04:25.511Z,1.4739,1.4855,100,100,78.4
2026-03-09 14:04:26.616Z,1.4756,1.4838,100,100,55.4
2026-03-09 14:04:27.376Z,1.4756,1.4842,100,100,58.1
2026-03-09 14:04:28.478Z,1.4754,1.4852,100,100,66.2
2026-03-09 14:04:29.793Z,1.4747,1.4859,100,100,75.7
2026-03-09 14:04:30.701Z,1.4743,1.4863,100,100,81.1
2026-03-09 14:04:31.282Z,1.4748,1.4858,100,100,74.3
2026-03-09 14:04:32.849Z,1.4740,1.4854,100,100,77.0
2026-03-09 14:04:33.423Z,1.4741,1.4861,100,100,81.1
2026-03-09 14:04:34.487Z,1.4758,1.4846,100,100,59.5
2026-03-09 14:04:35.145Z,1.4755,1.4841,100,100,58.1
2026-03-09 14:04:36.708Z,1.4758,1.4844,100,100,58.1
2026-03-09 14:04:37.617Z,1.4752,1.4846,100,100,63.5
2026-03-09 14:04:38.602Z,1.4757,1.4839,100,100,55.4
2026-03-09 14:04:39.707Z,1.4747,1.4857,100,100,74.3
2026-03-09 14:04:40.829Z,1.4745,1.4859,100,100,77.0
2026-03-09 14:04:41.531Z,1.4752,1.4852,100,100,67.6
2026-03-09 14:04:42.174Z,1.4741,1.4853,100,100,75.7
2026-03-09 14:04:43.752Z,1.4757,1.4847,100,100,60.8
2026-03-09 14:04:44.136Z,1.4750,1.4852,100,100,68.9
2026-03-09 14:04:45.440Z,1.4751,1.4855,100,100,70.3
2026-03-09 14:04:46.410Z,1.4737,1.4859,100,100,82.4
2026-03-09 14:04:47.838Z,1.4754,1.4846,100,100,62.2
2026-03-09 14:04:48.171Z,1.4742,1.4864,100,100,82.4
2026-03-09 14:04:49.855Z,1.4746,1.4860,100,100,77.0
2026-03-09 14:04:50.520Z,1.4749,1.4853,100,100,70.3
2026-03-09 14:04:51.357Z,1.4745,1.4853,100,100,73.0
2026-03-09 14:04:52.035Z,1.4751,1.4847,100,100,64.9
2026-03-09 14:04:53.182Z,1.4752,1.4852,100,100,67.6
2026-03-09 14:04:54.504Z,1.4750,1.4852,100,100,68.9
2026-03-09 14:04:55.140Z,1.4744,1.4862,100,100,79.7
2026-03-09 14:04:56.564Z,1.4746,1.4854,100,100,73.0
2026-03-09 14:04:57.815Z,1.4753,1.4841,100,100,59.5
2026-03-09 14:04:58.220Z,1.4747,1.4851,100,100,70.3
2026-03-09 14:04:59.701Z,1.4760,1.4840,100,100,54.1
2026-03-09 14:05:00.325Z,1.4742,1.4858,100,100,78.4
2026-03-09 14:05:01.801Z,1.4745,1.4863,100,100,79.7
2026-03-09 14:05:02.515Z,1.4741,1.4861,100,100,81.1
2026-03-09 14:05:03.779Z,1.4752,1.4842,100,100,60.8
2026-03-09 14:05:04.858Z,1.4750,1.4858,100,100,73.0
2026-03-09 14:05:05.704Z,1.4751,1.4849,100,100,66.2
2026-03-09 14:05:06.360Z,1.4761,1.4847,100,100,58.1
2026-03-09 14:05:07.798Z,1.4750,1.4850,100,100,67.6
2026-03-09 14:05:08.384Z,1.4740,1.4860,100,100,81.1
2026-03-09 14:05:09.853Z,1.4743,1.4851,100,100,73.0
2026-03-09 14:05:10.233Z,1.4741,1.4853,100,100,75.7
2026-03-09 14:05:11.665Z,1.4756,1.4838,100,100,55.4
2026-03-09 14:05:12.425Z,1.4748,1.4858,100,100,74.3
2026-03-09 14:05:13.419Z,1.4750,1.4848,100,100,66.2
2026-03-09 14:05:14.363Z,1.4751,1.4851,100,100,67.6
2026-03-09 14:05:15.878Z,1.4755,1.4851,100,100,64.9
2026-03-09 14:05:16.122Z,1.4752,1.4846,100,100,63.5
2026-03-09 14:05:17.518Z,1.4756,1.4848,100,100,62.2
2026-03-09 14:05:18.754Z,1.4739,1.4853,100,100,77.0
2026-03-09 14:05:19.660Z,1.4748,1.4860,100,100,75.7
2026-03-09 14:05:20.476Z,1.4753,1.4851,100,100,66.2
2026-03-09 14:05:21.691Z,1.4757,1.4843,100,100,58.1
2026-03-09 14:05:22.324Z,1.4749,1.4843,100,100,63.5
2026-03-09 14:05:23.142Z,1.4744,1.4862,100,100,79.7
2026-03-09 14:05:24.178Z,1.4762,1.4844,100,100,55.4
2026-03-09 14:05:25.584Z,1.4756,1.4844,100,100,59.5
2026-03-09 14:05:26.263Z,1.4741,1.4857,100,100,78.4
2026-03-09 14:05:27.626Z,1.4749,1.4843,100,100,63.5
2026-03-09 14:05:28.396Z,1.4752,1.4842,100,100,60.8
2026-03-09 14:05:29.470Z,1.4739,1.4855,100,100,78.4
2026-03-09 14:05:30.786Z,1.4758,1.4842,100,100,56.8
2026-03-09 14:05:31.417Z,1.4753,1.4841,100,100,59.5
2026-03-09 14:05:32.553Z,1.4738,1.4860,100,100,82.4
2026-03-09 14:05:33.406Z,1.4759,1.4847,100,100,59.4
2026-03-09 14:05:34.772Z,1.4741,1.4855,100,100,77.0
2026-03-09 14:05:35.858Z,1.4744,1.4862,100,100,79.7
2026-03-09 14:05:36.663Z,1.4744,1.4854,100,100,74.3
2026-03-09 14:05:37.202Z,1.4751,1.4847,100,100,64.9
2026-03-09 14:05:38.492Z,1.4761,1.4845,100,100,56.7
2026-03-09 14:05:39.398Z,1.4744,1.4858,100,100,77.0
2026-03-09 14:05:40.328Z,1.4758,1.4842,100,100,56.8
2026-03-09 14:05:41.099Z,1.4760,1.4844,100,100,56.7
2026-03-09 14:05:42.516Z,1.4751,1.4849,100,100,66.2
2026-03-09 14:05:43.809Z,1.4747,1.4847,100,100,67.6
2026-03-09 14:05:44.027Z,1.4747,1.4853,100,100,71.6
2026-03-09 14:05:45.699Z,1.4748,1.4852,100,100,70.3
2026-03-09 14:05:46.109Z,1.4745,1.4851,100,100,71.6
2026-03-09 14:05:47.573Z,1.4756,1.4846,100,100,60.8
2026-03-09 14:05:48.115Z,1.4739,1.4857,100,100,79.7
2026-03-09 14:05:49.096Z,1.4742,1.4852,100,100,74.3
2026-03-09 14:05:50.871Z,1.4739,1.4859,100,100,81.1
2026-03-09 14:05:51.671Z,1.4744,1.4852,100,100,73.0
2026-03-09 14:05:52.466Z,1.4751,1.4847,100,100,64.9
2026-03-09 14:05:53.850Z,1.4754,1.4846,100,100,62.2
2026-03-09 14:05:54.604Z,1.4756,1.4850,100,100,63.5
2026-03-09 14:05:55.125Z,1.4759,1.4847,100,100,59.4
2026-03-09 14:05:56.045Z,1.4763,1.4845,100,100,55.4
2026-03-09 14:05:57.115Z,1.4743,1.4861,100,100,79.7
2026-03-09 14:05:58.862Z,1.4753,1.4843,100,100,60.8
2026-03-09 14:05:59.667Z,1.4741,1.4859,100,100,79.7
2026-03-09 14:06:00.167Z,1.4748,1.4850,100,100,68.9
2026-03-09 14:06:01.823Z,1.4742,1.4858,100,100,78.4
2026-03-09 14:06:02.790Z,1.4759,1.4843,100,100,56.8
2026-03-09 14:06:03.263Z,1.4757,1.4843,100,100,58.1
2026-03-09 14:06:04.001Z,1.4751,1.4847,100,100,64.9
2026-03-09 14:06:05.399Z,1.4756,1.4842,100,100,58.1
2026-03-09 14:06:06.629Z,1.4741,1.4851,100,100,74.3
2026-03-09 14:06:07.470Z,1.4756,1.4840,100,100,56.8
2026-03-09 14:06:08.103Z,1.4748,1.4850,100,100,68.9
2026-03-09 14:06:09.259Z,1.4761,1.4843,100,100,55.4
2026-03-09 14:06:10.568Z,1.4743,1.4855,100,100,75.7
2026-03-09 14:06:11.737Z,1.4748,1.4844,100,100,64.9
2026-03-09 14:06:12.679Z,1.4745,1.4851,100,100,71.6
2026-03-09 14:06:13.142Z,1.4746,1.4852,100,100,71.6
2026-03-09 14:06:14.191Z,1.4750,1.4844,100,100,63.5
2026-03-09 14:06:15.412Z,1.4757,1.4847,100,100,60.8
2026-03-09 14:06:16.360Z,1.4756,1.4848,100,100,62.2
2026-03-09 14:06:17.844Z,1.4739,1.4859,100,100,81.1
2026-03-09 14:06:18.140Z,1.4737,1.4855,100,100,79.8
2026-03-09 14:06:19.424Z,1.4749,1.4853,100,100,70.3
2026-03-09 14:06:20.575Z,1.4741,1.4851,100,100,74.3
2026-03-09 14:06:21.293Z,1.4744,1.4854,100,100,74.3
2026-03-09 14:06:22.551Z,1.4743,1.4849,100,100,71.6
2026-03-09 14:06:23.394Z,1.4748,1.4850,100,100,68.9
2026-03-09 14:06:24.199Z,1.4754,1.4848,100,100,63.5
2026-03-09 14:06:25.297Z,1.4756,1.4842,100,100,58.1
2026-03-09 14:06:26.828Z,1.4749,1.4849,100,100,67.6
2026-03-09 14:06:27.657Z,1.4749,1.4855,100,100,71.6
2026-03-09 14:06:28.201Z,1.4738,1.4856,100,100,79.7
2026-03-09 14:06:29.504Z,1.4749,1.4853,100,100,70.3
2026-03-09 14:06:30.874Z,1.4741,1.4859,100,100,79.7
2026-03-09 14:06:31.301Z,1.4743,1.4857,100,100,77.0
2026-03-09 14:06:32.178Z,1.4760,1.4842,100,100,55.4
2026-03-09 14:06:33.109Z,1.4740,1.4854,100,100,77.0
2026-03-09 14:06:34.762Z,1.4745,1.4849,100,100,70.3
2026-03-09 14:06:35.310Z,1.4743,1.4855,100,100,75.7
2026-03-09 14:06:36.704Z,1.4751,1.4843,100,100,62.2
2026-03-09 14:06:37.891Z,1.4756,1.4842,100,100,58.1
2026-03-09 14:06:38.788Z,1.4758,1.4842,100,100,56.8
2026-03-09 14:06:39.161Z,1.4738,1.4858,100,100,81.1
2026-03-09 14:06:40.670Z,1.4742,1.4854,100,100,75.7
2026-03-09 14:06:41.317Z,1.4759,1.4841,100,100,55.4
2026-03-09 14:06:42.484Z,1.4749,1.4851,100,100,68.9
2026-03-09 14:06:43.829Z,1.4747,1.4859,100,100,75.7
2026-03-09 14:06:44.878Z,1.4750,1.4852,100,100,68.9
2026-03-09 14:06:45.673Z,1.4750,1.4846,100,100,64.9
2026-03-09 14:06:46.323Z,1.4752,1.4848,100,100,64.9
2026-03-09 14:06:47.872Z,1.4755,1.4839,100,100,56.8
2026-03-09 14:06:48.880Z,1.4750,1.4848,100,100,66.2
2026-03-09 14:06:49.313Z,1.4750,1.4854,100,100,70.3
2026-03-09 14:06:50.395Z,1.4755,1.4843,100,100,59.5
2026-03-09 14:06:51.195Z,1.4748,1.4854,100,100,71.6
2026-03-09 14:06:52.005Z,1.4754,1.4850,100,100,64.9
2026-03-09 14:06:53.165Z,1.4752,1.4854,100,100,68.9
2026-03-09 14:06:54.763Z,1.4750,1.4852,100,100,68.9
2026-03-09 14:06:55.493Z,1.4747,1.4847,100,100,67.6
2026-03-09 14:06:56.160Z,1.4747,1.4851,100,100,70.3
2026-03-09 14:06:57.193Z,1.4754,1.4842,100,100,59.5
2026-03-09 14:06:58.292Z,1.4757,1.4845,100,100,59.5
2026-03-09 14:06:59.511Z,1.4743,1.4855,100,100,75.7
2026-03-09 14:07:00.255Z,1.4757,1.4843,100,100,58.1
2026-03-09 14:07:01.849Z,1.4736,1.4858,100,100,82.4
2026-03-09 14:07:02.821Z,1.4750,1.4854,100,100,70.3
2026-03-09 14:07:03.010Z,1.4747,1.4859,100,100,75.7
2026-03-09 14:07:04.831Z,1.4739,1.4855,100,100,78.4
2026-03-09 14:07:05.439Z,1.4751,1.4847,100,100,64.9
2026-03-09 14:07:06.451Z,1.4746,1.4846,100,100,67.6
2026-03-09 14:07:07.415Z,1.4751,1.4851,100,100,67.6
2026-03-09 14:07:08.671Z,1.4756,1.4848,100,100,62.2
2026-03-09 14:07:09.345Z,1.4747,1.4851,100,100,70.3
2026-03-09 14:07:10.756Z,1.4748,1.4850,100,100,68.9
2026-03-09 14:07:11.423Z,1.4742,1.4860,100,100,79.7
2026-03-09 14:07:12.499Z,1.4755,1.4843,100,100,59.5
2026-03-09 14:07:13.415Z,1.4748,1.4850,100,100,68.9
2026-03-09 14:07:14.531Z,1.4757,1.4843,100,100,58.1
2026-03-09 14:07:15.552Z,1.4744,1.4852,100,100,73.0
2026-03-09 14:07:16.821Z,1.4742,1.4858,100,100,78.4
2026-03-09 14:07:17.849Z,1.4739,1.4855,100,100,78.4
2026-03-09 14:07:18.480Z,1.4740,1.4852,100,100,75.7
2026-03-09 14:07:19.519Z,1.4747,1.4857,100,100,74.3
2026-03-09 14:07:20.732Z,1.4739,1.4855,100,100,78.4
2026-03-09 14:07:21.624Z,1.4742,1.4852,100,100,74.3
2026-03-09 14:07:22.698Z,1.4756,1.4842,100,100,58.1
2026-03-09 14:07:23.593Z,1.4743,1.4859,100,100,78.4
2026-03-09 14:07:24.565Z,1.4753,1.4853,100,100,67.6
2026-03-09 14:07:25.716Z,1.4742,1.4862,100,100,81.1
2026-03-09 14:07:26.833Z,1.4745,1.4853,100,100,73.0
2026-03-09 14:07:27.055Z,1.4758,1.4844,100,100,58.1
2026-03-09 14:07:28.156Z,1.4759,1.4845,100,100,58.1
2026-03-09 14:07:29.384Z,1.4755,1.4845,100,100,60.8
2026-03-09 14:07:30.632Z,1.4757,1.4847,100,100,60.8
2026-03-09 14:07:31.289Z,1.4763,1.4843,100,100,54.0
2026-03-09 14:07:32.642Z,1.4753,1.4843,100,100,60.8
2026-03-09 14:07:33.124Z,1.4749,1.4849,100,100,67.6
2026-03-09 14:07:34.459Z,1.4760,1.4848,100,100,59.4
2026-03-09 14:07:35.419Z,1.4747,1.4857,100,100,74.3
2026-03-09 14:07:36.526Z,1.4759,1.4843,100,100,56.8
2026-03-09 14:07:37.649Z,1.4757,1.4847,100,100,60.8
2026-03-09 14:07:38.045Z,1.4742,1.4852,100,100,74.3
2026-03-09 14:07:39.885Z,1.4743,1.4861,100,100,79.7
2026-03-09 14:07:40.827Z,1.4755,1.4849,100,100,63.5
2026-03-09 14:07:41.518Z,1.4753,1.4839,100,100,58.1
2026-03-09 14:07:42.549Z,1.4751,1.4847,100,100,64.9
2026-03-09 14:07:43.540Z,1.4754,1.4854,100,100,67.5
2026-03-09 14:07:44.815Z,1.4743,1.4861,100,100,79.7
2026-03-09 14:07:45.749Z,1.4753,1.4853,100,100,67.6
2026-03-09 14:07:46.550Z,1.4758,1.4848,100,100,60.8
2026-03-09 14:07:47.225Z,1.4750,1.4842,100,100,62.2
2026-03-09 14:07:48.563Z,1.4742,1.4852,100,100,74.3
2026-03-09 14:07:49.610Z,1.4744,1.4858,100,100,77.0
2026-03-09 14:07:50.487Z,1.4740,1.4860,100,100,81.1
2026-03-09 14:07:51.898Z,1.4750,1.4848,100,100,66.2
2026-03-09 14:07:52.075Z,1.4753,1.4849,100,100,64.9
2026-03-09 14:07:53.343Z,1.4753,1.4841,100,100,59.5
2026-03-09 14:07:54.349Z,1.4757,1.4847,100,100,60.8
2026-03-09 14:07:55.136Z,1.4753,1.4847,100,100,63.5
2026-03-09 14:07:56.042Z,1.4742,1.4862,100,100,81.1
2026-03-09 14:07:57.562Z,1.4741,1.4853,100,100,75.7
2026-03-09 14:07:58.713Z,1.4756,1.4850,100,100,63.5
2026-03-09 14:07:59.213Z,1.4755,1.4845,100,100,60.8
2026-03-09 14:12:00.672Z,1.4548,1.4652,100,100,71.2
2026-03-09 14:12:01.845Z,1.4558,1.4648,100,100,61.6
2026-03-09 14:12:02.273Z,1.4552,1.4640,100,100,60.3
2026-03-09 14:12:03.860Z,1.4552,1.4646,100,100,64.4
2026-03-09 14:12:04.246Z,1.4541,1.4653,100,100,76.7
2026-03-09 14:12:05.542Z,1.4538,1.4658,100,100,82.2
2026-03-09 14:12:06.719Z,1.4551,1.4657,100,100,72.6
2026-03-09 14:12:07.152Z,1.4542,1.4658,100,100,79.5
2026-03-09 14:12:08.706Z,1.4545,1.4657,100,100,76.7
2026-03-09 14:12:09.828Z,1.4541,1.4657,100,100,79.5
2026-03-09 14:12:10.076Z,1.4555,1.4643,100,100,60.3
2026-03-09 14:12:11.856Z,1.4557,1.4645,100,100,60.3
2026-03-09 14:12:12.860Z,1.4551,1.4649,100,100,67.1
2026-03-09 14:12:13.663Z,1.4548,1.4646,100,100,67.1
2026-03-09 14:12:14.115Z,1.4555,1.4647,100,100,63.0
2026-03-09 14:12:15.438Z,1.4546,1.4648,100,100,69.9
2026-03-09 14:12:16.653Z,1.4545,1.4653,100,100,74.0
2026-03-09 14:12:17.555Z,1.4535,1.4657,100,100,83.6
2026-03-09 14:12:18.000Z,1.4559,1.4643,100,100,57.5
2026-03-09 14:12:19.308Z,1.4553,1.4649,100,100,65.7
2026-03-09 14:12:20.441Z,1.4551,1.4663,100,100,76.7
2026-03-09 14:12:21.732Z,1.4571,1.4663,100,100,62.9
2026-03-09 14:12:22.419Z,1.4567,1.4675,100,100,73.9
2026-03-09 14:12:23.271Z,1.4571,1.4689,100,100,80.7
2026-03-09 14:12:24.676Z,1.4579,1.4705,100,100,86.1
2026-03-09 14:12:25.061Z,1.4608,1.4704,100,100,65.5
2026-03-09 14:12:26.067Z,1.4617,1.4727,100,100,75.0
2026-03-09 14:12:27.899Z,1.4633,1.4733,100,100,68.1
2026-03-09 14:12:28.386Z,1.4639,1.4767,100,100,87.1
2026-03-09 14:12:29.298Z,1.4657,1.4773,100,100,78.8
2026-03-09 14:12:30.454Z,1.4686,1.4778,100,100,62.4
2026-03-09 14:12:31.461Z,1.4700,1.4784,100,100,57.0
2026-03-09 14:12:32.503Z,1.4707,1.4797,100,100,61.0
2026-03-09 14:12:33.822Z,1.4715,1.4813,100,100,66.4
2026-03-09 14:12:34.824Z,1.4724,1.4830,100,100,71.7
2026-03-09 14:12:35.760Z,1.4742,1.4834,100,100,62.2
2026-03-09 14:12:36.306Z,1.4744,1.4842,100,100,66.2
2026-03-09 14:12:37.844Z,1.4746,1.4844,100,100,66.2
2026-03-09 14:12:38.896Z,1.4741,1.4859,100,100,79.7
2026-03-09 14:12:39.242Z,1.4748,1.4852,100,100,70.3
2026-03-09 14:12:40.032Z,1.4757,1.4841,100,100,56.8
2026-03-09 14:12:41.028Z,1.4739,1.4851,100,100,75.7
2026-03-09 14:12:42.294Z,1.4724,1.4848,100,100,83.9
2026-03-09 14:12:43.161Z,1.4724,1.4838,100,100,77.1
2026-03-09 14:12:44.432Z,1.4721,1.4837,100,100,78.5
2026-03-09 14:12:45.013Z,1.4721,1.4821,100,100,67.7
2026-03-09 14:12:46.215Z,1.4717,1.4831,100,100,77.2
2026-03-09 14:12:47.233Z,1.4726,1.4818,100,100,62.3
2026-03-09 14:12:48.160Z,1.4725,1.4821,100,100,65.0
2026-03-09 14:12:49.004Z,1.4725,1.4821,100,100,65.0
2026-03-09 14:12:50.428Z,1.4722,1.4830,100,100,73.1
2026-03-09 14:12:51.154Z,1.4735,1.4821,100,100,58.2
2026-03-09 14:12:52.548Z,1.4739,1.4827,100,100,59.5
2026-03-09 14:12:53.477Z,1.4743,1.4825,100,100,55.5
2026-03-09 14:12:54.823Z,1.4733,1.4847,100,100,77.1
2026-03-09 14:12:55.091Z,1.4741,1.4847,100,100,71.7
2026-03-09 14:12:56.568Z,1.4754,1.4838,100,100,56.8
2026-03-09 14:12:57.514Z,1.4759,1.4843,100,100,56.8
2026-03-09 14:12:58.124Z,1.4755,1.4839,100,100,56.8
2026-03-09 14:12:59.026Z,1.4755,1.4845,100,100,60.8
2026-03-09 14:13:00.674Z,1.4749,1.4851,100,100,68.9
2026-03-09 14:13:01.879Z,1.4734,1.4856,100,100,82.5
2026-03-09 14:13:02.494Z,1.4727,1.4837,100,100,74.4
2026-03-09 14:13:03.750Z,1.4722,1.4816,100,100,63.6
2026-03-09 14:13:04.547Z,1.4692,1.4802,100,100,74.6
2026-03-09 14:13:05.064Z,1.4679,1.4771,100,100,62.5
2026-03-09 14:13:06.013Z,1.4644,1.4756,100,100,76.2
2026-03-09 14:13:07.300Z,1.4608,1.4734,100,100,85.9
2026-03-09 14:13:08.483Z,1.4590,1.4708,100,100,80.6
2026-03-09 14:13:09.777Z,1.4571,1.4689,100,100,80.7
2026-03-09 14:13:10.512Z,1.4559,1.4671,100,100,76.6
2026-03-09 14:13:11.232Z,1.4553,1.4655,100,100,69.8
2026-03-09 14:13:12.826Z,1.4545,1.4661,100,100,79.4
2026-03-09 14:13:13.040Z,1.4557,1.4661,100,100,71.2
2026-03-09 14:13:14.067Z,1.4575,1.4675,100,100,68.4
2026-03-09 14:13:15.850Z,1.4595,1.4691,100,100,65.6
2026-03-09 14:13:16.339Z,1.4605,1.4723,100,100,80.5
2026-03-09 14:13:17.355Z,1.4616,1.4732,100,100,79.1
2026-03-09 14:13:18.810Z,1.4636,1.4720,100,100,57.2
2026-03-09 14:13:19.603Z,1.4623,1.4737,100,100,77.7
2026-03-09 14:13:20.285Z,1.4634,1.4736,100,100,69.5
2026-03-09 14:13:21.236Z,1.4629,1.4749,100,100,81.7
2026-03-09 14:13:22.064Z,1.4635,1.4747,100,100,76.2
2026-03-09 14:13:23.226Z,1.4650,1.4752,100,100,69.4
2026-03-09 14:13:24.273Z,1.4665,1.4751,100,100,58.5
2026-03-09 14:13:25.023Z,1.4665,1.4765,100,100,68.0
2026-03-09 14:13:26.115Z,1.4673,1.4775,100,100,69.3
2026-03-09 14:13:27.796Z,1.4678,1.4782,100,100,70.6
2026-03-09 14:13:28.409Z,1.4694,1.4790,100,100,65.1
2026-03-09 14:13:29.128Z,1.4702,1.4788,100,100,58.3
2026-03-09 14:13:30.229Z,1.4705,1.4813,100,100,73.2
2026-03-09 14:13:31.220Z,1.4708,1.4820,100,100,75.9
2026-03-09 14:13:32.757Z,1.4724,1.4818,100,100,63.6
2026-03-09 14:13:33.573Z,1.4735,1.4827,100,100,62.2
2026-03-09 14:13:34.661Z,1.4743,1.4835,100,100,62.2
2026-03-09 14:13:35.055Z,1.4749,1.4829,100,100,54.1
2026-03-09 14:13:36.825Z,1.4748,1.4848,100,100,67.6
2026-03-09 14:13:37.543Z,1.4750,1.4844,100,100,63.5
2026-03-09 14:13:38.134Z,1.4762,1.4844,100,100,55.4
2026-03-09 14:13:39.173Z,1.4746,1.4850,100,100,70.3
2026-03-09 14:13:40.869Z,1.4744,1.4860,100,100,78.4
2026-03-09 14:13:41.019Z,1.4758,1.4840,100,100,55.4
2026-03-09 14:13:42.216Z,1.4749,1.4855,100,100,71.6
2026-03-09 14:13:43.423Z,1.4742,1.4858,100,100,78.4
2026-03-09 14:13:44.249Z,1.4741,1.4853,100,100,75.7
2026-03-09 14:13:45.659Z,1.4741,1.4855,100,100,77.0
2026-03-09 14:13:46.464Z,1.4743,1.4857,100,100,77.0
2026-03-09 14:13:47.050Z,1.4755,1.4847,100,100,62.2
2026-03-09 14:13:48.539Z,1.4753,1.4847,100,100,63.5
2026-03-09 14:13:49.479Z,1.4750,1.4856,100,100,71.6
2026-03-09 14:13:50.271Z,1.4754,1.4852,100,100,66.2
2026-03-09 14:13:51.188Z,1.4746,1.4850,100,100,70.3
2026-03-09 14:13:52.149Z,1.4749,1.4851,100,100,68.9
2026-03-09 14:13:53.365Z,1.4751,1.4849,100,100,66.2
2026-03-09 14:13:54.167Z,1.4756,1.4838,100,100,55.4
2026-03-09 14:13:55.835Z,1.4758,1.4840,100,100,55.4
2026-03-09 14:13:56.126Z,1.4737,1.4857,100,100,81.1
2026-03-09 14:13:57.067Z,1.4751,1.4845,100,100,63.5
2026-03-09 14:13:58.470Z,1.4751,1.4855,100,100,70.3
2026-03-09 14:13:59.087Z,1.4747,1.4853,100,100,71.6
2026-03-09 14:24:00.697Z,1.4750,1.4850,100,100,67.6
2026-03-09 14:24:01.397Z,1.4750,1.4844,100,100,63.5
2026-03-09 14:24:02.192Z,1.4737,1.4843,100,100,71.7
2026-03-09 14:24:03.842Z,1.4727,1.4837,100,100,74.4
2026-03-09 14:24:04.715Z,1.4730,1.4816,100,100,58.2
2026-03-09 14:24:05.727Z,1.4696,1.4820,100,100,84.0
2026-03-09 14:24:06.218Z,1.4695,1.4801,100,100,71.9
2026-03-09 14:24:07.142Z,1.4695,1.4781,100,100,58.4
2026-03-09 14:24:08.784Z,1.4663,1.4781,100,100,80.2
2026-03-09 14:24:09.195Z,1.4660,1.4768,100,100,73.4
2026-03-09 14:24:10.501Z,1.4652,1.4766,100,100,77.5
2026-03-09 14:24:11.660Z,1.4643,1.4763,100,124,81.6
2026-03-09 14:24:12.499Z,1.4649,1.4753,100,100,70.7
2026-03-09 14:24:13.628Z,1.4643,1.4757,100,130,77.6
2026-03-09 14:24:14.796Z,1.4655,1.4753,100,100,66.6
2026-03-09 14:24:15.077Z,1.4664,1.4764,100,100,68.0
2026-03-09 14:24:16.179Z,1.4668,1.4766,100,100,66.6
2026-03-09 14:24:17.408Z,1.4660,1.4776,100,100,78.8
2026-03-09 14:24:18.222Z,1.4676,1.4762,100,100,58.4
2026-03-09 14:24:19.282Z,1.4663,1.4777,100,100,77.4
2026-03-09 14:24:20.361Z,1.4666,1.4784,100,100,80.1
2026-03-09 14:24:21.122Z,1.4685,1.4775,100,100,61.1
2026-03-09 14:24:22.323Z,1.4681,1.4777,100,100,65.2
2026-03-09 14:24:23.123Z,1.4686,1.4786,100,100,67.9
2026-03-09 14:24:24.739Z,1.4697,1.4789,100,100,62.4
2026-03-09 14:24:25.691Z,1.4701,1.4789,100,100,59.7
2026-03-09 14:24:26.226Z,1.4691,1.4805,100,100,77.3
2026-03-09 14:24:27.270Z,1.4694,1.4814,100,100,81.3
2026-03-09 14:24:28.223Z,1.4698,1.4820,100,100,82.7
2026-03-09 14:24:29.779Z,1.4720,1.4816,100,100,65.0
2026-03-09 14:24:30.795Z,1.4714,1.4824,100,100,74.5
2026-03-09 14:24:31.170Z,1.4727,1.4835,100,100,73.1
2026-03-09 14:24:32.880Z,1.4735,1.4823,100,100,59.5
2026-03-09 14:24:33.512Z,1.4733,1.4845,100,100,75.7
2026-03-09 14:24:34.206Z,1.4747,1.4831,100,100,56.8
2026-03-09 14:24:35.749Z,1.4755,1.4841,100,100,58.1
2026-03-09 14:24:36.441Z,1.4750,1.4850,100,100,67.6
2026-03-09 14:24:37.460Z,1.4749,1.4853,100,100,70.3
2026-03-09 14:24:38.698Z,1.4741,1.4861,100,100,81.1
2026-03-09 14:24:39.065Z,1.4741,1.4855,100,100,77.0
2026-03-09 14:24:40.189Z,1.4754,1.4852,100,100,66.2
2026-03-09 14:24:41.708Z,1.4758,1.4848,100,100,60.8
2026-03-09 14:24:42.137Z,1.4758,1.4848,100,100,60.8
2026-03-09 14:24:43.470Z,1.4751,1.4843,100,100,62.2
2026-03-09 14:24:44.006Z,1.4742,1.4862,100,100,81.1
2026-03-09 14:24:45.215Z,1.4739,1.4859,100,100,81.1
2026-03-09 14:24:46.026Z,1.4743,1.4861,100,100,79.7
2026-03-09 14:24:47.084Z,1.4757,1.4849,100,100,62.1
2026-03-09 14:24:48.213Z,1.4761,1.4845,100,100,56.7
2026-03-09 14:24:49.475Z,1.4750,1.4856,100,100,71.6
2026-03-09 14:24:50.746Z,1.4755,1.4851,100,100,64.9
2026-03-09 14:24:51.254Z,1.4760,1.4846,100,100,58.1
2026-03-09 14:24:52.743Z,1.4762,1.4844,100,100,55.4
2026-03-09 14:24:53.238Z,1.4761,1.4845,100,100,56.7
2026-03-09 14:24:54.197Z,1.4757,1.4847,100,100,60.8
2026-03-09 14:24:55.811Z,1.4749,1.4855,100,100,71.6
2026-03-09 14:24:56.524Z,1.4750,1.4844,100,100,63.5
2026-03-09 14:24:57.558Z,1.4754,1.4846,100,100,62.2
2026-03-09 14:24:58.843Z,1.4741,1.4857,100,100,78.4
2026-03-09 14:24:59.170Z,1.4744,1.4856,100,100,75.7
2026-03-09 14:29:00.422Z,1.4743,1.4857,100,100,77.0
2026-03-09 14:29:01.310Z,1.4743,1.4857,100,100,77.0
2026-03-09 14:29:02.472Z,1.4745,1.4861,100,100,78.4
2026-03-09 14:29:03.671Z,1.4758,1.4844,100,100,58.1
2026-03-09 14:29:04.874Z,1.4747,1.4847,100,100,67.6
2026-03-09 14:29:05.895Z,1.4762,1.4844,100,100,55.4
2026-03-09 14:29:06.440Z,1.4741,1.4857,100,100,78.4
2026-03-09 14:29:07.477Z,1.4751,1.4849,100,100,66.2
2026-03-09 14:29:08.876Z,1.4757,1.4845,100,100,59.5
2026-03-09 14:29:09.016Z,1.4739,1.4855,100,100,78.4
2026-03-09 14:29:10.293Z,1.4748,1.4850,100,100,68.9
2026-03-09 14:29:11.001Z,1.4744,1.4860,100,100,78.4
2026-03-09 14:29:12.309Z,1.4762,1.4844,100,100,55.4
2026-03-09 14:29:13.614Z,1.4745,1.4855,100,143,74.3
2026-03-09 14:29:14.291Z,1.4755,1.4839,100,100,56.8
2026-03-09 14:29:15.711Z,1.4741,1.4855,100,100,77.0
2026-03-09 14:29:16.141Z,1.4751,1.4847,100,100,64.9
2026-03-09 14:29:17.888Z,1.4743,1.4861,100,100,79.7
2026-03-09 14:29:18.585Z,1.4751,1.4841,100,122,60.8
2026-03-09 14:29:19.826Z,1.4759,1.4847,100,100,59.4
2026-03-09 14:29:20.295Z,1.4746,1.4868,100,100,82.4
2026-03-09 14:29:21.209Z,1.4758,1.4872,100,100,76.9
2026-03-09 14:29:22.148Z,1.4765,1.4885,100,100,80.9
2026-03-09 14:29:23.859Z,1.4790,1.4874,100,100,56.6
2026-03-09 14:29:24.709Z,1.4801,1.4893,100,100,62.0
2026-03-09 14:29:25.139Z,1.4799,1.4917,100,100,79.4
2026-03-09 14:29:26.606Z,1.4823,1.4925,100,100,68.6
2026-03-09 14:29:27.163Z,1.4829,1.4935,100,100,71.2
2026-03-09 14:29:28.219Z,1.4839,1.4955,100,100,77.9
2026-03-09 14:29:29.708Z,1.4868,1.4958,100,100,60.4
2026-03-09 14:29:30.780Z,1.4876,1.4978,100,100,68.3
2026-03-09 14:29:31.168Z,1.4881,1.5005,100,100,83.0
2026-03-09 14:29:32.406Z,1.4893,1.5015,100,100,81.6
2026-03-09 14:29:33.729Z,1.4907,1.5021,100,100,76.2
2026-03-09 14:29:34.375Z,1.4923,1.5033,100,100,73.4
2026-03-09 14:29:35.070Z,1.4928,1.5042,100,100,76.1
2026-03-09 14:29:36.045Z,1.4939,1.5043,100,100,69.4
2026-03-09 14:29:37.265Z,1.4947,1.5041,100,100,62.7
2026-03-09 14:29:38.281Z,1.4956,1.5044,100,100,58.7
2026-03-09 14:29:39.322Z,1.4950,1.5048,100,126,65.3
2026-03-09 14:29:40.081Z,1.4940,1.5050,100,100,73.4
2026-03-09 14:29:41.259Z,1.4945,1.5039,100,100,62.7
2026-03-09 14:29:42.394Z,1.4948,1.5032,100,100,56.0
2026-03-09 14:29:43.846Z,1.4929,1.5047,100,100,78.7
2026-03-09 14:29:44.425Z,1.4935,1.5029,100,100,62.7
2026-03-09 14:29:45.251Z,1.4939,1.5021,100,100,54.7
2026-03-09 14:29:46.591Z,1.4921,1.5039,100,100,78.8
2026-03-09 14:29:47.300Z,1.4917,1.5037,100,100,80.1
2026-03-09 14:29:48.860Z,1.4929,1.5023,100,100,62.8
2026-03-09 14:29:49.205Z,1.4939,1.5023,100,100,56.1
2026-03-09 14:29:50.385Z,1.4936,1.5022,100,100,57.4
2026-03-09 14:29:51.730Z,1.4940,1.5036,100,100,64.1
2026-03-09 14:29:52.222Z,1.4936,1.5038,100,100,68.1
2026-03-09 14:29:53.427Z,1.4934,1.5052,100,100,78.7
2026-03-09 14:29:54.892Z,1.4947,1.5031,100,100,56.0
2026-03-09 14:29:55.123Z,1.4936,1.5046,100,100,73.4
2026-03-09 14:29:56.205Z,1.4944,1.5052,100,100,72.0
2026-03-09 14:29:57.478Z,1.4957,1.5041,100,100,56.0
2026-03-09 14:29:58.053Z,1.4942,1.5060,100,100,78.7
2026-03-09 14:29:59.393Z,1.4953,1.5047,100,100,62.7
2026-03-09 14:35:00.711Z,1.4959,1.5041,100,100,54.7
2026-03-09 14:35:01.241Z,1.4951,1.5051,100,100,66.7
2026-03-09 14:35:02.093Z,1.4951,1.5043,100,100,61.3
2026-03-09 14:35:03.532Z,1.4951,1.5047,100,100,64.0
2026-03-09 14:35:04.339Z,1.4949,1.5049,100,100,66.7
2026-03-09 14:35:05.096Z,1.4957,1.5041,100,100,56.0
2026-03-09 14:35:06.488Z,1.4960,1.5042,100,100,54.7
2026-03-09 14:35:07.468Z,1.4957,1.5047,100,100,60.0
2026-03-09 14:35:08.665Z,1.4941,1.5053,100,100,74.7
2026-03-09 14:35:09.588Z,1.4956,1.5038,100,100,54.7
2026-03-09 14:35:10.664Z,1.4955,1.5039,100,100,56.0
2026-03-09 14:35:11.258Z,1.4957,1.5041,100,100,56.0
2026-03-09 14:35:12.143Z,1.4960,1.5048,100,100,58.7
2026-03-09 14:35:13.086Z,1.4949,1.5053,100,100,69.3
2026-03-09 14:35:14.331Z,1.4942,1.5058,100,100,77.3
2026-03-09 14:35:15.586Z,1.4954,1.5038,100,100,56.0
2026-03-09 14:35:16.045Z,1.4951,1.5047,100,100,64.0
2026-03-09 14:35:17.419Z,1.4943,1.5057,100,100,76.0
2026-03-09 14:35:18.405Z,1.4943,1.5055,100,100,74.7
2026-03-09 14:35:19.517Z,1.4949,1.5055,100,100,70.7
2026-03-09 14:35:20.068Z,1.4947,1.5061,100,100,76.0
2026-03-09 14:35:21.787Z,1.4959,1.5041,100,100,54.7
2026-03-09 14:35:22.201Z,1.4954,1.5040,100,100,57.3
2026-03-09 14:35:23.723Z,1.4949,1.5045,100,100,64.0
2026-03-09 14:35:24.235Z,1.4960,1.5044,100,100,56.0
2026-03-09 14:35:25.543Z,1.4955,1.5045,100,100,60.0
2026-03-09 14:35:26.033Z,1.4944,1.5054,100,100,73.3
2026-03-09 14:35:27.188Z,1.4953,1.5041,100,100,58.7
2026-03-09 14:35:28.408Z,1.4960,1.5044,100,100,56.0
2026-03-09 14:35:29.316Z,1.4942,1.5060,100,100,78.7
2026-03-09 14:35:30.136Z,1.4957,1.5047,100,100,60.0
2026-03-09 14:35:31.008Z,1.4942,1.5060,100,100,78.7
2026-03-09 14:35:32.603Z,1.4946,1.5060,100,100,76.0
2026-03-09 14:35:33.440Z,1.4949,1.5047,100,100,65.3
2026-03-09 14:35:34.583Z,1.4949,1.5053,100,100,69.3
2026-03-09 14:35:35.200Z,1.4940,1.5058,100,100,78.7
2026-03-09 14:35:36.595Z,1.4944,1.5062,100,100,78.7
2026-03-09 14:35:37.723Z,1.4951,1.5053,100,100,68.0
2026-03-09 14:35:38.233Z,1.4950,1.5046,100,100,64.0
2026-03-09 14:35:39.565Z,1.4943,1.5061,100,100,78.7
2026-03-09 14:35:40.868Z,1.4948,1.5052,100,100,69.3
2026-03-09 14:35:41.520Z,1.4940,1.5058,100,100,78.7
2026-03-09 14:35:42.074Z,1.4961,1.5045,100,100,56.0
2026-03-09 14:35:43.689Z,1.4960,1.5046,100,100,57.3
2026-03-09 14:35:44.836Z,1.4949,1.5055,100,100,70.7
2026-03-09 14:35:45.275Z,1.4956,1.5052,100,100,64.0
2026-03-09 14:35:46.319Z,1.4939,1.5059,100,100,80.0
2026-03-09 14:35:47.085Z,1.4949,1.5051,100,100,68.0
2026-03-09 14:35:48.794Z,1.4953,1.5053,100,100,66.7
2026-03-09 14:35:49.158Z,1.4938,1.5060,100,100,81.3
2026-03-09 14:35:50.408Z,1.4955,1.5051,100,100,64.0
2026-03-09 14:35:51.292Z,1.4949,1.5057,100,100,72.0
2026-03-09 14:35:52.181Z,1.4951,1.5055,100,100,69.3
2026-03-09 14:35:53.131Z,1.4941,1.5061,100,100,80.0
2026-03-09 14:35:54.192Z,1.4945,1.5063,100,100,78.6
2026-03-09 14:35:55.428Z,1.4959,1.5041,100,100,54.7
2026-03-09 14:35:56.306Z,1.4942,1.5060,100,100,78.7
2026-03-09 14:35:57.881Z,1.4954,1.5038,100,100,56.0
2026-03-09 14:35:58.347Z,1.4945,1.5057,100,100,74.7
2026-03-09 14:35:59.237Z,1.4940,1.5060,100,100,80.0
2026-03-09 14:37:00.446Z,1.4743,1.4857,100,100,77.0
2026-03-09 14:37:01.248Z,1.4758,1.4840,100,100,55.4
2026-03-09 14:37:02.625Z,1.4746,1.4854,100,100,73.0
2026-03-09 14:37:03.142Z,1.4757,1.4843,100,100,58.1
2026-03-09 14:37:04.061Z,1.4750,1.4846,100,100,64.9
2026-03-09 14:37:05.692Z,1.4740,1.4858,100,100,79.7
2026-03-09 14:37:06.260Z,1.4758,1.4846,100,100,59.5
2026-03-09 14:37:07.652Z,1.4754,1.4840,100,100,58.1
2026-03-09 14:37:08.526Z,1.4739,1.4859,100,100,81.1
2026-03-09 14:37:09.644Z,1.4747,1.4855,100,100,73.0
2026-03-09 14:37:10.557Z,1.4757,1.4845,100,100,59.5
2026-03-09 14:37:11.109Z,1.4753,1.4851,100,100,66.2
2026-03-09 14:37:12.326Z,1.4755,1.4847,100,100,62.2
2026-03-09 14:37:13.453Z,1.4744,1.4852,100,100,73.0
2026-03-09 14:37:14.069Z,1.4744,1.4862,100,100,79.7
2026-03-09 14:37:15.089Z,1.4750,1.4850,100,100,67.6
2026-03-09 14:37:16.090Z,1.4739,1.4855,100,100,78.4
2026-03-09 14:37:17.066Z,1.4742,1.4856,100,100,77.0
2026-03-09 14:37:18.276Z,1.4750,1.4844,100,100,63.5
2026-03-09 14:37:19.286Z,1.4754,1.4840,100,100,58.1
2026-03-09 14:37:20.065Z,1.4758,1.4848,100,100,60.8
2026-03-09 14:37:21.660Z,1.4753,1.4843,100,100,60.8
2026-03-09 14:37:22.588Z,1.4749,1.4857,100,100,73.0
2026-03-09 14:37:23.473Z,1.4741,1.4859,100,100,79.7
2026-03-09 14:37:24.631Z,1.4742,1.4854,100,100,75.7
2026-03-09 14:37:25.666Z,1.4743,1.4861,100,100,79.7
2026-03-09 14:37:26.835Z,1.4751,1.4847,100,100,64.9
2026-03-09 14:37:27.806Z,1.4755,1.4843,100,100,59.5
2026-03-09 14:37:28.770Z,1.4754,1.4846,100,100,62.2
2026-03-09 14:37:29.622Z,1.4755,1.4843,100,100,59.5
2026-03-09 14:37:30.377Z,1.4747,1.4855,100,100,73.0
2026-03-09 14:37:31.265Z,1.4750,1.4844,100,100,63.5
2026-03-09 14:37:32.760Z,1.4747,1.4853,100,100,71.6
2026-03-09 14:37:33.265Z,1.4753,1.4851,100,100,66.2
2026-03-09 14:37:34.299Z,1.4758,1.4840,100,100,55.4
2026-03-09 14:37:35.386Z,1.4748,1.4850,100,100,68.9
2026-03-09 14:37:36.493Z,1.4756,1.4846,100,100,60.8
2026-03-09 14:37:37.236Z,1.4742,1.4854,100,100,75.7
2026-03-09 14:37:38.524Z,1.4742,1.4862,100,100,81.1
2026-03-09 14:37:39.214Z,1.4751,1.4853,100,100,68.9
2026-03-09 14:37:40.261Z,1.4741,1.4853,100,100,75.7
2026-03-09 14:37:41.370Z,1.4755,1.4843,100,100,59.5
2026-03-09 14:37:42.668Z,1.4746,1.4850,100,100,70.3
2026-03-09 14:37:43.554Z,1.4747,1.4857,100,100,74.3
2026-03-09 14:37:44.501Z,1.4741,1.4855,100,100,77.0
2026-03-09 14:37:45.363Z,1.4742,1.4864,100,100,82.4
2026-03-09 14:37:46.774Z,1.4746,1.4858,100,100,75.7
2026-03-09 14:37:47.727Z,1.4755,1.4839,100,100,56.8
2026-03-09 14:37:48.089Z,1.4758,1.4840,100,100,55.4
2026-03-09 14:37:49.894Z,1.4747,1.4853,100,100,71.6
2026-03-09 14:37:50.476Z,1.4756,1.4844,100,100,59.5
2026-03-09 14:37:51.443Z,1.4741,1.4853,100,100,75.7
2026-03-09 14:37:52.410Z,1.4755,1.4839,100,100,56.8
2026-03-09 14:37:53.876Z,1.4746,1.4848,100,100,68.9
2026-03-09 14:37:54.496Z,1.4746,1.4856,100,100,74.3
2026-03-09 14:37:55.480Z,1.4745,1.4853,100,100,73.0
2026-03-09 14:37:56.686Z,1.4743,1.4855,100,100,75.7
2026-03-09 14:37:57.612Z,1.4749,1.4857,100,100,73.0
2026-03-09 14:37:58.036Z,1.4741,1.4857,100,100,78.4
2026-03-09 14:37:59.886Z,1.4750,1.4850,100,100,67.6
2026-03-09 14:47:00.859Z,1.4654,1.4746,100,100,62.6
2026-03-09 14:47:01.316Z,1.4642,1.4754,100,100,76.2
2026-03-09 14:47:02.404Z,1.4658,1.4742,100,100,57.1
2026-03-09 14:47:03.562Z,1.4649,1.4757,100,100,73.5
2026-03-09 14:47:04.809Z,1.4647,1.4759,100,100,76.2
2026-03-09 14:47:05.675Z,1.4648,1.4756,100,100,73.5
2026-03-09 14:47:06.346Z,1.4650,1.4748,100,100,66.7
2026-03-09 14:47:07.045Z,1.4639,1.4753,100,100,77.6
2026-03-09 14:47:08.733Z,1.4656,1.4748,100,100,62.6
2026-03-09 14:47:09.016Z,1.4651,1.4749,100,100,66.7
2026-03-09 14:47:10.602Z,1.4652,1.4742,100,100,61.2
2026-03-09 14:47:11.140Z,1.4647,1.4751,100,100,70.8
2026-03-09 14:47:12.580Z,1.4635,1.4757,100,100,83.0
2026-03-09 14:47:13.032Z,1.4655,1.4747,100,100,62.6
2026-03-09 14:47:14.717Z,1.4642,1.4758,100,100,78.9
2026-03-09 14:47:15.585Z,1.4642,1.4758,100,100,78.9
2026-03-09 14:47:16.299Z,1.4643,1.4753,100,100,74.8
2026-03-09 14:47:17.154Z,1.4648,1.4748,100,100,68.0
2026-03-09 14:47:18.438Z,1.4642,1.4756,100,100,77.6
2026-03-09 14:47:19.744Z,1.4651,1.4757,100,100,72.1
2026-03-09 14:47:20.699Z,1.4639,1.4755,100,100,78.9
2026-03-09 14:47:21.702Z,1.4653,1.4741,100,100,59.9
2026-03-09 14:47:22.223Z,1.4644,1.4750,100,100,72.1
2026-03-09 14:47:23.847Z,1.4653,1.4751,100,100,66.7
2026-03-09 14:47:24.480Z,1.4639,1.4759,100,100,81.6
2026-03-09 14:47:25.872Z,1.4644,1.4762,100,100,80.3
2026-03-09 14:47:26.046Z,1.4657,1.4741,100,100,57.1
2026-03-09 14:47:27.458Z,1.4645,1.4749,100,100,70.8
2026-03-09 14:47:28.859Z,1.4638,1.4756,100,100,80.3
2026-03-09 14:47:29.755Z,1.4657,1.4737,100,100,54.4
2026-03-09 14:47:30.398Z,1.4656,1.4744,100,100,59.9
2026-03-09 14:47:31.731Z,1.4648,1.4750,100,100,69.4
2026-03-09 14:47:32.794Z,1.4653,1.4751,100,100,66.7
2026-03-09 14:47:33.164Z,1.4658,1.4742,100,100,57.1
2026-03-09 14:47:34.338Z,1.4643,1.4763,100,100,81.6
2026-03-09 14:47:35.537Z,1.4642,1.4756,100,100,77.6
2026-03-09 14:47:36.869Z,1.4645,1.4755,100,100,74.8
2026-03-09 14:47:37.780Z,1.4643,1.4757,100,100,77.6
2026-03-09 14:47:38.866Z,1.4654,1.4750,100,100,65.3
2026-03-09 14:47:39.496Z,1.4648,1.4756,100,100,73.5
2026-03-09 14:47:40.693Z,1.4647,1.4749,100,100,69.4
2026-03-09 14:47:41.420Z,1.4641,1.4757,100,100,78.9
2026-03-09 14:47:42.018Z,1.4657,1.4741,100,100,57.1
2026-03-09 14:47:43.131Z,1.4641,1.4759,100,100,80.3
2026-03-09 14:47:44.277Z,1.4651,1.4753,100,100,69.4
2026-03-09 14:47:45.881Z,1.4657,1.4749,100,100,62.6
2026-03-09 14:47:46.816Z,1.4656,1.4742,100,100,58.5
2026-03-09 14:47:47.426Z,1.4653,1.4743,100,100,61.2
2026-03-09 14:47:48.879Z,1.4645,1.4755,100,100,74.8
2026-03-09 14:47:49.791Z,1.4644,1.4748,100,100,70.8
2026-03-09 14:47:50.561Z,1.4645,1.4753,100,100,73.5
2026-03-09 14:47:51.204Z,1.4640,1.4760,100,100,81.6
2026-03-09 14:47:52.176Z,1.4649,1.4751,100,100,69.4
2026-03-09 14:47:53.839Z,1.4641,1.4759,100,100,80.3
2026-03-09 14:47:54.808Z,1.4647,1.4747,100,100,68.0
2026-03-09 14:47:55.533Z,1.4646,1.4758,100,100,76.2
2026-03-09 14:47:56.391Z,1.4643,1.4751,100,100,73.5
2026-03-09 14:47:57.210Z,1.4648,1.4758,100,100,74.8
2026-03-09 14:47:58.448Z,1.4658,1.4742,100,100,57.1
2026-03-09 14:47:59.372Z,1.4643,1.4757,100,100,77.6
2026-03-09 14:51:00.084Z,1.4655,1.4745,100,100,61.2
2026-03-09 14:51:01.876Z,1.4648,1.4746,100,100,66.7
2026-03-09 14:51:02.814Z,1.4644,1.4758,100,100,77.5
2026-03-09 14:51:03.096Z,1.4646,1.4750,100,100,70.8
2026-03-09 14:51:04.540Z,1.4642,1.4754,100,100,76.2
2026-03-09 14:51:05.142Z,1.4658,1.4748,100,100,61.2
2026-03-09 14:51:06.089Z,1.4646,1.4748,100,100,69.4
2026-03-09 14:51:07.865Z,1.4652,1.4748,100,100,65.3
2026-03-09 14:51:08.769Z,1.4653,1.4747,100,100,63.9
2026-03-09 14:51:09.674Z,1.4645,1.4759,100,100,77.5
2026-03-09 14:51:10.169Z,1.4654,1.4742,100,100,59.9
2026-03-09 14:51:11.261Z,1.4641,1.4753,100,100,76.2
2026-03-09 14:51:12.707Z,1.4643,1.4753,100,100,74.8
2026-03-09 14:51:13.389Z,1.4659,1.4743,100,100,57.1
2026-03-09 14:51:14.671Z,1.4652,1.4742,100,100,61.2
2026-03-09 14:51:15.203Z,1.4645,1.4749,100,100,70.8
2026-03-09 14:51:16.292Z,1.4645,1.4759,100,100,77.5
2026-03-09 14:51:17.852Z,1.4659,1.4743,100,100,57.1
2026-03-09 14:51:18.157Z,1.4652,1.4744,100,100,62.6
2026-03-09 14:51:19.097Z,1.4645,1.4755,100,100,74.8
2026-03-09 14:51:20.605Z,1.4652,1.4738,100,100,58.5
2026-03-09 14:51:21.892Z,1.4653,1.4733,100,100,54.4
2026-03-09 14:51:22.628Z,1.4646,1.4728,100,100,55.8
2026-03-09 14:51:23.890Z,1.4643,1.4729,100,100,58.6
2026-03-09 14:51:24.309Z,1.4624,1.4732,100,100,73.6
2026-03-09 14:51:25.435Z,1.4624,1.4722,100,100,66.8
2026-03-09 14:51:26.463Z,1.4606,1.4716,100,100,75.0
2026-03-09 14:51:27.213Z,1.4599,1.4711,100,100,76.4
2026-03-09 14:51:28.848Z,1.4601,1.4703,100,100,69.6
2026-03-09 14:51:29.148Z,1.4591,1.4701,100,100,75.1
2026-03-09 14:51:30.865Z,1.4593,1.4683,100,100,61.5
2026-03-09 14:51:31.056Z,1.4572,1.4688,100,100,79.3
2026-03-09 14:51:32.542Z,1.4563,1.4683,100,100,82.1
2026-03-09 14:51:33.101Z,1.4563,1.4677,100,100,78.0
2026-03-09 14:51:34.235Z,1.4548,1.4670,100,100,83.5
2026-03-09 14:51:35.743Z,1.4552,1.4662,100,100,75.3
2026-03-09 14:51:36.734Z,1.4554,1.4646,100,100,63.0
2026-03-09 14:51:37.309Z,1.4549,1.4661,100,100,76.7
2026-03-09 14:51:38.397Z,1.4555,1.4639,100,100,57.5
2026-03-09 14:51:39.058Z,1.4543,1.4663,100,100,82.2
2026-03-09 14:51:40.309Z,1.4540,1.4658,100,100,80.8
2026-03-09 14:51:41.045Z,1.4553,1.4647,100,100,64.4
2026-03-09 14:51:42.291Z,1.4546,1.4660,100,100,78.1
2026-03-09 14:51:43.347Z,1.4563,1.4657,100,100,64.3
2026-03-09 14:51:44.358Z,1.4571,1.4655,100,100,57.5
2026-03-09 14:51:45.209Z,1.4563,1.4663,100,100,68.4
2026-03-09 14:51:46.802Z,1.4554,1.4670,100,100,79.4
2026-03-09 14:51:47.837Z,1.4565,1.4665,100,100,68.4
2026-03-09 14:51:48.012Z,1.4551,1.4669,100,100,80.8
2026-03-09 14:51:49.584Z,1.4563,1.4661,100,100,67.1
2026-03-09 14:51:50.710Z,1.4555,1.4657,100,100,69.8
2026-03-09 14:51:51.238Z,1.4558,1.4662,100,100,71.2
2026-03-09 14:51:52.481Z,1.4558,1.4650,100,100,63.0
2026-03-09 14:51:53.385Z,1.4556,1.4652,100,100,65.7
2026-03-09 14:51:54.842Z,1.4543,1.4661,100,100,80.8
2026-03-09 14:51:55.452Z,1.4553,1.4659,100,100,72.6
2026-03-09 14:51:56.713Z,1.4552,1.4656,100,100,71.2
2026-03-09 14:51:57.354Z,1.4553,1.4653,100,100,68.5
2026-03-09 14:51:58.328Z,1.4542,1.4660,100,100,80.8
2026-03-09 14:51:59.689Z,1.4547,1.4653,100,100,72.6
2026-03-09 14:53:00.573Z,1.4555,1.4645,100,100,61.6
2026-03-09 14:53:01.209Z,1.4549,1.4651,100,100,69.9
2026-03-09 14:53:02.759Z,1.4556,1.4638,100,100,56.2
2026-03-09 14:53:03.798Z,1.4552,1.4654,100,100,69.8
2026-03-09 14:53:04.388Z,1.4558,1.4644,100,100,58.9
2026-03-09 14:53:05.388Z,1.4554,1.4646,100,100,63.0
2026-03-09 14:53:06.514Z,1.4554,1.4640,100,100,58.9
2026-03-09 14:53:07.895Z,1.4556,1.4640,100,100,57.5
2026-03-09 14:53:08.671Z,1.4542,1.4660,100,100,80.8
2026-03-09 14:53:09.083Z,1.4549,1.4647,100,100,67.1
2026-03-09 14:53:10.475Z,1.4546,1.4648,100,100,69.9
2026-03-09 14:53:11.465Z,1.4545,1.4651,100,100,72.6
2026-03-09 14:53:12.860Z,1.4556,1.4644,100,100,60.3
2026-03-09 14:53:13.643Z,1.4558,1.4648,100,100,61.6
2026-03-09 14:53:14.737Z,1.4551,1.4653,100,100,69.9
2026-03-09 14:53:15.479Z,1.4550,1.4654,100,100,71.2
2026-03-09 14:53:16.019Z,1.4543,1.4661,100,100,80.8
2026-03-09 14:53:17.015Z,1.4554,1.4642,100,100,60.3
2026-03-09 14:53:18.322Z,1.4550,1.4656,100,100,72.6
2026-03-09 14:53:19.520Z,1.4539,1.4661,100,100,83.6
2026-03-09 14:53:20.768Z,1.4545,1.4661,100,100,79.4
2026-03-09 14:53:21.877Z,1.4547,1.4669,100,100,83.5
2026-03-09 14:53:22.819Z,1.4560,1.4668,100,100,73.9
2026-03-09 14:53:23.890Z,1.4555,1.4671,100,100,79.4
2026-03-09 14:53:24.513Z,1.4557,1.4681,100,100,84.8
2026-03-09 14:53:25.189Z,1.4572,1.4688,100,100,79.3
2026-03-09 14:53:26.490Z,1.4580,1.4696,100,100,79.2
2026-03-09 14:53:27.141Z,1.4597,1.4689,100,100,62.8
2026-03-09 14:53:28.053Z,1.4602,1.4702,100,100,68.3
2026-03-09 14:53:29.646Z,1.4603,1.4707,100,100,71.0
2026-03-09 14:53:30.645Z,1.4605,1.4717,100,100,76.4
2026-03-09 14:53:31.781Z,1.4618,1.4732,100,100,77.7
2026-03-09 14:53:32.193Z,1.4636,1.4726,100,100,61.3
2026-03-09 14:53:33.107Z,1.4626,1.4748,100,100,83.1
2026-03-09 14:53:34.650Z,1.4637,1.4735,100,100,66.7
2026-03-09 14:53:35.171Z,1.4634,1.4744,100,100,74.9
2026-03-09 14:53:36.580Z,1.4636,1.4754,100,100,80.3
2026-03-09 14:53:37.725Z,1.4658,1.4740,100,100,55.8
2026-03-09 14:53:38.430Z,1.4647,1.4757,100,100,74.8
2026-03-09 14:53:39.782Z,1.4652,1.4754,100,100,69.4
2026-03-09 14:53:40.668Z,1.4643,1.4747,100,100,70.8
2026-03-09 14:53:41.265Z,1.4641,1.4759,100,100,80.3
2026-03-09 14:53:42.155Z,1.4634,1.4748,100,100,77.6
2026-03-09 14:53:43.301Z,1.4642,1.4736,100,100,64.0
2026-03-09 14:53:44.095Z,1.4643,1.4739,100,100,65.3
2026-03-09 14:53:45.015Z,1.4627,1.4749,100,100,83.1
2026-03-09 14:53:46.580Z,1.4640,1.4736,100,100,65.4
2026-03-09 14:53:47.126Z,1.4632,1.4736,100,100,70.8
2026-03-09 14:53:48.856Z,1.4637,1.4745,100,100,73.5
2026-03-09 14:53:49.660Z,1.4637,1.4745,100,100,73.5
2026-03-09 14:53:50.499Z,1.4643,1.4737,100,100,64.0
2026-03-09 14:53:51.331Z,1.4636,1.4740,100,100,70.8
2026-03-09 14:53:52.279Z,1.4646,1.4738,100,100,62.6
2026-03-09 14:53:53.711Z,1.4646,1.4748,100,100,69.4
2026-03-09 14:53:54.688Z,1.4643,1.4747,100,100,70.8
2026-03-09 14:53:55.462Z,1.4645,1.4753,100,100,73.5
2026-03-09 14:53:56.265Z,1.4651,1.4747,100,100,65.3
2026-03-09 14:53:57.272Z,1.4640,1.4752,100,100,76.2
2026-03-09 14:53:58.521Z,1.4653,1.4751,100,100,66.7
2026-03-09 14:53:59.634Z,1.4658,1.4742,100,100,57.1
2026-03-09 14:57:00.280Z,1.4596,1.4704,100,100,73.7
2026-03-09 14:57:01.891Z,1.4599,1.4701,100,100,69.6
2026-03-09 14:57:02.412Z,1.4606,1.4692,100,100,58.7
2026-03-09 14:57:03.045Z,1.4601,1.4691,100,100,61.5
2026-03-09 14:57:04.271Z,1.4599,1.4697,100,100,66.9
2026-03-09 14:57:05.733Z,1.4594,1.4712,100,100,80.5
2026-03-09 14:57:06.088Z,1.4597,1.4697,100,100,68.3
2026-03-09 14:57:07.077Z,1.4608,1.4696,100,100,60.1
2026-03-09 14:57:08.877Z,1.4611,1.4693,100,100,56.0
2026-03-09 14:57:09.426Z,1.4587,1.4707,100,100,81.9
2026-03-09 14:57:10.225Z,1.4604,1.4694,100,100,61.4
2026-03-09 14:57:11.797Z,1.4595,1.4701,100,100,72.4
2026-03-09 14:57:12.089Z,1.4594,1.4702,100,100,73.7
2026-03-09 14:57:13.014Z,1.4599,1.4707,100,100,73.7
2026-03-09 14:57:14.824Z,1.4604,1.4696,100,100,62.8
2026-03-09 14:57:15.224Z,1.4610,1.4694,100,100,57.3
2026-03-09 14:57:16.793Z,1.4593,1.4711,100,100,80.5
2026-03-09 14:57:17.771Z,1.4600,1.4704,100,100,71.0
2026-03-09 14:57:18.403Z,1.4590,1.4702,100,100,76.5
2026-03-09 14:57:19.246Z,1.4597,1.4697,100,100,68.3
2026-03-09 14:57:20.759Z,1.4603,1.4691,100,100,60.1
2026-03-09 14:57:21.873Z,1.4598,1.4700,100,100,69.6
2026-03-09 14:57:22.733Z,1.4610,1.4694,100,100,57.3
2026-03-09 14:57:23.118Z,1.4604,1.4694,100,100,61.4
2026-03-09 14:57:24.377Z,1.4607,1.4695,100,100,60.1
2026-03-09 14:57:25.167Z,1.4600,1.4702,100,100,69.6
2026-03-09 14:57:26.668Z,1.4604,1.4690,100,100,58.7
2026-03-09 14:57:27.622Z,1.4605,1.4689,100,100,57.3
2026-03-09 14:57:28.295Z,1.4605,1.4695,100,100,61.4
2026-03-09 14:57:29.354Z,1.4591,1.4707,100,100,79.2
2026-03-09 14:57:30.045Z,1.4599,1.4695,100,100,65.5
2026-03-09 14:57:31.584Z,1.4606,1.4690,100,100,57.3
2026-03-09 14:57:32.359Z,1.4589,1.4709,100,100,81.9
2026-03-09 14:57:33.622Z,1.4602,1.4696,100,100,64.2
2026-03-09 14:57:34.016Z,1.4606,1.4690,100,100,57.3
2026-03-09 14:57:35.190Z,1.4599,1.4697,100,100,66.9
2026-03-09 14:57:36.278Z,1.4595,1.4703,100,100,73.7
2026-03-09 14:57:37.310Z,1.4607,1.4697,100,100,61.4
2026-03-09 14:57:38.553Z,1.4592,1.4702,100,100,75.1
2026-03-09 14:57:39.304Z,1.4602,1.4704,100,100,69.6
2026-03-09 14:57:40.044Z,1.4601,1.4695,100,100,64.2
2026-03-09 14:57:41.844Z,1.4600,1.4706,100,100,72.3
2026-03-09 14:57:42.164Z,1.4597,1.4701,100,100,71.0
2026-03-09 14:57:43.646Z,1.4600,1.4700,100,100,68.3
2026-03-09 14:57:44.426Z,1.4597,1.4709,100,100,76.4
2026-03-09 14:57:45.304Z,1.4596,1.4708,100,100,76.4
2026-03-09 14:57:46.643Z,1.4600,1.4696,100,100,65.5
2026-03-09 14:57:47.012Z,1.4611,1.4693,100,100,56.0
2026-03-09 14:57:48.672Z,1.4588,1.4708,100,100,81.9
2026-03-09 14:57:49.062Z,1.4591,1.4705,100,100,77.8
2026-03-09 14:57:50.751Z,1.4593,1.4707,100,100,77.8
2026-03-09 14:57:51.254Z,1.4608,1.4694,100,100,58.7
2026-03-09 14:57:52.131Z,1.4607,1.4693,100,100,58.7
2026-03-09 14:57:53.758Z,1.4601,1.4693,100,100,62.8
2026-03-09 14:57:54.615Z,1.4598,1.4706,100,100,73.7
2026-03-09 14:57:55.458Z,1.4594,1.4710,100,100,79.2
2026-03-09 14:57:56.452Z,1.4611,1.4693,100,100,56.0
2026-03-09 14:57:57.801Z,1.4597,1.4709,100,100,76.4
2026-03-09 14:57:58.795Z,1.4594,1.4704,100,100,75.1
2026-03-09 14:57:59.526Z,1.4602,1.4698,100,100,65.5
2026-03-09 14:59:00.226Z,1.4599,1.4701,100,100,69.6
2026-03-09 14:59:01.200Z,1.4588,1.4706,100,100,80.6
2026-03-09 14:59:02.344Z,1.4603,1.4699,100,100,65.5
2026-03-09 14:59:03.135Z,1.4589,1.4707,100,100,80.6
2026-03-09 14:59:04.612Z,1.4601,1.4701,100,100,68.3
2026-03-09 14:59:05.393Z,1.4593,1.4701,100,100,73.7
2026-03-09 14:59:06.362Z,1.4596,1.4698,100,100,69.6
2026-03-09 14:59:07.276Z,1.4604,1.4690,100,100,58.7
2026-03-09 14:59:08.492Z,1.4604,1.4694,100,100,61.4
2026-03-09 14:59:09.153Z,1.4608,1.4696,100,100,60.1
2026-03-09 14:59:10.180Z,1.4597,1.4707,100,100,75.1
2026-03-09 14:59:11.690Z,1.4586,1.4708,100,100,83.3
2026-03-09 14:59:12.536Z,1.4602,1.4702,100,100,68.3
2026-03-09 14:59:13.741Z,1.4600,1.4694,100,100,64.2
2026-03-09 14:59:14.005Z,1.4603,1.4697,100,100,64.2
2026-03-09 14:59:15.395Z,1.4595,1.4701,100,100,72.4
2026-03-09 14:59:16.231Z,1.4603,1.4695,100,100,62.8
2026-03-09 14:59:17.592Z,1.4592,1.4702,100,100,75.1
2026-03-09 14:59:18.306Z,1.4606,1.4688,100,100,56.0
2026-03-09 14:59:19.101Z,1.4595,1.4701,100,100,72.4
2026-03-09 14:59:20.776Z,1.4606,1.4692,100,100,58.7
2026-03-09 14:59:21.796Z,1.4603,1.4691,100,100,60.1
2026-03-09 14:59:22.108Z,1.4603,1.4689,100,100,58.7
2026-03-09 14:59:23.296Z,1.4601,1.4689,100,100,60.1
2026-03-09 14:59:24.082Z,1.4586,1.4694,100,100,73.8
2026-03-09 14:59:25.852Z,1.4590,1.4676,100,100,58.8
2026-03-09 14:59:26.737Z,1.4582,1.4682,100,100,68.3
2026-03-09 14:59:27.111Z,1.4579,1.4681,100,100,69.7
2026-03-09 14:59:28.448Z,1.4568,1.4676,100,100,73.9
2026-03-09 14:59:29.165Z,1.4564,1.4682,100,100,80.7
2026-03-09 14:59:30.812Z,1.4563,1.4673,100,100,75.2
2026-03-09 14:59:31.209Z,1.4557,1.4675,100,100,80.7
2026-03-09 14:59:32.726Z,1.4574,1.4656,100,100,56.1
2026-03-09 14:59:33.553Z,1.4554,1.4656,100,100,69.8
2026-03-09 14:59:34.727Z,1.4551,1.4665,100,100,78.0
2026-03-09 14:59:35.444Z,1.4555,1.4653,100,100,67.1
2026-03-09 14:59:36.033Z,1.4550,1.4658,100,100,74.0
2026-03-09 14:59:37.104Z,1.4546,1.4648,100,100,69.9
2026-03-09 14:59:38.189Z,1.4547,1.4651,100,100,71.2
2026-03-09 14:59:39.427Z,1.4556,1.4646,100,100,61.6
2026-03-09 14:59:40.694Z,1.4561,1.4645,100,100,57.5
2026-03-09 14:59:41.088Z,1.4542,1.4662,100,100,82.2
2026-03-09 14:59:42.747Z,1.4557,1.4647,100,100,61.6
2026-03-09 14:59:43.115Z,1.4553,1.4649,100,100,65.7
2026-03-09 14:59:44.157Z,1.4553,1.4663,100,100,75.3
2026-03-09 14:59:45.220Z,1.4566,1.4652,100,100,58.9
2026-03-09 14:59:46.249Z,1.4546,1.4662,100,100,79.4
2026-03-09 14:59:47.868Z,1.4558,1.4658,100,100,68.5
2026-03-09 14:59:48.116Z,1.4546,1.4658,100,100,76.7
2026-03-09 14:59:49.886Z,1.4548,1.4656,100,100,74.0
2026-03-09 14:59:50.069Z,1.4545,1.4667,100,100,83.5
2026-03-09 14:59:51.096Z,1.4546,1.4666,100,100,82.2
2026-03-09 14:59:52.872Z,1.4547,1.4663,100,100,79.4
2026-03-09 14:59:53.887Z,1.4549,1.4655,100,100,72.6
2026-03-09 14:59:54.602Z,1.4554,1.4654,100,100,68.5
2026-03-09 14:59:55.419Z,1.4555,1.4649,100,100,64.4
2026-03-09 14:59:56.496Z,1.4554,1.4646,100,100,63.0
2026-03-09 14:59:57.258Z,1.4559,1.4643,100,100,57.5
2026-03-09 14:59:58.871Z,1.4541,1.4661,100,100,82.2
2026-03-09 14:59:59.199Z,1.4552,1.4648,100,100,65.8
2026-03-09 15:00:00.829Z,1.4545,1.4655,100,100,75.3
2026-03-09 15:00:01.220Z,1.4551,1.4649,100,100,67.1
2026-03-09 15:00:02.781Z,1.4545,1.4649,100,100,71.2
2026-03-09 15:00:03.645Z,1.4549,1.4653,100,100,71.2
2026-03-09 15:00:04.710Z,1.4541,1.4653,100,100,76.7
2026-03-09 15:00:05.645Z,1.4550,1.4654,100,100,71.2
2026-03-09 15:00:06.267Z,1.4553,1.4647,100,100,64.4
2026-03-09 15:00:07.288Z,1.4541,1.4659,100,100,80.8
2026-03-09 15:00:08.320Z,1.4542,1.4662,100,100,82.2
2026-03-09 15:00:09.464Z,1.4550,1.4652,100,100,69.9
2026-03-09 15:00:10.831Z,1.4544,1.4654,100,100,75.3
2026-03-09 15:00:11.176Z,1.4543,1.4657,100,100,78.1
2026-03-09 15:00:12.626Z,1.4550,1.4658,100,100,74.0
2026-03-09 15:00:13.478Z,1.4550,1.4652,100,100,69.9
2026-03-09 15:00:14.679Z,1.4543,1.4663,100,100,82.2
2026-03-09 15:00:15.755Z,1.4553,1.4651,100,100,67.1
2026-03-09 15:00:16.163Z,1.4555,1.4643,100,100,60.3
2026-03-09 15:00:17.531Z,1.4551,1.4649,100,100,67.1
2026-03-09 15:00:18.435Z,1.4559,1.4647,100,100,60.3
2026-03-09 15:00:19.634Z,1.4559,1.4643,100,100,57.5
2026-03-09 15:00:20.004Z,1.4559,1.4645,100,100,58.9
2026-03-09 15:00:21.873Z,1.4555,1.4647,100,100,63.0
2026-03-09 15:00:22.696Z,1.4555,1.4647,100,100,63.0
2026-03-09 15:00:23.478Z,1.4555,1.4647,100,100,63.0
2026-03-09 15:00:24.100Z,1.4554,1.4648,100,100,64.4
2026-03-09 15:00:25.514Z,1.4540,1.4654,100,100,78.1
2026-03-09 15:00:26.697Z,1.4545,1.4651,100,100,72.6
2026-03-09 15:00:27.025Z,1.4538,1.4654,100,100,79.5
2026-03-09 15:00:28.266Z,1.4549,1.4645,100,100,65.8
2026-03-09 15:00:29.172Z,1.4555,1.4643,100,100,60.3
2026-03-09 15:00:30.348Z,1.4551,1.4647,100,100,65.8
2026-03-09 15:00:31.573Z,1.4559,1.4641,100,100,56.2
2026-03-09 15:00:32.173Z,1.4556,1.4640,100,100,57.5
2026-03-09 15:00:33.131Z,1.4556,1.4648,100,100,63.0
2026-03-09 15:00:34.603Z,1.4545,1.4649,100,100,71.2
2026-03-09 15:00:35.668Z,1.4546,1.4652,100,100,72.6
2026-03-09 15:00:36.354Z,1.4540,1.4660,100,100,82.2
2026-03-09 15:00:37.324Z,1.4539,1.4659,100,100,82.2
2026-03-09 15:00:38.873Z,1.4541,1.4655,100,100,78.1
2026-03-09 15:00:39.200Z,1.4544,1.4654,100,100,75.3
2026-03-09 15:00:40.826Z,1.4551,1.4649,100,100,67.1
2026-03-09 15:00:41.747Z,1.4547,1.4655,100,100,74.0
2026-03-09 15:00:42.898Z,1.4546,1.4650,100,100,71.2
2026-03-09 15:00:43.174Z,1.4542,1.4656,100,100,78.1
2026-03-09 15:00:44.165Z,1.4551,1.4651,100,100,68.5
2026-03-09 15:00:45.744Z,1.4539,1.4659,100,100,82.2
2026-03-09 15:00:46.019Z,1.4551,1.4653,100,100,69.9
2026-03-09 15:00:47.850Z,1.4544,1.4650,100,100,72.6
2026-03-09 15:00:48.618Z,1.4558,1.4638,100,100,54.8
2026-03-09 15:00:49.351Z,1.4559,1.4643,100,100,57.5
2026-03-09 15:00:50.360Z,1.4550,1.4652,100,100,69.9
2026-03-09 15:00:51.378Z,1.4547,1.4653,100,100,72.6
2026-03-09 15:00:52.780Z,1.4559,1.4643,100,100,57.5
2026-03-09 15:00:53.420Z,1.4545,1.4659,100,100,78.1
2026-03-09 15:00:54.533Z,1.4549,1.4645,100,100,65.8
2026-03-09 15:00:55.154Z,1.4539,1.4661,100,100,83.6
2026-03-09 15:00:56.671Z,1.4556,1.4650,100,100,64.4
2026-03-09 15:00:57.429Z,1.4547,1.4653,100,100,72.6
2026-03-09 15:00:58.295Z,1.4558,1.4648,100,100,61.6
2026-03-09 15:00:59.539Z,1.4548,1.4652,100,100,71.2
2026-03-09 15:01:00.391Z,1.4551,1.4649,100,100,67.1
2026-03-09 15:01:01.835Z,1.4555,1.4643,100,100,60.3
2026-03-09 15:01:02.273Z,1.4553,1.4647,100,100,64.4
2026-03-09 15:01:03.567Z,1.4541,1.4653,100,100,76.7
2026-03-09 15:01:04.176Z,1.4560,1.4642,100,100,56.2
2026-03-09 15:01:05.569Z,1.4539,1.4657,100,100,80.8
2026-03-09 15:01:06.855Z,1.4552,1.4646,100,100,64.4
2026-03-09 15:01:07.298Z,1.4542,1.4658,100,100,79.5
2026-03-09 15:01:08.708Z,1.4550,1.4650,100,100,68.5
2026-03-09 15:01:09.411Z,1.4539,1.4655,100,100,79.5
2026-03-09 15:01:10.754Z,1.4548,1.4656,100,100,74.0
2026-03-09 15:01:11.381Z,1.4548,1.4656,100,100,74.0
2026-03-09 15:01:12.015Z,1.4560,1.4642,100,100,56.2
2026-03-09 15:01:13.868Z,1.4546,1.4654,100,100,74.0
2026-03-09 15:01:14.680Z,1.4544,1.4654,100,100,75.3
2026-03-09 15:01:15.630Z,1.4545,1.4661,100,100,79.4
2026-03-09 15:01:16.675Z,1.4547,1.4647,100,100,68.5
2026-03-09 15:01:17.278Z,1.4541,1.4653,100,100,76.7
2026-03-09 15:01:18.554Z,1.4543,1.4661,100,100,80.8
2026-03-09 15:01:19.676Z,1.4538,1.4658,100,100,82.2
2026-03-09 15:01:20.712Z,1.4543,1.4657,100,100,78.1
2026-03-09 15:01:21.078Z,1.4543,1.4655,100,100,76.7
2026-03-09 15:01:22.535Z,1.4544,1.4638,100,100,64.4
2026-03-09 15:01:23.547Z,1.4532,1.4650,100,100,80.9
2026-03-09 15:01:24.156Z,1.4545,1.4631,100,100,59.0
2026-03-09 15:01:25.773Z,1.4534,1.4632,100,100,67.2
2026-03-09 15:01:26.701Z,1.4532,1.4638,100,100,72.7
2026-03-09 15:01:27.848Z,1.4524,1.4630,100,100,72.7
2026-03-09 15:01:28.471Z,1.4518,1.4634,100,100,79.6
2026-03-09 15:01:29.315Z,1.4527,1.4623,100,100,65.9
2026-03-09 15:01:30.725Z,1.4513,1.4629,100,100,79.6
2026-03-09 15:01:31.597Z,1.4508,1.4624,100,100,79.6
2026-03-09 15:01:32.649Z,1.4509,1.4611,100,100,70.1
2026-03-09 15:01:33.856Z,1.4512,1.4598,100,100,59.1
2026-03-09 15:01:34.041Z,1.4497,1.4613,100,100,79.7
2026-03-09 15:01:35.279Z,1.4505,1.4601,100,100,66.0
2026-03-09 15:01:36.436Z,1.4493,1.4603,100,100,75.6
2026-03-09 15:01:37.838Z,1.4491,1.4607,100,100,79.7
2026-03-09 15:01:38.116Z,1.4495,1.4611,100,100,79.7
2026-03-09 15:01:39.052Z,1.4491,1.4607,100,100,79.7
2026-03-09 15:01:40.215Z,1.4506,1.4592,100,100,59.1
2026-03-09 15:01:41.835Z,1.4502,1.4596,100,100,64.6
2026-03-09 15:01:42.247Z,1.4509,1.4597,100,100,60.5
2026-03-09 15:01:43.032Z,1.4507,1.4599,100,100,63.2
2026-03-09 15:01:44.078Z,1.4503,1.4607,100,100,71.5
2026-03-09 15:01:45.170Z,1.4506,1.4602,100,100,66.0
2026-03-09 15:01:46.427Z,1.4496,1.4610,100,100,78.3
2026-03-09 15:01:47.318Z,1.4502,1.4606,100,100,71.5
2026-03-09 15:01:48.525Z,1.4495,1.4615,100,100,82.4
2026-03-09 15:01:49.892Z,1.4508,1.4604,100,100,66.0
2026-03-09 15:01:50.675Z,1.4505,1.4609,100,100,71.4
2026-03-09 15:01:51.604Z,1.4510,1.4598,100,100,60.5
2026-03-09 15:01:52.485Z,1.4502,1.4598,100,100,66.0
2026-03-09 15:01:53.386Z,1.4495,1.4607,100,100,77.0
2026-03-09 15:01:54.405Z,1.4497,1.4615,100,100,81.1
2026-03-09 15:01:55.097Z,1.4498,1.4600,100,100,70.1
2026-03-09 15:01:56.728Z,1.4501,1.4597,100,100,66.0
2026-03-09 15:01:57.783Z,1.4493,1.4601,100,100,74.2
2026-03-09 15:01:58.181Z,1.4498,1.4604,100,100,72.8
2026-03-09 15:01:59.206Z,1.4506,1.4594,100,100,60.5
2026-03-09 15:02:00.625Z,1.4504,1.4596,100,100,63.2
