TimestampUtc,Price,Size,Exchange
2026-03-09 13:31:00.890Z,1.4305,336,SYNTH
2026-03-09 13:31:01.758Z,1.4319,317,SYNTH
2026-03-09 13:31:02.388Z,1.4305,313,SYNTH
2026-03-09 13:31:03.641Z,1.4284,298,SYNTH
2026-03-09 13:31:04.164Z,1.4315,385,SYNTH
2026-03-09 13:31:05.754Z,1.4285,190,SYNTH
2026-03-09 13:31:06.715Z,1.4281,285,SYNTH
2026-03-09 13:31:07.852Z,1.4318,186,SYNTH
2026-03-09 13:31:08.665Z,1.4279,330,SYNTH
2026-03-09 13:31:09.481Z,1.4316,224,SYNTH
2026-03-09 13:31:10.269Z,1.4290,269,SYNTH
2026-03-09 13:31:11.327Z,1.4307,467,SYNTH
2026-03-09 13:31:12.252Z,1.4302,482,SYNTH
2026-03-09 13:31:13.241Z,1.4280,448,SYNTH
2026-03-09 13:31:14.827Z,1.4309,206,SYNTH
2026-03-09 13:31:15.471Z,1.4308,262,SYNTH
2026-03-09 13:31:16.715Z,1.4280,324,SYNTH
2026-03-09 13:31:17.769Z,1.4319,376,SYNTH
2026-03-09 13:31:18.347Z,1.4292,262,SYNTH
2026-03-09 13:31:19.379Z,1.4290,504,SYNTH
2026-03-09 13:31:20.369Z,1.4280,251,SYNTH
2026-03-09 13:31:21.175Z,1.4241,173,SYNTH
2026-03-09 13:31:22.592Z,1.4230,264,SYNTH
2026-03-09 13:31:23.003Z,1.4192,188,SYNTH
2026-03-09 13:31:24.474Z,1.4167,146,SYNTH
2026-03-09 13:31:25.056Z,1.4113,131,SYNTH
2026-03-09 13:31:26.629Z,1.4093,137,SYNTH
2026-03-09 13:31:27.529Z,1.4051,228,SYNTH
2026-03-09 13:31:28.711Z,1.3999,256,SYNTH
2026-03-09 13:31:29.601Z,1.3962,170,SYNTH
2026-03-09 13:31:30.002Z,1.3916,129,SYNTH
2026-03-09 13:31:31.088Z,1.3892,239,SYNTH
2026-03-09 13:31:32.242Z,1.3843,115,SYNTH
2026-03-09 13:31:33.546Z,1.3798,114,SYNTH
2026-03-09 13:31:34.240Z,1.3777,215,SYNTH
2026-03-09 13:31:35.339Z,1.3748,191,SYNTH
2026-03-09 13:31:36.840Z,1.3724,163,SYNTH
2026-03-09 13:31:37.111Z,1.3722,397,SYNTH
2026-03-09 13:31:38.426Z,1.3715,391,SYNTH
2026-03-09 13:31:39.147Z,1.3736,373,SYNTH
2026-03-09 13:31:40.415Z,1.3745,651,SYNTH
2026-03-09 13:31:41.571Z,1.3787,131,SYNTH
2026-03-09 13:31:42.895Z,1.3816,186,SYNTH
2026-03-09 13:31:43.084Z,1.3828,149,SYNTH
2026-03-09 13:31:44.003Z,1.3862,260,SYNTH
2026-03-09 13:31:45.149Z,1.3876,464,SYNTH
2026-03-09 13:31:46.536Z,1.3889,466,SYNTH
2026-03-09 13:31:47.165Z,1.3890,358,SYNTH
2026-03-09 13:31:48.145Z,1.3913,216,SYNTH
2026-03-09 13:31:49.758Z,1.3930,252,SYNTH
2026-03-09 13:31:50.160Z,1.3960,261,SYNTH
2026-03-09 13:31:51.647Z,1.3985,205,SYNTH
2026-03-09 13:31:52.225Z,1.4029,199,SYNTH
2026-03-09 13:31:53.525Z,1.4074,177,SYNTH
2026-03-09 13:31:54.085Z,1.4095,286,SYNTH
2026-03-09 13:31:55.453Z,1.4145,222,SYNTH
2026-03-09 13:31:56.889Z,1.4161,327,SYNTH
2026-03-09 13:31:57.511Z,1.4198,200,SYNTH
2026-03-09 13:31:58.723Z,1.4195,259,SYNTH
2026-03-09 13:31:59.052Z,1.4204,393,SYNTH
2026-03-09 13:32:00.254Z,1.4702,5,SYNTH
2026-03-09 13:32:01.344Z,1.4696,5,SYNTH
2026-03-09 13:32:02.867Z,1.4718,5,SYNTH
2026-03-09 13:32:03.112Z,1.4693,5,SYNTH
2026-03-09 13:32:04.544Z,1.4707,4,SYNTH
2026-03-09 13:32:05.088Z,1.4686,4,SYNTH
2026-03-09 13:32:06.556Z,1.4714,3,SYNTH
2026-03-09 13:32:07.372Z,1.4685,4,SYNTH
2026-03-09 13:32:08.889Z,1.4712,3,SYNTH
2026-03-09 13:32:09.796Z,1.4689,2,SYNTH
2026-03-09 13:32:10.521Z,1.4701,3,SYNTH
2026-03-09 13:32:11.310Z,1.4719,13,SYNTH
2026-03-09 13:32:12.310Z,1.4685,11,SYNTH
2026-03-09 13:32:13.520Z,1.4714,9,SYNTH
2026-03-09 13:32:14.859Z,1.4694,2,SYNTH
2026-03-09 13:32:15.374Z,1.4706,4,SYNTH
2026-03-09 13:32:16.164Z,1.4714,5,SYNTH
2026-03-09 13:32:17.176Z,1.4708,5,SYNTH
2026-03-09 13:32:18.664Z,1.4680,4,SYNTH
2026-03-09 13:32:19.886Z,1.4721,4,SYNTH
2026-03-09 13:32:20.667Z,1.4691,3,SYNTH
2026-03-09 13:32:21.283Z,1.4713,3,SYNTH
2026-03-09 13:32:22.417Z,1.4719,2,SYNTH
2026-03-09 13:32:23.877Z,1.4683,3,SYNTH
2026-03-09 13:32:24.019Z,1.4695,3,SYNTH
2026-03-09 13:32:25.850Z,1.4716,4,SYNTH
2026-03-09 13:32:26.031Z,1.4716,2,SYNTH
2026-03-09 13:32:27.559Z,1.4687,3,SYNTH
2026-03-09 13:32:28.878Z,1.4716,3,SYNTH
2026-03-09 13:32:29.418Z,1.4678,3,SYNTH
2026-03-09 13:32:30.842Z,1.4718,4,SYNTH
2026-03-09 13:32:31.064Z,1.4717,4,SYNTH
2026-03-09 13:32:32.559Z,1.4691,3,SYNTH
2026-03-09 13:32:33.815Z,1.4705,4,SYNTH
2026-03-09 13:32:34.665Z,1.4704,3,SYNTH
2026-03-09 13:32:35.107Z,1.4683,2,SYNTH
2026-03-09 13:32:36.500Z,1.4721,4,SYNTH
2026-03-09 13:32:37.842Z,1.4690,6,SYNTH
2026-03-09 13:32:38.854Z,1.4694,6,SYNTH
2026-03-09 13:32:39.041Z,1.4722,11,SYNTH
2026-03-09 13:32:40.314Z,1.4688,5,SYNTH
2026-03-09 13:32:41.630Z,1.4695,3,SYNTH
2026-03-09 13:32:42.207Z,1.4680,2,SYNTH
2026-03-09 13:32:43.339Z,1.4716,5,SYNTH
2026-03-09 13:32:44.693Z,1.4684,4,SYNTH
2026-03-09 13:32:45.364Z,1.4702,6,SYNTH
2026-03-09 13:32:46.661Z,1.4703,4,SYNTH
2026-03-09 13:32:47.121Z,1.4683,4,SYNTH
2026-03-09 13:32:48.208Z,1.4684,4,SYNTH
2026-03-09 13:32:49.356Z,1.4707,4,SYNTH
2026-03-09 13:32:50.263Z,1.4704,5,SYNTH
2026-03-09 13:32:51.265Z,1.4721,5,SYNTH
2026-03-09 13:32:52.858Z,1.4682,5,SYNTH
2026-03-09 13:32:53.382Z,1.4681,5,SYNTH
2026-03-09 13:32:54.155Z,1.4688,5,SYNTH
2026-03-09 13:32:55.602Z,1.4716,6,SYNTH
2026-03-09 13:32:56.514Z,1.4694,4,SYNTH
2026-03-09 13:32:57.715Z,1.4717,4,SYNTH
2026-03-09 13:32:58.802Z,1.4687,4,SYNTH
2026-03-09 13:32:59.657Z,1.4700,6,SYNTH
2026-03-09 13:33:00.362Z,1.4575,3,SYNTH
2026-03-09 13:33:01.363Z,1.4562,4,SYNTH
2026-03-09 13:33:02.412Z,1.4581,5,SYNTH
2026-03-09 13:33:03.439Z,1.4589,6,SYNTH
2026-03-09 13:33:04.104Z,1.4571,3,SYNTH
2026-03-09 13:33:05.508Z,1.4590,5,SYNTH
2026-03-09 13:33:06.765Z,1.4577,6,SYNTH
2026-03-09 13:33:07.875Z,1.4566,5,SYNTH
2026-03-09 13:33:08.706Z,1.4566,3,SYNTH
2026-03-09 13:33:09.875Z,1.4560,3,SYNTH
2026-03-09 13:33:10.729Z,1.4588,6,SYNTH
2026-03-09 13:33:11.756Z,1.4586,14,SYNTH
2026-03-09 13:33:12.668Z,1.4567,12,SYNTH
2026-03-09 13:33:13.242Z,1.4585,11,SYNTH
2026-03-09 13:33:14.427Z,1.4570,3,SYNTH
2026-03-09 13:33:15.393Z,1.4573,5,SYNTH
2026-03-09 13:33:16.474Z,1.4577,9,SYNTH
2026-03-09 13:33:17.315Z,1.4555,6,SYNTH
2026-03-09 13:33:18.404Z,1.4593,5,SYNTH
2026-03-09 13:33:19.685Z,1.4585,5,SYNTH
2026-03-09 13:33:20.405Z,1.4555,3,SYNTH
2026-03-09 13:33:21.181Z,1.4555,5,SYNTH
2026-03-09 13:33:22.291Z,1.4570,3,SYNTH
2026-03-09 13:33:23.155Z,1.4579,2,SYNTH
2026-03-09 13:33:24.243Z,1.4577,3,SYNTH
2026-03-09 13:33:25.755Z,1.4579,3,SYNTH
2026-03-09 13:33:26.037Z,1.4563,2,SYNTH
2026-03-09 13:33:27.023Z,1.4592,2,SYNTH
2026-03-09 13:33:28.040Z,1.4568,4,SYNTH
2026-03-09 13:33:29.067Z,1.4588,3,SYNTH
2026-03-09 13:33:30.292Z,1.4554,2,SYNTH
2026-03-09 13:33:31.793Z,1.4576,3,SYNTH
2026-03-09 13:33:32.615Z,1.4580,3,SYNTH
2026-03-09 13:33:33.151Z,1.4574,2,SYNTH
2026-03-09 13:33:34.867Z,1.4561,2,SYNTH
2026-03-09 13:33:35.044Z,1.4570,4,SYNTH
2026-03-09 13:33:36.708Z,1.4591,3,SYNTH
2026-03-09 13:33:37.207Z,1.4564,9,SYNTH
2026-03-09 13:33:38.588Z,1.4576,11,SYNTH
2026-03-09 13:33:39.359Z,1.4565,9,SYNTH
2026-03-09 13:33:40.388Z,1.4590,11,SYNTH
2026-03-09 13:33:41.804Z,1.4578,5,SYNTH
2026-03-09 13:33:42.227Z,1.4560,4,SYNTH
2026-03-09 13:33:43.521Z,1.4593,3,SYNTH
2026-03-09 13:33:44.670Z,1.4555,2,SYNTH
2026-03-09 13:33:45.535Z,1.4593,6,SYNTH
2026-03-09 13:33:46.091Z,1.4564,4,SYNTH
2026-03-09 13:33:47.882Z,1.4592,7,SYNTH
2026-03-09 13:33:48.292Z,1.4561,5,SYNTH
2026-03-09 13:33:49.171Z,1.4589,3,SYNTH
2026-03-09 13:33:50.778Z,1.4571,4,SYNTH
2026-03-09 13:33:51.436Z,1.4579,5,SYNTH
2026-03-09 13:33:52.845Z,1.4552,6,SYNTH
2026-03-09 13:33:53.636Z,1.4584,5,SYNTH
2026-03-09 13:33:54.696Z,1.4562,7,SYNTH
2026-03-09 13:33:55.248Z,1.4574,4,SYNTH
2026-03-09 13:33:56.387Z,1.4578,6,SYNTH
2026-03-09 13:33:57.598Z,1.4551,4,SYNTH
2026-03-09 13:33:58.230Z,1.4595,6,SYNTH
2026-03-09 13:33:59.743Z,1.4568,7,SYNTH
2026-03-09 13:36:00.768Z,1.4797,10,SYNTH
2026-03-09 13:36:01.782Z,1.4800,9,SYNTH
2026-03-09 13:36:02.342Z,1.4792,7,SYNTH
2026-03-09 13:36:03.695Z,1.4810,9,SYNTH
2026-03-09 13:36:04.359Z,1.4803,7,SYNTH
2026-03-09 13:36:05.117Z,1.4806,7,SYNTH
2026-03-09 13:36:06.526Z,1.4780,7,SYNTH
2026-03-09 13:36:07.791Z,1.4805,5,SYNTH
2026-03-09 13:36:08.708Z,1.4768,8,SYNTH
2026-03-09 13:36:09.662Z,1.4804,6,SYNTH
2026-03-09 13:36:10.163Z,1.4806,4,SYNTH
2026-03-09 13:36:11.815Z,1.4771,14,SYNTH
2026-03-09 13:36:12.735Z,1.4789,15,SYNTH
2026-03-09 13:36:13.795Z,1.4796,16,SYNTH
2026-03-09 13:36:14.083Z,1.4769,7,SYNTH
2026-03-09 13:36:15.423Z,1.4804,3,SYNTH
2026-03-09 13:36:16.702Z,1.4800,9,SYNTH
2026-03-09 13:36:17.874Z,1.4780,10,SYNTH
2026-03-09 13:36:18.477Z,1.4765,11,SYNTH
2026-03-09 13:36:19.128Z,1.4794,10,SYNTH
2026-03-09 13:36:20.780Z,1.4780,6,SYNTH
2026-03-09 13:36:21.173Z,1.4797,3,SYNTH
2026-03-09 13:36:22.648Z,1.4776,3,SYNTH
2026-03-09 13:36:23.537Z,1.4791,4,SYNTH
2026-03-09 13:36:24.866Z,1.4784,3,SYNTH
2026-03-09 13:36:25.040Z,1.4790,4,SYNTH
2026-03-09 13:36:26.607Z,1.4765,6,SYNTH
2026-03-09 13:36:27.243Z,1.4797,7,SYNTH
2026-03-09 13:36:28.778Z,1.4783,3,SYNTH
2026-03-09 13:36:29.319Z,1.4796,3,SYNTH
2026-03-09 13:36:30.834Z,1.4769,3,SYNTH
2026-03-09 13:36:31.135Z,1.4798,4,SYNTH
2026-03-09 13:36:32.855Z,1.4800,3,SYNTH
2026-03-09 13:36:33.023Z,1.4793,5,SYNTH
2026-03-09 13:36:34.399Z,1.4768,5,SYNTH
2026-03-09 13:36:35.734Z,1.4796,4,SYNTH
2026-03-09 13:36:36.132Z,1.4768,6,SYNTH
2026-03-09 13:36:37.773Z,1.4803,14,SYNTH
2026-03-09 13:36:38.571Z,1.4798,17,SYNTH
2026-03-09 13:36:39.051Z,1.4786,12,SYNTH
2026-03-09 13:36:40.255Z,1.4784,12,SYNTH
2026-03-09 13:36:41.148Z,1.4793,7,SYNTH
2026-03-09 13:36:42.021Z,1.4797,4,SYNTH
2026-03-09 13:36:43.376Z,1.4804,3,SYNTH
2026-03-09 13:36:44.129Z,1.4777,6,SYNTH
2026-03-09 13:36:45.241Z,1.4787,5,SYNTH
2026-03-09 13:36:46.596Z,1.4786,5,SYNTH
2026-03-09 13:36:47.095Z,1.4803,11,SYNTH
2026-03-09 13:36:48.522Z,1.4806,7,SYNTH
2026-03-09 13:36:49.216Z,1.4790,6,SYNTH
2026-03-09 13:36:50.828Z,1.4784,6,SYNTH
2026-03-09 13:36:51.266Z,1.4802,8,SYNTH
2026-03-09 13:36:52.576Z,1.4782,5,SYNTH
2026-03-09 13:36:53.886Z,1.4796,6,SYNTH
2026-03-09 13:36:54.549Z,1.4771,7,SYNTH
2026-03-09 13:36:55.713Z,1.4799,9,SYNTH
2026-03-09 13:36:56.845Z,1.4771,8,SYNTH
2026-03-09 13:36:57.125Z,1.4806,5,SYNTH
2026-03-09 13:36:58.768Z,1.4770,9,SYNTH
2026-03-09 13:36:59.053Z,1.4805,6,SYNTH
2026-03-09 13:38:00.030Z,1.4639,16,SYNTH
2026-03-09 13:38:01.118Z,1.4653,26,SYNTH
2026-03-09 13:38:02.215Z,1.4617,26,SYNTH
2026-03-09 13:38:03.244Z,1.4624,18,SYNTH
2026-03-09 13:38:04.330Z,1.4641,26,SYNTH
2026-03-09 13:38:05.781Z,1.4655,13,SYNTH
2026-03-09 13:38:06.572Z,1.4653,25,SYNTH
2026-03-09 13:38:07.846Z,1.4644,18,SYNTH
2026-03-09 13:38:08.255Z,1.4626,13,SYNTH
2026-03-09 13:38:09.456Z,1.4630,15,SYNTH
2026-03-09 13:38:10.193Z,1.4649,17,SYNTH
2026-03-09 13:38:11.495Z,1.4620,38,SYNTH
2026-03-09 13:38:12.000Z,1.4659,49,SYNTH
2026-03-09 13:38:13.095Z,1.4619,44,SYNTH
2026-03-09 13:38:14.526Z,1.4617,21,SYNTH
2026-03-09 13:38:15.358Z,1.4656,19,SYNTH
2026-03-09 13:38:16.337Z,1.4631,29,SYNTH
2026-03-09 13:38:17.395Z,1.4640,34,SYNTH
2026-03-09 13:38:18.350Z,1.4641,31,SYNTH
2026-03-09 13:38:19.458Z,1.4614,28,SYNTH
2026-03-09 13:38:20.316Z,1.4601,16,SYNTH
2026-03-09 13:38:21.398Z,1.4588,12,SYNTH
2026-03-09 13:38:22.753Z,1.4574,9,SYNTH
2026-03-09 13:38:23.040Z,1.4540,13,SYNTH
2026-03-09 13:38:24.194Z,1.4509,9,SYNTH
2026-03-09 13:38:25.391Z,1.4477,18,SYNTH
2026-03-09 13:38:26.809Z,1.4432,9,SYNTH
2026-03-09 13:38:27.899Z,1.4391,10,SYNTH
2026-03-09 13:38:28.116Z,1.4351,17,SYNTH
2026-03-09 13:38:29.345Z,1.4310,13,SYNTH
2026-03-09 13:38:30.818Z,1.4273,11,SYNTH
2026-03-09 13:38:31.857Z,1.4250,12,SYNTH
2026-03-09 13:38:32.156Z,1.4206,8,SYNTH
2026-03-09 13:38:33.857Z,1.4184,9,SYNTH
2026-03-09 13:38:34.682Z,1.4149,17,SYNTH
2026-03-09 13:38:35.405Z,1.4125,11,SYNTH
2026-03-09 13:38:36.046Z,1.4113,15,SYNTH
2026-03-09 13:38:37.472Z,1.4093,45,SYNTH
2026-03-09 13:38:38.430Z,1.4084,45,SYNTH
2026-03-09 13:38:39.256Z,1.4083,39,SYNTH
2026-03-09 13:38:40.306Z,1.4110,38,SYNTH
2026-03-09 13:38:41.121Z,1.4130,13,SYNTH
2026-03-09 13:38:42.583Z,1.4144,16,SYNTH
2026-03-09 13:38:43.655Z,1.4162,17,SYNTH
2026-03-09 13:38:44.568Z,1.4165,11,SYNTH
2026-03-09 13:38:45.599Z,1.4166,26,SYNTH
2026-03-09 13:38:46.690Z,1.4190,25,SYNTH
2026-03-09 13:38:47.858Z,1.4161,26,SYNTH
2026-03-09 13:38:48.095Z,1.4156,12,SYNTH
2026-03-09 13:38:49.683Z,1.4168,19,SYNTH
2026-03-09 13:38:50.262Z,1.4142,13,SYNTH
2026-03-09 13:38:51.179Z,1.4136,17,SYNTH
2026-03-09 13:38:52.471Z,1.4133,14,SYNTH
2026-03-09 13:38:53.390Z,1.4122,17,SYNTH
2026-03-09 13:38:54.734Z,1.4116,11,SYNTH
2026-03-09 13:38:55.757Z,1.4109,26,SYNTH
2026-03-09 13:38:56.442Z,1.4104,23,SYNTH
2026-03-09 13:38:57.141Z,1.4123,19,SYNTH
2026-03-09 13:38:58.664Z,1.4080,17,SYNTH
2026-03-09 13:38:59.205Z,1.4107,30,SYNTH
2026-03-09 13:40:00.467Z,1.3907,22,SYNTH
2026-03-09 13:40:01.513Z,1.3883,24,SYNTH
2026-03-09 13:40:02.298Z,1.3831,13,SYNTH
2026-03-09 13:40:03.083Z,1.3761,12,SYNTH
2026-03-09 13:40:04.501Z,1.3667,24,SYNTH
2026-03-09 13:40:05.242Z,1.3571,23,SYNTH
2026-03-09 13:40:06.374Z,1.3471,16,SYNTH
2026-03-09 13:40:07.576Z,1.3391,22,SYNTH
2026-03-09 13:40:08.027Z,1.3288,13,SYNTH
2026-03-09 13:40:09.694Z,1.3207,12,SYNTH
2026-03-09 13:40:10.340Z,1.3139,19,SYNTH
2026-03-09 13:40:11.496Z,1.3095,29,SYNTH
2026-03-09 13:40:12.272Z,1.3085,47,SYNTH
2026-03-09 13:40:13.661Z,1.3140,48,SYNTH
2026-03-09 13:40:14.472Z,1.3162,17,SYNTH
2026-03-09 13:40:15.131Z,1.3208,18,SYNTH
2026-03-09 13:40:16.313Z,1.3256,18,SYNTH
2026-03-09 13:40:17.168Z,1.3282,22,SYNTH
2026-03-09 13:40:18.242Z,1.3287,34,SYNTH
2026-03-09 13:40:19.700Z,1.3304,29,SYNTH
2026-03-09 13:40:20.468Z,1.3306,10,SYNTH
2026-03-09 13:40:21.670Z,1.3331,9,SYNTH
2026-03-09 13:40:22.626Z,1.3369,10,SYNTH
2026-03-09 13:40:23.600Z,1.3399,10,SYNTH
2026-03-09 13:40:24.270Z,1.3450,10,SYNTH
2026-03-09 13:40:25.113Z,1.3496,17,SYNTH
2026-03-09 13:40:26.699Z,1.3549,11,SYNTH
2026-03-09 13:40:27.331Z,1.3603,17,SYNTH
2026-03-09 13:40:28.620Z,1.3655,11,SYNTH
2026-03-09 13:40:29.047Z,1.3687,14,SYNTH
2026-03-09 13:40:30.399Z,1.3751,16,SYNTH
2026-03-09 13:40:31.477Z,1.3795,9,SYNTH
2026-03-09 13:40:32.027Z,1.3846,13,SYNTH
2026-03-09 13:40:33.639Z,1.3884,16,SYNTH
2026-03-09 13:40:34.469Z,1.3927,13,SYNTH
2026-03-09 13:40:35.250Z,1.3964,17,SYNTH
2026-03-09 13:40:36.183Z,1.3977,12,SYNTH
2026-03-09 13:40:37.248Z,1.3996,28,SYNTH
2026-03-09 13:40:38.000Z,1.4020,37,SYNTH
2026-03-09 13:40:39.365Z,1.3982,37,SYNTH
2026-03-09 13:40:40.322Z,1.4011,23,SYNTH
2026-03-09 13:40:41.446Z,1.3985,9,SYNTH
2026-03-09 13:40:42.027Z,1.3993,9,SYNTH
2026-03-09 13:40:43.019Z,1.3999,19,SYNTH
2026-03-09 13:40:44.045Z,1.3980,15,SYNTH
2026-03-09 13:40:45.300Z,1.3974,25,SYNTH
2026-03-09 13:40:46.538Z,1.3973,20,SYNTH
2026-03-09 13:40:47.012Z,1.4006,21,SYNTH
2026-03-09 13:40:48.648Z,1.3974,19,SYNTH
2026-03-09 13:40:49.161Z,1.4008,9,SYNTH
2026-03-09 13:40:50.502Z,1.3999,17,SYNTH
2026-03-09 13:40:51.656Z,1.3975,17,SYNTH
2026-03-09 13:40:52.103Z,1.4008,23,SYNTH
2026-03-09 13:40:53.882Z,1.4014,12,SYNTH
2026-03-09 13:40:54.274Z,1.4009,23,SYNTH
2026-03-09 13:40:55.113Z,1.4004,17,SYNTH
2026-03-09 13:40:56.436Z,1.4012,19,SYNTH
2026-03-09 13:40:57.178Z,1.4013,25,SYNTH
2026-03-09 13:40:58.407Z,1.4017,24,SYNTH
2026-03-09 13:40:59.282Z,1.3985,27,SYNTH
2026-03-09 13:41:00.520Z,1.4700,7,SYNTH
2026-03-09 13:41:01.754Z,1.4712,9,SYNTH
2026-03-09 13:41:02.859Z,1.4686,9,SYNTH
2026-03-09 13:41:03.790Z,1.4670,9,SYNTH
2026-03-09 13:41:04.151Z,1.4671,8,SYNTH
2026-03-09 13:41:05.866Z,1.4651,7,SYNTH
2026-03-09 13:41:06.254Z,1.4635,9,SYNTH
2026-03-09 13:41:07.822Z,1.4624,4,SYNTH
2026-03-09 13:41:08.567Z,1.4619,7,SYNTH
2026-03-09 13:41:09.843Z,1.4595,8,SYNTH
2026-03-09 13:41:10.727Z,1.4586,4,SYNTH
2026-03-09 13:41:11.140Z,1.4605,15,SYNTH
2026-03-09 13:41:12.889Z,1.4586,9,SYNTH
2026-03-09 13:41:13.456Z,1.4595,8,SYNTH
2026-03-09 13:41:14.027Z,1.4617,6,SYNTH
2026-03-09 13:41:15.719Z,1.4631,5,SYNTH
2026-03-09 13:41:16.699Z,1.4632,13,SYNTH
2026-03-09 13:41:17.173Z,1.4646,11,SYNTH
2026-03-09 13:41:18.018Z,1.4639,8,SYNTH
2026-03-09 13:41:19.703Z,1.4613,11,SYNTH
2026-03-09 13:41:20.560Z,1.4650,5,SYNTH
2026-03-09 13:41:21.128Z,1.4636,6,SYNTH
2026-03-09 13:41:22.387Z,1.4640,7,SYNTH
2026-03-09 13:41:23.822Z,1.4642,6,SYNTH
2026-03-09 13:41:24.690Z,1.4659,5,SYNTH
2026-03-09 13:41:25.455Z,1.4662,5,SYNTH
2026-03-09 13:41:26.180Z,1.4656,3,SYNTH
2026-03-09 13:41:27.415Z,1.4664,6,SYNTH
2026-03-09 13:41:28.349Z,1.4672,4,SYNTH
2026-03-09 13:41:29.434Z,1.4680,3,SYNTH
2026-03-09 13:41:30.223Z,1.4689,6,SYNTH
2026-03-09 13:41:31.184Z,1.4689,4,SYNTH
2026-03-09 13:41:32.887Z,1.4688,6,SYNTH
2026-03-09 13:41:33.811Z,1.4704,3,SYNTH
2026-03-09 13:41:34.079Z,1.4705,3,SYNTH
2026-03-09 13:41:35.882Z,1.4697,7,SYNTH
2026-03-09 13:41:36.628Z,1.4706,5,SYNTH
2026-03-09 13:41:37.159Z,1.4702,12,SYNTH
2026-03-09 13:41:38.284Z,1.4689,7,SYNTH
2026-03-09 13:41:39.526Z,1.4714,15,SYNTH
2026-03-09 13:41:40.564Z,1.4714,8,SYNTH
2026-03-09 13:41:41.242Z,1.4690,6,SYNTH
2026-03-09 13:41:42.045Z,1.4714,7,SYNTH
2026-03-09 13:41:43.414Z,1.4720,5,SYNTH
2026-03-09 13:41:44.594Z,1.4689,5,SYNTH
2026-03-09 13:41:45.881Z,1.4679,7,SYNTH
2026-03-09 13:41:46.871Z,1.4714,7,SYNTH
2026-03-09 13:41:47.328Z,1.4685,9,SYNTH
2026-03-09 13:41:48.460Z,1.4698,6,SYNTH
2026-03-09 13:41:49.823Z,1.4700,8,SYNTH
2026-03-09 13:41:50.704Z,1.4703,5,SYNTH
2026-03-09 13:41:51.776Z,1.4691,8,SYNTH
2026-03-09 13:41:52.713Z,1.4714,6,SYNTH
2026-03-09 13:41:53.278Z,1.4685,4,SYNTH
2026-03-09 13:41:54.846Z,1.4706,9,SYNTH
2026-03-09 13:41:55.221Z,1.4710,8,SYNTH
2026-03-09 13:41:56.560Z,1.4707,8,SYNTH
2026-03-09 13:41:57.197Z,1.4718,4,SYNTH
2026-03-09 13:41:58.775Z,1.4713,7,SYNTH
2026-03-09 13:41:59.412Z,1.4694,6,SYNTH
2026-03-09 13:43:00.055Z,1.4006,10,SYNTH
2026-03-09 13:43:01.160Z,1.4008,7,SYNTH
2026-03-09 13:43:02.146Z,1.3980,6,SYNTH
2026-03-09 13:43:03.457Z,1.4006,6,SYNTH
2026-03-09 13:43:04.142Z,1.3991,7,SYNTH
2026-03-09 13:43:05.375Z,1.3991,12,SYNTH
2026-03-09 13:43:06.465Z,1.4002,8,SYNTH
2026-03-09 13:43:07.028Z,1.4016,7,SYNTH
2026-03-09 13:43:08.587Z,1.3999,9,SYNTH
2026-03-09 13:43:09.097Z,1.4007,7,SYNTH
2026-03-09 13:43:10.187Z,1.4015,11,SYNTH
2026-03-09 13:43:11.091Z,1.3994,26,SYNTH
2026-03-09 13:43:12.070Z,1.4021,21,SYNTH
2026-03-09 13:43:13.814Z,1.4006,12,SYNTH
2026-03-09 13:43:14.627Z,1.3990,5,SYNTH
2026-03-09 13:43:15.107Z,1.4011,8,SYNTH
2026-03-09 13:43:16.255Z,1.3989,8,SYNTH
2026-03-09 13:43:17.415Z,1.4003,11,SYNTH
2026-03-09 13:43:18.495Z,1.4013,13,SYNTH
2026-03-09 13:43:19.664Z,1.3979,15,SYNTH
2026-03-09 13:43:20.691Z,1.4010,7,SYNTH
2026-03-09 13:43:21.640Z,1.4010,4,SYNTH
2026-03-09 13:43:22.051Z,1.4012,9,SYNTH
2026-03-09 13:43:23.279Z,1.4010,9,SYNTH
2026-03-09 13:43:24.708Z,1.4014,5,SYNTH
2026-03-09 13:43:25.336Z,1.4020,6,SYNTH
2026-03-09 13:43:26.736Z,1.3994,8,SYNTH
2026-03-09 13:43:27.515Z,1.4018,8,SYNTH
2026-03-09 13:43:28.165Z,1.3983,9,SYNTH
2026-03-09 13:43:29.800Z,1.3984,6,SYNTH
2026-03-09 13:43:30.263Z,1.4005,4,SYNTH
2026-03-09 13:43:31.146Z,1.4008,7,SYNTH
2026-03-09 13:43:32.300Z,1.3995,7,SYNTH
2026-03-09 13:43:33.539Z,1.4002,6,SYNTH
2026-03-09 13:43:34.746Z,1.3984,4,SYNTH
2026-03-09 13:43:35.393Z,1.3991,8,SYNTH
2026-03-09 13:43:36.641Z,1.4014,6,SYNTH
2026-03-09 13:43:37.024Z,1.3991,14,SYNTH
2026-03-09 13:43:38.761Z,1.4010,22,SYNTH
2026-03-09 13:43:39.133Z,1.3991,14,SYNTH
2026-03-09 13:43:40.568Z,1.4012,19,SYNTH
2026-03-09 13:43:41.438Z,1.3997,5,SYNTH
2026-03-09 13:43:42.161Z,1.4011,9,SYNTH
2026-03-09 13:43:43.868Z,1.3992,8,SYNTH
2026-03-09 13:43:44.778Z,1.4001,9,SYNTH
2026-03-09 13:43:45.661Z,1.3979,6,SYNTH
2026-03-09 13:43:46.072Z,1.4000,9,SYNTH
2026-03-09 13:43:47.871Z,1.4001,15,SYNTH
2026-03-09 13:43:48.119Z,1.3984,9,SYNTH
2026-03-09 13:43:49.176Z,1.4011,5,SYNTH
2026-03-09 13:43:50.367Z,1.4015,11,SYNTH
2026-03-09 13:43:51.707Z,1.4017,9,SYNTH
2026-03-09 13:43:52.078Z,1.3993,9,SYNTH
2026-03-09 13:43:53.482Z,1.4014,6,SYNTH
2026-03-09 13:43:54.176Z,1.3993,11,SYNTH
2026-03-09 13:43:55.672Z,1.4022,8,SYNTH
2026-03-09 13:43:56.189Z,1.3991,7,SYNTH
2026-03-09 13:43:57.211Z,1.4004,7,SYNTH
2026-03-09 13:43:58.621Z,1.4022,13,SYNTH
2026-03-09 13:43:59.681Z,1.3997,13,SYNTH
2026-03-09 13:45:00.203Z,1.4007,15,SYNTH
2026-03-09 13:45:01.773Z,1.3997,15,SYNTH
2026-03-09 13:45:02.157Z,1.3985,17,SYNTH
2026-03-09 13:45:03.183Z,1.3987,18,SYNTH
2026-03-09 13:45:04.136Z,1.4002,17,SYNTH
2026-03-09 13:45:05.105Z,1.4006,20,SYNTH
2026-03-09 13:45:06.658Z,1.4003,14,SYNTH
2026-03-09 13:45:07.832Z,1.4021,19,SYNTH
2026-03-09 13:45:08.655Z,1.3999,17,SYNTH
2026-03-09 13:45:09.487Z,1.3990,15,SYNTH
2026-03-09 13:45:10.412Z,1.3987,20,SYNTH
2026-03-09 13:45:11.808Z,1.4007,35,SYNTH
2026-03-09 13:45:12.645Z,1.3983,46,SYNTH
2026-03-09 13:45:13.805Z,1.4009,34,SYNTH
2026-03-09 13:45:14.371Z,1.4017,10,SYNTH
2026-03-09 13:45:15.445Z,1.4013,18,SYNTH
2026-03-09 13:45:16.851Z,1.4017,27,SYNTH
2026-03-09 13:45:17.258Z,1.3982,28,SYNTH
2026-03-09 13:45:18.821Z,1.4004,23,SYNTH
2026-03-09 13:45:19.788Z,1.4020,36,SYNTH
2026-03-09 13:45:20.389Z,1.4003,13,SYNTH
2026-03-09 13:45:21.445Z,1.3997,12,SYNTH
2026-03-09 13:45:22.213Z,1.4009,17,SYNTH
2026-03-09 13:45:23.160Z,1.3995,9,SYNTH
2026-03-09 13:45:24.487Z,1.4013,10,SYNTH
2026-03-09 13:45:25.814Z,1.3996,17,SYNTH
2026-03-09 13:45:26.777Z,1.4005,11,SYNTH
2026-03-09 13:45:27.103Z,1.4006,14,SYNTH
2026-03-09 13:45:28.441Z,1.3998,10,SYNTH
2026-03-09 13:45:29.455Z,1.3978,18,SYNTH
2026-03-09 13:45:30.168Z,1.3986,18,SYNTH
2026-03-09 13:45:31.658Z,1.4006,18,SYNTH
2026-03-09 13:45:32.480Z,1.3982,12,SYNTH
2026-03-09 13:45:33.057Z,1.4007,16,SYNTH
2026-03-09 13:45:34.111Z,1.3984,19,SYNTH
2026-03-09 13:45:35.627Z,1.4000,10,SYNTH
2026-03-09 13:45:36.388Z,1.4018,14,SYNTH
2026-03-09 13:45:37.801Z,1.3990,28,SYNTH
2026-03-09 13:45:38.662Z,1.4017,47,SYNTH
2026-03-09 13:45:39.210Z,1.3994,27,SYNTH
2026-03-09 13:45:40.726Z,1.4017,38,SYNTH
2026-03-09 13:45:41.164Z,1.4017,11,SYNTH
2026-03-09 13:45:42.495Z,1.3997,20,SYNTH
2026-03-09 13:45:43.696Z,1.3982,18,SYNTH
2026-03-09 13:45:44.814Z,1.4011,19,SYNTH
2026-03-09 13:45:45.496Z,1.4005,27,SYNTH
2026-03-09 13:45:46.111Z,1.4006,26,SYNTH
2026-03-09 13:45:47.655Z,1.3990,14,SYNTH
2026-03-09 13:45:48.323Z,1.3995,22,SYNTH
2026-03-09 13:45:49.784Z,1.4018,10,SYNTH
2026-03-09 13:45:50.645Z,1.3995,21,SYNTH
2026-03-09 13:45:51.703Z,1.4005,23,SYNTH
2026-03-09 13:45:52.829Z,1.4011,21,SYNTH
2026-03-09 13:45:53.827Z,1.4005,15,SYNTH
2026-03-09 13:45:54.527Z,1.3999,23,SYNTH
2026-03-09 13:45:55.447Z,1.3990,25,SYNTH
2026-03-09 13:45:56.300Z,1.4007,19,SYNTH
2026-03-09 13:45:57.526Z,1.3986,16,SYNTH
2026-03-09 13:45:58.874Z,1.4011,15,SYNTH
2026-03-09 13:45:59.274Z,1.4019,23,SYNTH
2026-03-09 13:52:00.724Z,1.4693,8,SYNTH
2026-03-09 13:52:01.253Z,1.4671,6,SYNTH
2026-03-09 13:52:02.723Z,1.4694,5,SYNTH
2026-03-09 13:52:03.350Z,1.4706,5,SYNTH
2026-03-09 13:52:04.794Z,1.4695,7,SYNTH
2026-03-09 13:52:05.373Z,1.4682,8,SYNTH
2026-03-09 13:52:06.439Z,1.4695,7,SYNTH
2026-03-09 13:52:07.522Z,1.4676,8,SYNTH
2026-03-09 13:52:08.436Z,1.4694,5,SYNTH
2026-03-09 13:52:09.187Z,1.4698,6,SYNTH
2026-03-09 13:52:10.560Z,1.4679,4,SYNTH
2026-03-09 13:52:11.306Z,1.4705,8,SYNTH
2026-03-09 13:52:12.821Z,1.4709,12,SYNTH
2026-03-09 13:52:13.562Z,1.4683,18,SYNTH
2026-03-09 13:52:14.358Z,1.4699,3,SYNTH
2026-03-09 13:52:15.534Z,1.4688,6,SYNTH
2026-03-09 13:52:16.839Z,1.4686,10,SYNTH
2026-03-09 13:52:17.860Z,1.4703,6,SYNTH
2026-03-09 13:52:18.458Z,1.4700,6,SYNTH
2026-03-09 13:52:19.802Z,1.4677,5,SYNTH
2026-03-09 13:52:20.476Z,1.4708,5,SYNTH
2026-03-09 13:52:21.709Z,1.4668,7,SYNTH
2026-03-09 13:52:22.583Z,1.4683,7,SYNTH
2026-03-09 13:52:23.810Z,1.4707,5,SYNTH
2026-03-09 13:52:24.225Z,1.4672,3,SYNTH
2026-03-09 13:52:25.813Z,1.4700,7,SYNTH
2026-03-09 13:52:26.223Z,1.4674,6,SYNTH
2026-03-09 13:52:27.683Z,1.4693,5,SYNTH
2026-03-09 13:52:28.235Z,1.4671,5,SYNTH
2026-03-09 13:52:29.344Z,1.4701,4,SYNTH
2026-03-09 13:52:30.811Z,1.4673,4,SYNTH
2026-03-09 13:52:31.082Z,1.4708,6,SYNTH
2026-03-09 13:52:32.372Z,1.4708,3,SYNTH
2026-03-09 13:52:33.503Z,1.4668,5,SYNTH
2026-03-09 13:52:34.260Z,1.4698,3,SYNTH
2026-03-09 13:52:35.172Z,1.4704,6,SYNTH
2026-03-09 13:52:36.253Z,1.4700,6,SYNTH
2026-03-09 13:52:37.185Z,1.4672,12,SYNTH
2026-03-09 13:52:38.345Z,1.4707,13,SYNTH
2026-03-09 13:52:39.120Z,1.4704,17,SYNTH
2026-03-09 13:52:40.698Z,1.4672,15,SYNTH
2026-03-09 13:52:41.479Z,1.4695,4,SYNTH
2026-03-09 13:52:42.059Z,1.4684,7,SYNTH
2026-03-09 13:52:43.617Z,1.4678,4,SYNTH
2026-03-09 13:52:44.754Z,1.4705,6,SYNTH
2026-03-09 13:52:45.845Z,1.4677,7,SYNTH
2026-03-09 13:52:46.362Z,1.4667,5,SYNTH
2026-03-09 13:52:47.335Z,1.4688,8,SYNTH
2026-03-09 13:52:48.597Z,1.4695,5,SYNTH
2026-03-09 13:52:49.276Z,1.4693,8,SYNTH
2026-03-09 13:52:50.076Z,1.4684,5,SYNTH
2026-03-09 13:52:51.031Z,1.4695,8,SYNTH
2026-03-09 13:52:52.868Z,1.4701,6,SYNTH
2026-03-09 13:52:53.085Z,1.4696,9,SYNTH
2026-03-09 13:52:54.129Z,1.4708,7,SYNTH
2026-03-09 13:52:55.352Z,1.4700,7,SYNTH
2026-03-09 13:52:56.784Z,1.4699,6,SYNTH
2026-03-09 13:52:57.352Z,1.4689,8,SYNTH
2026-03-09 13:52:58.214Z,1.4694,4,SYNTH
2026-03-09 13:52:59.673Z,1.4672,7,SYNTH
2026-03-09 13:54:00.811Z,1.4710,4,SYNTH
2026-03-09 13:54:01.038Z,1.4704,2,SYNTH
2026-03-09 13:54:02.343Z,1.4722,3,SYNTH
2026-03-09 13:54:03.377Z,1.4699,4,SYNTH
2026-03-09 13:54:04.679Z,1.4697,3,SYNTH
2026-03-09 13:54:05.661Z,1.4708,2,SYNTH
2026-03-09 13:54:06.668Z,1.4690,3,SYNTH
2026-03-09 13:54:07.269Z,1.4714,3,SYNTH
2026-03-09 13:54:08.392Z,1.4684,1,SYNTH
2026-03-09 13:54:09.397Z,1.4703,1,SYNTH
2026-03-09 13:54:10.054Z,1.4713,2,SYNTH
2026-03-09 13:54:11.241Z,1.4695,7,SYNTH
2026-03-09 13:54:12.185Z,1.4706,4,SYNTH
2026-03-09 13:54:13.266Z,1.4691,4,SYNTH
2026-03-09 13:54:14.482Z,1.4709,1,SYNTH
2026-03-09 13:54:15.206Z,1.4709,1,SYNTH
2026-03-09 13:54:16.658Z,1.4686,2,SYNTH
2026-03-09 13:54:17.203Z,1.4684,2,SYNTH
2026-03-09 13:54:18.397Z,1.4710,2,SYNTH
2026-03-09 13:54:19.105Z,1.4679,3,SYNTH
2026-03-09 13:54:20.816Z,1.4714,1,SYNTH
2026-03-09 13:54:21.205Z,1.4681,2,SYNTH
2026-03-09 13:54:22.375Z,1.4697,2,SYNTH
2026-03-09 13:54:23.096Z,1.4703,2,SYNTH
2026-03-09 13:54:24.646Z,1.4705,2,SYNTH
2026-03-09 13:54:25.350Z,1.4708,2,SYNTH
2026-03-09 13:54:26.485Z,1.4711,1,SYNTH
2026-03-09 13:54:27.444Z,1.4679,2,SYNTH
2026-03-09 13:54:28.638Z,1.4721,2,SYNTH
2026-03-09 13:54:29.175Z,1.4686,2,SYNTH
2026-03-09 13:54:30.840Z,1.4708,2,SYNTH
2026-03-09 13:54:31.417Z,1.4710,1,SYNTH
2026-03-09 13:54:32.610Z,1.4694,2,SYNTH
2026-03-09 13:54:33.868Z,1.4712,1,SYNTH
2026-03-09 13:54:34.702Z,1.4684,2,SYNTH
2026-03-09 13:54:35.254Z,1.4700,2,SYNTH
2026-03-09 13:54:36.215Z,1.4687,2,SYNTH
2026-03-09 13:54:37.500Z,1.4702,6,SYNTH
2026-03-09 13:54:38.370Z,1.4711,4,SYNTH
2026-03-09 13:54:39.205Z,1.4697,5,SYNTH
2026-03-09 13:54:40.228Z,1.4690,4,SYNTH
2026-03-09 13:54:41.684Z,1.4700,2,SYNTH
2026-03-09 13:54:42.075Z,1.4705,2,SYNTH
2026-03-09 13:54:43.865Z,1.4705,1,SYNTH
2026-03-09 13:54:44.760Z,1.4682,2,SYNTH
2026-03-09 13:54:45.513Z,1.4682,3,SYNTH
2026-03-09 13:54:46.149Z,1.4715,4,SYNTH
2026-03-09 13:54:47.383Z,1.4716,3,SYNTH
2026-03-09 13:54:48.791Z,1.4697,2,SYNTH
2026-03-09 13:54:49.078Z,1.4712,3,SYNTH
2026-03-09 13:54:50.754Z,1.4682,2,SYNTH
2026-03-09 13:54:51.354Z,1.4679,3,SYNTH
2026-03-09 13:54:52.606Z,1.4720,2,SYNTH
2026-03-09 13:54:53.086Z,1.4695,3,SYNTH
2026-03-09 13:54:54.104Z,1.4708,3,SYNTH
2026-03-09 13:54:55.074Z,1.4681,1,SYNTH
2026-03-09 13:54:56.644Z,1.4709,2,SYNTH
2026-03-09 13:54:57.881Z,1.4686,3,SYNTH
2026-03-09 13:54:58.583Z,1.4697,2,SYNTH
2026-03-09 13:54:59.409Z,1.4717,2,SYNTH
2026-03-09 13:55:00.230Z,1.3957,5,SYNTH
2026-03-09 13:55:01.227Z,1.3933,4,SYNTH
2026-03-09 13:55:02.148Z,1.3955,5,SYNTH
2026-03-09 13:55:03.865Z,1.3931,4,SYNTH
2026-03-09 13:55:04.638Z,1.3967,3,SYNTH
2026-03-09 13:55:05.756Z,1.3947,4,SYNTH
2026-03-09 13:55:06.350Z,1.3947,2,SYNTH
2026-03-09 13:55:07.169Z,1.3930,5,SYNTH
2026-03-09 13:55:08.056Z,1.3959,4,SYNTH
2026-03-09 13:55:09.702Z,1.3957,2,SYNTH
2026-03-09 13:55:10.487Z,1.3965,4,SYNTH
2026-03-09 13:55:11.335Z,1.3939,6,SYNTH
2026-03-09 13:55:12.433Z,1.3966,10,SYNTH
2026-03-09 13:55:13.323Z,1.3955,10,SYNTH
2026-03-09 13:55:14.728Z,1.3930,4,SYNTH
2026-03-09 13:55:15.612Z,1.3970,2,SYNTH
2026-03-09 13:55:16.020Z,1.3935,4,SYNTH
2026-03-09 13:55:17.480Z,1.3964,4,SYNTH
2026-03-09 13:55:18.413Z,1.3941,4,SYNTH
2026-03-09 13:55:19.265Z,1.3952,4,SYNTH
2026-03-09 13:55:20.890Z,1.3960,2,SYNTH
2026-03-09 13:55:21.713Z,1.3970,2,SYNTH
2026-03-09 13:55:22.531Z,1.3937,3,SYNTH
2026-03-09 13:55:23.453Z,1.3955,3,SYNTH
2026-03-09 13:55:24.146Z,1.3962,2,SYNTH
2026-03-09 13:55:25.452Z,1.3967,2,SYNTH
2026-03-09 13:55:26.617Z,1.3970,3,SYNTH
2026-03-09 13:55:27.340Z,1.3962,2,SYNTH
2026-03-09 13:55:28.084Z,1.3946,3,SYNTH
2026-03-09 13:55:29.793Z,1.3950,3,SYNTH
2026-03-09 13:55:30.396Z,1.3967,3,SYNTH
2026-03-09 13:55:31.244Z,1.3946,3,SYNTH
2026-03-09 13:55:32.797Z,1.3953,2,SYNTH
2026-03-09 13:55:33.168Z,1.3951,3,SYNTH
2026-03-09 13:55:34.125Z,1.3958,2,SYNTH
2026-03-09 13:55:35.231Z,1.3943,3,SYNTH
2026-03-09 13:55:36.089Z,1.3960,3,SYNTH
2026-03-09 13:55:37.525Z,1.3942,9,SYNTH
2026-03-09 13:55:38.525Z,1.3965,5,SYNTH
2026-03-09 13:55:39.673Z,1.3944,5,SYNTH
2026-03-09 13:55:40.364Z,1.3927,10,SYNTH
2026-03-09 13:55:41.469Z,1.3964,2,SYNTH
2026-03-09 13:55:42.376Z,1.3947,2,SYNTH
2026-03-09 13:55:43.316Z,1.3964,2,SYNTH
2026-03-09 13:55:44.657Z,1.3964,3,SYNTH
2026-03-09 13:55:45.664Z,1.3937,6,SYNTH
2026-03-09 13:55:46.873Z,1.3956,4,SYNTH
2026-03-09 13:55:47.594Z,1.3966,5,SYNTH
2026-03-09 13:55:48.573Z,1.3954,2,SYNTH
2026-03-09 13:55:49.214Z,1.3954,3,SYNTH
2026-03-09 13:55:50.609Z,1.3927,5,SYNTH
2026-03-09 13:55:51.287Z,1.3954,4,SYNTH
2026-03-09 13:55:52.213Z,1.3963,4,SYNTH
2026-03-09 13:55:53.066Z,1.3956,3,SYNTH
2026-03-09 13:55:54.599Z,1.3930,3,SYNTH
2026-03-09 13:55:55.263Z,1.3934,4,SYNTH
2026-03-09 13:55:56.530Z,1.3964,2,SYNTH
2026-03-09 13:55:57.700Z,1.3928,2,SYNTH
2026-03-09 13:55:58.079Z,1.3965,4,SYNTH
2026-03-09 13:55:59.016Z,1.3934,3,SYNTH
2026-03-09 13:57:00.458Z,1.4605,17,SYNTH
2026-03-09 13:57:01.328Z,1.4607,26,SYNTH
2026-03-09 13:57:02.125Z,1.4596,18,SYNTH
2026-03-09 13:57:03.079Z,1.4579,35,SYNTH
2026-03-09 13:57:04.889Z,1.4610,30,SYNTH
2026-03-09 13:57:05.893Z,1.4599,14,SYNTH
2026-03-09 13:57:06.516Z,1.4615,28,SYNTH
2026-03-09 13:57:07.254Z,1.4612,31,SYNTH
2026-03-09 13:57:08.344Z,1.4581,30,SYNTH
2026-03-09 13:57:09.505Z,1.4608,29,SYNTH
2026-03-09 13:57:10.066Z,1.4607,16,SYNTH
2026-03-09 13:57:11.810Z,1.4608,52,SYNTH
2026-03-09 13:57:12.383Z,1.4594,58,SYNTH
2026-03-09 13:57:13.724Z,1.4586,28,SYNTH
2026-03-09 13:57:14.109Z,1.4612,11,SYNTH
2026-03-09 13:57:15.387Z,1.4619,14,SYNTH
2026-03-09 13:57:16.426Z,1.4594,24,SYNTH
2026-03-09 13:57:17.743Z,1.4619,25,SYNTH
2026-03-09 13:57:18.090Z,1.4580,39,SYNTH
2026-03-09 13:57:19.406Z,1.4581,34,SYNTH
2026-03-09 13:57:20.602Z,1.4572,21,SYNTH
2026-03-09 13:57:21.779Z,1.4569,23,SYNTH
2026-03-09 13:57:22.348Z,1.4548,14,SYNTH
2026-03-09 13:57:23.831Z,1.4534,17,SYNTH
2026-03-09 13:57:24.504Z,1.4495,15,SYNTH
2026-03-09 13:57:25.801Z,1.4468,15,SYNTH
2026-03-09 13:57:26.392Z,1.4441,17,SYNTH
2026-03-09 13:57:27.333Z,1.4413,13,SYNTH
2026-03-09 13:57:28.877Z,1.4390,13,SYNTH
2026-03-09 13:57:29.523Z,1.4353,13,SYNTH
2026-03-09 13:57:30.661Z,1.4339,18,SYNTH
2026-03-09 13:57:31.496Z,1.4305,22,SYNTH
2026-03-09 13:57:32.339Z,1.4278,18,SYNTH
2026-03-09 13:57:33.101Z,1.4257,22,SYNTH
2026-03-09 13:57:34.124Z,1.4240,13,SYNTH
2026-03-09 13:57:35.284Z,1.4224,21,SYNTH
2026-03-09 13:57:36.563Z,1.4204,10,SYNTH
2026-03-09 13:57:37.198Z,1.4199,59,SYNTH
2026-03-09 13:57:38.362Z,1.4191,28,SYNTH
2026-03-09 13:57:39.654Z,1.4207,35,SYNTH
2026-03-09 13:57:40.633Z,1.4205,57,SYNTH
2026-03-09 13:57:41.802Z,1.4223,20,SYNTH
2026-03-09 13:57:42.281Z,1.4246,21,SYNTH
2026-03-09 13:57:43.208Z,1.4245,24,SYNTH
2026-03-09 13:57:44.088Z,1.4244,25,SYNTH
2026-03-09 13:57:45.174Z,1.4255,25,SYNTH
2026-03-09 13:57:46.061Z,1.4257,27,SYNTH
2026-03-09 13:57:47.837Z,1.4247,41,SYNTH
2026-03-09 13:57:48.332Z,1.4241,28,SYNTH
2026-03-09 13:57:49.241Z,1.4233,18,SYNTH
2026-03-09 13:57:50.527Z,1.4250,27,SYNTH
2026-03-09 13:57:51.238Z,1.4231,24,SYNTH
2026-03-09 13:57:52.850Z,1.4242,30,SYNTH
2026-03-09 13:57:53.243Z,1.4225,24,SYNTH
2026-03-09 13:57:54.236Z,1.4217,25,SYNTH
2026-03-09 13:57:55.331Z,1.4211,19,SYNTH
2026-03-09 13:57:56.601Z,1.4201,19,SYNTH
2026-03-09 13:57:57.878Z,1.4200,30,SYNTH
2026-03-09 13:57:58.190Z,1.4191,28,SYNTH
2026-03-09 13:57:59.848Z,1.4201,24,SYNTH
2026-03-09 13:58:00.152Z,1.4605,11,SYNTH
2026-03-09 13:58:01.494Z,1.4589,12,SYNTH
2026-03-09 13:58:02.797Z,1.4587,10,SYNTH
2026-03-09 13:58:03.335Z,1.4618,11,SYNTH
2026-03-09 13:58:04.886Z,1.4614,13,SYNTH
2026-03-09 13:58:05.507Z,1.4598,10,SYNTH
2026-03-09 13:58:06.343Z,1.4604,13,SYNTH
2026-03-09 13:58:07.850Z,1.4604,12,SYNTH
2026-03-09 13:58:08.463Z,1.4608,6,SYNTH
2026-03-09 13:58:09.846Z,1.4592,14,SYNTH
2026-03-09 13:58:10.200Z,1.4593,7,SYNTH
2026-03-09 13:58:11.237Z,1.4591,27,SYNTH
2026-03-09 13:58:12.831Z,1.4602,18,SYNTH
2026-03-09 13:58:13.655Z,1.4612,24,SYNTH
2026-03-09 13:58:14.083Z,1.4585,7,SYNTH
2026-03-09 13:58:15.355Z,1.4617,9,SYNTH
2026-03-09 13:58:16.017Z,1.4597,15,SYNTH
2026-03-09 13:58:17.290Z,1.4599,13,SYNTH
2026-03-09 13:58:18.141Z,1.4581,11,SYNTH
2026-03-09 13:58:19.271Z,1.4609,14,SYNTH
2026-03-09 13:58:20.485Z,1.4608,8,SYNTH
2026-03-09 13:58:21.386Z,1.4584,5,SYNTH
2026-03-09 13:58:22.427Z,1.4615,6,SYNTH
2026-03-09 13:58:23.487Z,1.4620,10,SYNTH
2026-03-09 13:58:24.804Z,1.4585,7,SYNTH
2026-03-09 13:58:25.000Z,1.4601,11,SYNTH
2026-03-09 13:58:26.253Z,1.4606,6,SYNTH
2026-03-09 13:58:27.865Z,1.4582,10,SYNTH
2026-03-09 13:58:28.752Z,1.4611,10,SYNTH
2026-03-09 13:58:29.550Z,1.4592,7,SYNTH
2026-03-09 13:58:30.341Z,1.4590,9,SYNTH
2026-03-09 13:58:31.479Z,1.4585,9,SYNTH
2026-03-09 13:58:32.844Z,1.4620,9,SYNTH
2026-03-09 13:58:33.506Z,1.4614,10,SYNTH
2026-03-09 13:58:34.771Z,1.4602,7,SYNTH
2026-03-09 13:58:35.228Z,1.4593,9,SYNTH
2026-03-09 13:58:36.593Z,1.4616,9,SYNTH
2026-03-09 13:58:37.195Z,1.4588,20,SYNTH
2026-03-09 13:58:38.857Z,1.4606,25,SYNTH
2026-03-09 13:58:39.826Z,1.4619,19,SYNTH
2026-03-09 13:58:40.470Z,1.4593,29,SYNTH
2026-03-09 13:58:41.738Z,1.4610,6,SYNTH
2026-03-09 13:58:42.180Z,1.4618,12,SYNTH
2026-03-09 13:58:43.325Z,1.4594,12,SYNTH
2026-03-09 13:58:44.030Z,1.4617,10,SYNTH
2026-03-09 13:58:45.259Z,1.4583,13,SYNTH
2026-03-09 13:58:46.730Z,1.4607,20,SYNTH
2026-03-09 13:58:47.128Z,1.4621,12,SYNTH
2026-03-09 13:58:48.175Z,1.4610,10,SYNTH
2026-03-09 13:58:49.738Z,1.4582,7,SYNTH
2026-03-09 13:58:50.198Z,1.4595,13,SYNTH
2026-03-09 13:58:51.873Z,1.4607,7,SYNTH
2026-03-09 13:58:52.066Z,1.4614,6,SYNTH
2026-03-09 13:58:53.817Z,1.4594,15,SYNTH
2026-03-09 13:58:54.369Z,1.4592,15,SYNTH
2026-03-09 13:58:55.646Z,1.4596,10,SYNTH
2026-03-09 13:58:56.663Z,1.4618,10,SYNTH
2026-03-09 13:58:57.146Z,1.4583,12,SYNTH
2026-03-09 13:58:58.131Z,1.4615,7,SYNTH
2026-03-09 13:58:59.560Z,1.4609,14,SYNTH
2026-03-09 14:03:00.404Z,1.4618,16,SYNTH
2026-03-09 14:03:01.520Z,1.4583,17,SYNTH
2026-03-09 14:03:02.605Z,1.4614,10,SYNTH
2026-03-09 14:03:03.471Z,1.4582,17,SYNTH
2026-03-09 14:03:04.870Z,1.4618,9,SYNTH
2026-03-09 14:03:05.566Z,1.4581,12,SYNTH
2026-03-09 14:03:06.807Z,1.4612,10,SYNTH
2026-03-09 14:03:07.084Z,1.4581,12,SYNTH
2026-03-09 14:03:08.860Z,1.4578,7,SYNTH
2026-03-09 14:03:09.267Z,1.4614,11,SYNTH
2026-03-09 14:03:10.584Z,1.4601,10,SYNTH
2026-03-09 14:03:11.338Z,1.4610,16,SYNTH
2026-03-09 14:03:12.062Z,1.4589,29,SYNTH
2026-03-09 14:03:13.599Z,1.4590,26,SYNTH
2026-03-09 14:03:14.428Z,1.4609,11,SYNTH
2026-03-09 14:03:15.449Z,1.4593,9,SYNTH
2026-03-09 14:03:16.766Z,1.4614,10,SYNTH
2026-03-09 14:03:17.421Z,1.4580,19,SYNTH
2026-03-09 14:03:18.820Z,1.4604,20,SYNTH
2026-03-09 14:03:19.461Z,1.4585,20,SYNTH
2026-03-09 14:03:20.715Z,1.4605,7,SYNTH
2026-03-09 14:03:21.469Z,1.4589,10,SYNTH
2026-03-09 14:03:22.061Z,1.4609,7,SYNTH
2026-03-09 14:03:23.000Z,1.4597,9,SYNTH
2026-03-09 14:03:24.534Z,1.4613,5,SYNTH
2026-03-09 14:03:25.049Z,1.4619,6,SYNTH
2026-03-09 14:03:26.068Z,1.4594,6,SYNTH
2026-03-09 14:03:27.740Z,1.4604,7,SYNTH
2026-03-09 14:03:28.046Z,1.4602,10,SYNTH
2026-03-09 14:03:29.423Z,1.4579,5,SYNTH
2026-03-09 14:03:30.367Z,1.4614,9,SYNTH
2026-03-09 14:03:31.014Z,1.4607,11,SYNTH
2026-03-09 14:03:32.468Z,1.4590,6,SYNTH
2026-03-09 14:03:33.347Z,1.4589,11,SYNTH
2026-03-09 14:03:34.753Z,1.4615,6,SYNTH
2026-03-09 14:03:35.717Z,1.4602,8,SYNTH
2026-03-09 14:03:36.113Z,1.4586,10,SYNTH
2026-03-09 14:03:37.648Z,1.4618,16,SYNTH
2026-03-09 14:03:38.101Z,1.4591,21,SYNTH
2026-03-09 14:03:39.690Z,1.4589,28,SYNTH
2026-03-09 14:03:40.849Z,1.4604,16,SYNTH
2026-03-09 14:03:41.071Z,1.4597,11,SYNTH
2026-03-09 14:03:42.590Z,1.4600,8,SYNTH
2026-03-09 14:03:43.084Z,1.4617,6,SYNTH
2026-03-09 14:03:44.671Z,1.4590,11,SYNTH
2026-03-09 14:03:45.096Z,1.4602,18,SYNTH
2026-03-09 14:03:46.649Z,1.4584,11,SYNTH
2026-03-09 14:03:47.831Z,1.4606,10,SYNTH
2026-03-09 14:03:48.653Z,1.4604,9,SYNTH
2026-03-09 14:03:49.762Z,1.4586,12,SYNTH
2026-03-09 14:03:50.160Z,1.4620,7,SYNTH
2026-03-09 14:03:51.349Z,1.4607,6,SYNTH
2026-03-09 14:03:52.541Z,1.4587,10,SYNTH
2026-03-09 14:03:53.182Z,1.4581,13,SYNTH
2026-03-09 14:03:54.449Z,1.4578,9,SYNTH
2026-03-09 14:03:55.537Z,1.4611,7,SYNTH
2026-03-09 14:03:56.289Z,1.4620,13,SYNTH
2026-03-09 14:03:57.827Z,1.4595,15,SYNTH
2026-03-09 14:03:58.413Z,1.4615,16,SYNTH
2026-03-09 14:03:59.543Z,1.4599,7,SYNTH
2026-03-09 14:04:00.661Z,1.4814,21,SYNTH
2026-03-09 14:04:01.516Z,1.4786,11,SYNTH
2026-03-09 14:04:02.762Z,1.4821,13,SYNTH
2026-03-09 14:04:03.834Z,1.4786,19,SYNTH
2026-03-09 14:04:04.246Z,1.4815,18,SYNTH
2026-03-09 14:04:05.142Z,1.4815,11,SYNTH
2026-03-09 14:04:06.823Z,1.4795,15,SYNTH
2026-03-09 14:04:07.804Z,1.4781,11,SYNTH
2026-03-09 14:04:08.250Z,1.4813,12,SYNTH
2026-03-09 14:04:09.039Z,1.4819,12,SYNTH
2026-03-09 14:04:10.639Z,1.4796,9,SYNTH
2026-03-09 14:04:11.758Z,1.4812,37,SYNTH
2026-03-09 14:04:12.885Z,1.4812,21,SYNTH
2026-03-09 14:04:13.656Z,1.4779,38,SYNTH
2026-03-09 14:04:14.285Z,1.4801,7,SYNTH
2026-03-09 14:04:15.516Z,1.4816,9,SYNTH
2026-03-09 14:04:16.580Z,1.4795,21,SYNTH
2026-03-09 14:04:17.141Z,1.4816,28,SYNTH
2026-03-09 14:04:18.803Z,1.4803,14,SYNTH
2026-03-09 14:04:19.561Z,1.4819,15,SYNTH
2026-03-09 14:04:20.443Z,1.4788,14,SYNTH
2026-03-09 14:04:21.776Z,1.4808,12,SYNTH
2026-03-09 14:04:22.490Z,1.4820,10,SYNTH
2026-03-09 14:04:23.583Z,1.4808,6,SYNTH
2026-03-09 14:04:24.512Z,1.4780,8,SYNTH
2026-03-09 14:04:25.511Z,1.4805,11,SYNTH
2026-03-09 14:04:26.616Z,1.4800,10,SYNTH
2026-03-09 14:04:27.376Z,1.4800,8,SYNTH
2026-03-09 14:04:28.478Z,1.4809,14,SYNTH
2026-03-09 14:04:29.793Z,1.4813,14,SYNTH
2026-03-09 14:04:30.701Z,1.4809,12,SYNTH
2026-03-09 14:04:31.282Z,1.4822,11,SYNTH
2026-03-09 14:04:32.849Z,1.4791,7,SYNTH
2026-03-09 14:04:33.423Z,1.4811,11,SYNTH
2026-03-09 14:04:34.487Z,1.4818,13,SYNTH
2026-03-09 14:04:35.145Z,1.4783,11,SYNTH
2026-03-09 14:04:36.708Z,1.4813,10,SYNTH
2026-03-09 14:04:37.617Z,1.4795,22,SYNTH
2026-03-09 14:04:38.602Z,1.4780,37,SYNTH
2026-03-09 14:04:39.707Z,1.4819,25,SYNTH
2026-03-09 14:04:40.829Z,1.4821,22,SYNTH
2026-03-09 14:04:41.531Z,1.4804,15,SYNTH
2026-03-09 14:04:42.174Z,1.4781,7,SYNTH
2026-03-09 14:04:43.752Z,1.4822,12,SYNTH
2026-03-09 14:04:44.136Z,1.4798,14,SYNTH
2026-03-09 14:04:45.440Z,1.4803,24,SYNTH
2026-03-09 14:04:46.410Z,1.4785,15,SYNTH
2026-03-09 14:04:47.838Z,1.4800,19,SYNTH
2026-03-09 14:04:48.171Z,1.4816,16,SYNTH
2026-03-09 14:04:49.855Z,1.4808,12,SYNTH
2026-03-09 14:04:50.520Z,1.4795,11,SYNTH
2026-03-09 14:04:51.357Z,1.4788,14,SYNTH
2026-03-09 14:04:52.035Z,1.4812,19,SYNTH
2026-03-09 14:04:53.182Z,1.4807,9,SYNTH
2026-03-09 14:04:54.504Z,1.4797,18,SYNTH
2026-03-09 14:04:55.140Z,1.4821,11,SYNTH
2026-03-09 14:04:56.564Z,1.4788,17,SYNTH
2026-03-09 14:04:57.815Z,1.4796,13,SYNTH
2026-03-09 14:04:58.220Z,1.4819,17,SYNTH
2026-03-09 14:04:59.701Z,1.4809,12,SYNTH
2026-03-09 14:05:00.325Z,1.4817,3,SYNTH
2026-03-09 14:05:01.801Z,1.4823,5,SYNTH
2026-03-09 14:05:02.515Z,1.4792,3,SYNTH
2026-03-09 14:05:03.779Z,1.4785,3,SYNTH
2026-03-09 14:05:04.858Z,1.4812,4,SYNTH
2026-03-09 14:05:05.704Z,1.4781,2,SYNTH
2026-03-09 14:05:06.360Z,1.4805,4,SYNTH
2026-03-09 14:05:07.798Z,1.4793,4,SYNTH
2026-03-09 14:05:08.384Z,1.4806,2,SYNTH
2026-03-09 14:05:09.853Z,1.4786,3,SYNTH
2026-03-09 14:05:10.233Z,1.4803,3,SYNTH
2026-03-09 14:05:11.665Z,1.4799,4,SYNTH
2026-03-09 14:05:12.425Z,1.4814,9,SYNTH
2026-03-09 14:05:13.419Z,1.4792,6,SYNTH
2026-03-09 14:05:14.363Z,1.4821,3,SYNTH
2026-03-09 14:05:15.878Z,1.4813,1,SYNTH
2026-03-09 14:05:16.122Z,1.4795,3,SYNTH
2026-03-09 14:05:17.518Z,1.4808,6,SYNTH
2026-03-09 14:05:18.754Z,1.4780,4,SYNTH
2026-03-09 14:05:19.660Z,1.4821,4,SYNTH
2026-03-09 14:05:20.476Z,1.4783,2,SYNTH
2026-03-09 14:05:21.691Z,1.4787,3,SYNTH
2026-03-09 14:05:22.324Z,1.4795,3,SYNTH
2026-03-09 14:05:23.142Z,1.4822,1,SYNTH
2026-03-09 14:05:24.178Z,1.4819,3,SYNTH
2026-03-09 14:05:25.584Z,1.4785,2,SYNTH
2026-03-09 14:05:26.263Z,1.4798,3,SYNTH
2026-03-09 14:05:27.626Z,1.4776,3,SYNTH
2026-03-09 14:05:28.396Z,1.4816,1,SYNTH
2026-03-09 14:05:29.470Z,1.4798,2,SYNTH
2026-03-09 14:05:30.786Z,1.4813,3,SYNTH
2026-03-09 14:05:31.417Z,1.4785,3,SYNTH
2026-03-09 14:05:32.553Z,1.4800,2,SYNTH
2026-03-09 14:05:33.406Z,1.4808,2,SYNTH
2026-03-09 14:05:34.772Z,1.4788,2,SYNTH
2026-03-09 14:05:35.858Z,1.4809,2,SYNTH
2026-03-09 14:05:36.663Z,1.4787,2,SYNTH
2026-03-09 14:05:37.202Z,1.4809,4,SYNTH
2026-03-09 14:05:38.492Z,1.4811,6,SYNTH
2026-03-09 14:05:39.398Z,1.4791,5,SYNTH
2026-03-09 14:05:40.328Z,1.4784,7,SYNTH
2026-03-09 14:05:41.099Z,1.4816,2,SYNTH
2026-03-09 14:05:42.516Z,1.4793,2,SYNTH
2026-03-09 14:05:43.809Z,1.4793,3,SYNTH
2026-03-09 14:05:44.027Z,1.4814,3,SYNTH
2026-03-09 14:05:45.699Z,1.4801,3,SYNTH
2026-03-09 14:05:46.109Z,1.4796,4,SYNTH
2026-03-09 14:05:47.573Z,1.4806,3,SYNTH
2026-03-09 14:05:48.115Z,1.4796,2,SYNTH
2026-03-09 14:05:49.096Z,1.4787,4,SYNTH
2026-03-09 14:05:50.871Z,1.4808,4,SYNTH
2026-03-09 14:05:51.671Z,1.4786,2,SYNTH
2026-03-09 14:05:52.466Z,1.4810,2,SYNTH
2026-03-09 14:05:53.850Z,1.4800,4,SYNTH
2026-03-09 14:05:54.604Z,1.4817,3,SYNTH
2026-03-09 14:05:55.125Z,1.4815,3,SYNTH
2026-03-09 14:05:56.045Z,1.4806,2,SYNTH
2026-03-09 14:05:57.115Z,1.4786,3,SYNTH
2026-03-09 14:05:58.862Z,1.4793,4,SYNTH
2026-03-09 14:05:59.667Z,1.4819,3,SYNTH
2026-03-09 14:06:00.167Z,1.4816,15,SYNTH
2026-03-09 14:06:01.823Z,1.4803,7,SYNTH
2026-03-09 14:06:02.790Z,1.4808,6,SYNTH
2026-03-09 14:06:03.263Z,1.4787,12,SYNTH
2026-03-09 14:06:04.001Z,1.4791,9,SYNTH
2026-03-09 14:06:05.399Z,1.4813,12,SYNTH
2026-03-09 14:06:06.629Z,1.4790,8,SYNTH
2026-03-09 14:06:07.470Z,1.4804,6,SYNTH
2026-03-09 14:06:08.103Z,1.4807,7,SYNTH
2026-03-09 14:06:09.259Z,1.4820,11,SYNTH
2026-03-09 14:06:10.568Z,1.4789,10,SYNTH
2026-03-09 14:06:11.737Z,1.4784,20,SYNTH
2026-03-09 14:06:12.679Z,1.4807,26,SYNTH
2026-03-09 14:06:13.142Z,1.4815,22,SYNTH
2026-03-09 14:06:14.191Z,1.4782,7,SYNTH
2026-03-09 14:06:15.412Z,1.4808,7,SYNTH
2026-03-09 14:06:16.360Z,1.4803,18,SYNTH
2026-03-09 14:06:17.844Z,1.4797,8,SYNTH
2026-03-09 14:06:18.140Z,1.4787,15,SYNTH
2026-03-09 14:06:19.424Z,1.4806,12,SYNTH
2026-03-09 14:06:20.575Z,1.4790,9,SYNTH
2026-03-09 14:06:21.293Z,1.4800,5,SYNTH
2026-03-09 14:06:22.551Z,1.4776,7,SYNTH
2026-03-09 14:06:23.394Z,1.4809,5,SYNTH
2026-03-09 14:06:24.199Z,1.4814,6,SYNTH
2026-03-09 14:06:25.297Z,1.4794,9,SYNTH
2026-03-09 14:06:26.828Z,1.4813,8,SYNTH
2026-03-09 14:06:27.657Z,1.4817,8,SYNTH
2026-03-09 14:06:28.201Z,1.4782,7,SYNTH
2026-03-09 14:06:29.504Z,1.4803,9,SYNTH
2026-03-09 14:06:30.874Z,1.4781,9,SYNTH
2026-03-09 14:06:31.301Z,1.4808,9,SYNTH
2026-03-09 14:06:32.178Z,1.4804,7,SYNTH
2026-03-09 14:06:33.109Z,1.4783,7,SYNTH
2026-03-09 14:06:34.762Z,1.4802,7,SYNTH
2026-03-09 14:06:35.310Z,1.4801,6,SYNTH
2026-03-09 14:06:36.704Z,1.4793,7,SYNTH
2026-03-09 14:06:37.891Z,1.4806,23,SYNTH
2026-03-09 14:06:38.788Z,1.4811,19,SYNTH
2026-03-09 14:06:39.161Z,1.4781,24,SYNTH
2026-03-09 14:06:40.670Z,1.4803,12,SYNTH
2026-03-09 14:06:41.317Z,1.4814,8,SYNTH
2026-03-09 14:06:42.484Z,1.4812,5,SYNTH
2026-03-09 14:06:43.829Z,1.4806,8,SYNTH
2026-03-09 14:06:44.878Z,1.4789,6,SYNTH
2026-03-09 14:06:45.673Z,1.4780,16,SYNTH
2026-03-09 14:06:46.323Z,1.4807,16,SYNTH
2026-03-09 14:06:47.872Z,1.4786,10,SYNTH
2026-03-09 14:06:48.880Z,1.4815,9,SYNTH
2026-03-09 14:06:49.313Z,1.4815,7,SYNTH
2026-03-09 14:06:50.395Z,1.4782,8,SYNTH
2026-03-09 14:06:51.195Z,1.4811,9,SYNTH
2026-03-09 14:06:52.005Z,1.4809,10,SYNTH
2026-03-09 14:06:53.165Z,1.4815,8,SYNTH
2026-03-09 14:06:54.763Z,1.4784,7,SYNTH
2026-03-09 14:06:55.493Z,1.4778,12,SYNTH
2026-03-09 14:06:56.160Z,1.4812,11,SYNTH
2026-03-09 14:06:57.193Z,1.4781,13,SYNTH
2026-03-09 14:06:58.292Z,1.4810,10,SYNTH
2026-03-09 14:06:59.511Z,1.4791,11,SYNTH
2026-03-09 14:07:00.255Z,1.4816,10,SYNTH
2026-03-09 14:07:01.849Z,1.4790,7,SYNTH
2026-03-09 14:07:02.821Z,1.4811,9,SYNTH
2026-03-09 14:07:03.010Z,1.4809,5,SYNTH
2026-03-09 14:07:04.831Z,1.4788,7,SYNTH
2026-03-09 14:07:05.439Z,1.4804,7,SYNTH
2026-03-09 14:07:06.451Z,1.4795,5,SYNTH
2026-03-09 14:07:07.415Z,1.4804,4,SYNTH
2026-03-09 14:07:08.671Z,1.4818,6,SYNTH
2026-03-09 14:07:09.345Z,1.4786,7,SYNTH
2026-03-09 14:07:10.756Z,1.4805,6,SYNTH
2026-03-09 14:07:11.423Z,1.4807,17,SYNTH
2026-03-09 14:07:12.499Z,1.4782,19,SYNTH
2026-03-09 14:07:13.415Z,1.4818,10,SYNTH
2026-03-09 14:07:14.531Z,1.4811,3,SYNTH
2026-03-09 14:07:15.552Z,1.4781,3,SYNTH
2026-03-09 14:07:16.821Z,1.4808,10,SYNTH
2026-03-09 14:07:17.849Z,1.4786,8,SYNTH
2026-03-09 14:07:18.480Z,1.4788,12,SYNTH
2026-03-09 14:07:19.519Z,1.4809,5,SYNTH
2026-03-09 14:07:20.732Z,1.4792,6,SYNTH
2026-03-09 14:07:21.624Z,1.4811,4,SYNTH
2026-03-09 14:07:22.698Z,1.4807,5,SYNTH
2026-03-09 14:07:23.593Z,1.4805,3,SYNTH
2026-03-09 14:07:24.565Z,1.4812,3,SYNTH
2026-03-09 14:07:25.716Z,1.4802,4,SYNTH
2026-03-09 14:07:26.833Z,1.4786,4,SYNTH
2026-03-09 14:07:27.055Z,1.4815,3,SYNTH
2026-03-09 14:07:28.156Z,1.4816,5,SYNTH
2026-03-09 14:07:29.384Z,1.4798,4,SYNTH
2026-03-09 14:07:30.632Z,1.4816,6,SYNTH
2026-03-09 14:07:31.289Z,1.4822,5,SYNTH
2026-03-09 14:07:32.642Z,1.4793,6,SYNTH
2026-03-09 14:07:33.124Z,1.4805,6,SYNTH
2026-03-09 14:07:34.459Z,1.4805,6,SYNTH
2026-03-09 14:07:35.419Z,1.4782,4,SYNTH
2026-03-09 14:07:36.526Z,1.4787,3,SYNTH
2026-03-09 14:07:37.649Z,1.4802,8,SYNTH
2026-03-09 14:07:38.045Z,1.4777,11,SYNTH
2026-03-09 14:07:39.885Z,1.4813,9,SYNTH
2026-03-09 14:07:40.827Z,1.4810,13,SYNTH
2026-03-09 14:07:41.518Z,1.4781,7,SYNTH
2026-03-09 14:07:42.549Z,1.4807,5,SYNTH
2026-03-09 14:07:43.540Z,1.4805,4,SYNTH
2026-03-09 14:07:44.815Z,1.4787,3,SYNTH
2026-03-09 14:07:45.749Z,1.4804,9,SYNTH
2026-03-09 14:07:46.550Z,1.4805,8,SYNTH
2026-03-09 14:07:47.225Z,1.4790,8,SYNTH
2026-03-09 14:07:48.563Z,1.4805,3,SYNTH
2026-03-09 14:07:49.610Z,1.4809,7,SYNTH
2026-03-09 14:07:50.487Z,1.4793,8,SYNTH
2026-03-09 14:07:51.898Z,1.4791,6,SYNTH
2026-03-09 14:07:52.075Z,1.4814,4,SYNTH
2026-03-09 14:07:53.343Z,1.4780,9,SYNTH
2026-03-09 14:07:54.349Z,1.4810,6,SYNTH
2026-03-09 14:07:55.136Z,1.4792,7,SYNTH
2026-03-09 14:07:56.042Z,1.4812,9,SYNTH
2026-03-09 14:07:57.562Z,1.4779,8,SYNTH
2026-03-09 14:07:58.713Z,1.4816,5,SYNTH
2026-03-09 14:07:59.213Z,1.4780,6,SYNTH
2026-03-09 14:12:00.672Z,1.4613,12,SYNTH
2026-03-09 14:12:01.845Z,1.4615,14,SYNTH
2026-03-09 14:12:02.273Z,1.4578,11,SYNTH
2026-03-09 14:12:03.860Z,1.4607,6,SYNTH
2026-03-09 14:12:04.246Z,1.4593,9,SYNTH
2026-03-09 14:12:05.542Z,1.4611,13,SYNTH
2026-03-09 14:12:06.719Z,1.4609,11,SYNTH
2026-03-09 14:12:07.152Z,1.4594,9,SYNTH
2026-03-09 14:12:08.706Z,1.4611,11,SYNTH
2026-03-09 14:12:09.828Z,1.4586,12,SYNTH
2026-03-09 14:12:10.076Z,1.4603,9,SYNTH
2026-03-09 14:12:11.856Z,1.4602,18,SYNTH
2026-03-09 14:12:12.860Z,1.4596,22,SYNTH
2026-03-09 14:12:13.663Z,1.4596,13,SYNTH
2026-03-09 14:12:14.115Z,1.4613,9,SYNTH
2026-03-09 14:12:15.438Z,1.4594,9,SYNTH
2026-03-09 14:12:16.653Z,1.4610,15,SYNTH
2026-03-09 14:12:17.555Z,1.4582,19,SYNTH
2026-03-09 14:12:18.000Z,1.4615,11,SYNTH
2026-03-09 14:12:19.308Z,1.4616,18,SYNTH
2026-03-09 14:12:20.441Z,1.4611,7,SYNTH
2026-03-09 14:12:21.732Z,1.4631,5,SYNTH
2026-03-09 14:12:22.419Z,1.4627,8,SYNTH
2026-03-09 14:12:23.271Z,1.4634,9,SYNTH
2026-03-09 14:12:24.676Z,1.4661,7,SYNTH
2026-03-09 14:12:25.061Z,1.4661,10,SYNTH
2026-03-09 14:12:26.067Z,1.4680,5,SYNTH
2026-03-09 14:12:27.899Z,1.4698,10,SYNTH
2026-03-09 14:12:28.386Z,1.4719,9,SYNTH
2026-03-09 14:12:29.298Z,1.4723,9,SYNTH
2026-03-09 14:12:30.454Z,1.4752,6,SYNTH
2026-03-09 14:12:31.461Z,1.4745,8,SYNTH
2026-03-09 14:12:32.503Z,1.4765,4,SYNTH
2026-03-09 14:12:33.822Z,1.4770,9,SYNTH
2026-03-09 14:12:34.824Z,1.4792,4,SYNTH
2026-03-09 14:12:35.760Z,1.4800,10,SYNTH
2026-03-09 14:12:36.306Z,1.4808,6,SYNTH
2026-03-09 14:12:37.844Z,1.4812,17,SYNTH
2026-03-09 14:12:38.896Z,1.4804,13,SYNTH
2026-03-09 14:12:39.242Z,1.4818,27,SYNTH
2026-03-09 14:12:40.032Z,1.4789,24,SYNTH
2026-03-09 14:12:41.028Z,1.4778,8,SYNTH
2026-03-09 14:12:42.294Z,1.4782,10,SYNTH
2026-03-09 14:12:43.161Z,1.4775,9,SYNTH
2026-03-09 14:12:44.432Z,1.4765,9,SYNTH
2026-03-09 14:12:45.013Z,1.4761,7,SYNTH
2026-03-09 14:12:46.215Z,1.4785,14,SYNTH
2026-03-09 14:12:47.233Z,1.4766,11,SYNTH
2026-03-09 14:12:48.160Z,1.4784,9,SYNTH
2026-03-09 14:12:49.004Z,1.4773,11,SYNTH
2026-03-09 14:12:50.428Z,1.4784,6,SYNTH
2026-03-09 14:12:51.154Z,1.4788,11,SYNTH
2026-03-09 14:12:52.548Z,1.4801,11,SYNTH
2026-03-09 14:12:53.477Z,1.4795,8,SYNTH
2026-03-09 14:12:54.823Z,1.4800,8,SYNTH
2026-03-09 14:12:55.091Z,1.4800,9,SYNTH
2026-03-09 14:12:56.568Z,1.4796,8,SYNTH
2026-03-09 14:12:57.514Z,1.4809,13,SYNTH
2026-03-09 14:12:58.124Z,1.4779,13,SYNTH
2026-03-09 14:12:59.026Z,1.4800,11,SYNTH
2026-03-09 14:13:00.674Z,1.4803,14,SYNTH
2026-03-09 14:13:01.879Z,1.4782,21,SYNTH
2026-03-09 14:13:02.494Z,1.4776,22,SYNTH
2026-03-09 14:13:03.750Z,1.4763,23,SYNTH
2026-03-09 14:13:04.547Z,1.4728,30,SYNTH
2026-03-09 14:13:05.064Z,1.4714,23,SYNTH
2026-03-09 14:13:06.013Z,1.4697,19,SYNTH
2026-03-09 14:13:07.300Z,1.4659,15,SYNTH
2026-03-09 14:13:08.483Z,1.4631,22,SYNTH
2026-03-09 14:13:09.777Z,1.4627,17,SYNTH
2026-03-09 14:13:10.512Z,1.4610,20,SYNTH
2026-03-09 14:13:11.232Z,1.4585,43,SYNTH
2026-03-09 14:13:12.826Z,1.4590,41,SYNTH
2026-03-09 14:13:13.040Z,1.4616,36,SYNTH
2026-03-09 14:13:14.067Z,1.4628,22,SYNTH
2026-03-09 14:13:15.850Z,1.4647,17,SYNTH
2026-03-09 14:13:16.339Z,1.4682,43,SYNTH
2026-03-09 14:13:17.355Z,1.4686,43,SYNTH
2026-03-09 14:13:18.810Z,1.4687,36,SYNTH
2026-03-09 14:13:19.603Z,1.4682,32,SYNTH
2026-03-09 14:13:20.285Z,1.4701,12,SYNTH
2026-03-09 14:13:21.236Z,1.4705,12,SYNTH
2026-03-09 14:13:22.064Z,1.4705,23,SYNTH
2026-03-09 14:13:23.226Z,1.4720,9,SYNTH
2026-03-09 14:13:24.273Z,1.4717,12,SYNTH
2026-03-09 14:13:25.023Z,1.4725,16,SYNTH
2026-03-09 14:13:26.115Z,1.4741,20,SYNTH
2026-03-09 14:13:27.796Z,1.4742,20,SYNTH
2026-03-09 14:13:28.409Z,1.4753,16,SYNTH
2026-03-09 14:13:29.128Z,1.4749,16,SYNTH
2026-03-09 14:13:30.229Z,1.4774,11,SYNTH
2026-03-09 14:13:31.220Z,1.4779,16,SYNTH
2026-03-09 14:13:32.757Z,1.4785,15,SYNTH
2026-03-09 14:13:33.573Z,1.4797,10,SYNTH
2026-03-09 14:13:34.661Z,1.4799,12,SYNTH
2026-03-09 14:13:35.055Z,1.4795,14,SYNTH
2026-03-09 14:13:36.825Z,1.4803,22,SYNTH
2026-03-09 14:13:37.543Z,1.4790,35,SYNTH
2026-03-09 14:13:38.134Z,1.4818,43,SYNTH
2026-03-09 14:13:39.173Z,1.4796,45,SYNTH
2026-03-09 14:13:40.869Z,1.4812,55,SYNTH
2026-03-09 14:13:41.019Z,1.4793,15,SYNTH
2026-03-09 14:13:42.216Z,1.4819,25,SYNTH
2026-03-09 14:13:43.423Z,1.4781,13,SYNTH
2026-03-09 14:13:44.249Z,1.4790,16,SYNTH
2026-03-09 14:13:45.659Z,1.4804,27,SYNTH
2026-03-09 14:13:46.464Z,1.4807,38,SYNTH
2026-03-09 14:13:47.050Z,1.4806,24,SYNTH
2026-03-09 14:13:48.539Z,1.4788,24,SYNTH
2026-03-09 14:13:49.479Z,1.4809,23,SYNTH
2026-03-09 14:13:50.271Z,1.4815,19,SYNTH
2026-03-09 14:13:51.188Z,1.4793,13,SYNTH
2026-03-09 14:13:52.149Z,1.4804,21,SYNTH
2026-03-09 14:13:53.365Z,1.4816,18,SYNTH
2026-03-09 14:13:54.167Z,1.4786,26,SYNTH
2026-03-09 14:13:55.835Z,1.4802,28,SYNTH
2026-03-09 14:13:56.126Z,1.4797,21,SYNTH
2026-03-09 14:13:57.067Z,1.4801,22,SYNTH
2026-03-09 14:13:58.470Z,1.4804,20,SYNTH
2026-03-09 14:13:59.087Z,1.4800,22,SYNTH
2026-03-09 14:24:00.697Z,1.4809,66,SYNTH
2026-03-09 14:24:01.397Z,1.4787,32,SYNTH
2026-03-09 14:24:02.192Z,1.4770,47,SYNTH
2026-03-09 14:24:03.842Z,1.4774,51,SYNTH
2026-03-09 14:24:04.715Z,1.4766,42,SYNTH
2026-03-09 14:24:05.727Z,1.4744,63,SYNTH
2026-03-09 14:24:06.218Z,1.4730,54,SYNTH
2026-03-09 14:24:07.142Z,1.4730,60,SYNTH
2026-03-09 14:24:08.784Z,1.4719,26,SYNTH
2026-03-09 14:24:09.195Z,1.4695,35,SYNTH
2026-03-09 14:24:10.501Z,1.4696,57,SYNTH
2026-03-09 14:24:11.660Z,1.4696,126,SYNTH
2026-03-09 14:24:12.499Z,1.4686,103,SYNTH
2026-03-09 14:24:13.628Z,1.4697,134,SYNTH
2026-03-09 14:24:14.796Z,1.4718,34,SYNTH
2026-03-09 14:24:15.077Z,1.4722,47,SYNTH
2026-03-09 14:24:16.179Z,1.4731,41,SYNTH
2026-03-09 14:24:17.408Z,1.4725,48,SYNTH
2026-03-09 14:24:18.222Z,1.4720,93,SYNTH
2026-03-09 14:24:19.282Z,1.4723,76,SYNTH
2026-03-09 14:24:20.361Z,1.4728,48,SYNTH
2026-03-09 14:24:21.122Z,1.4735,36,SYNTH
2026-03-09 14:24:22.323Z,1.4718,34,SYNTH
2026-03-09 14:24:23.123Z,1.4752,32,SYNTH
2026-03-09 14:24:24.739Z,1.4755,43,SYNTH
2026-03-09 14:24:25.691Z,1.4753,26,SYNTH
2026-03-09 14:24:26.226Z,1.4748,22,SYNTH
2026-03-09 14:24:27.270Z,1.4766,24,SYNTH
2026-03-09 14:24:28.223Z,1.4759,49,SYNTH
2026-03-09 14:24:29.779Z,1.4786,32,SYNTH
2026-03-09 14:24:30.795Z,1.4775,43,SYNTH
2026-03-09 14:24:31.170Z,1.4789,32,SYNTH
2026-03-09 14:24:32.880Z,1.4779,32,SYNTH
2026-03-09 14:24:33.512Z,1.4792,43,SYNTH
2026-03-09 14:24:34.206Z,1.4800,35,SYNTH
2026-03-09 14:24:35.749Z,1.4813,45,SYNTH
2026-03-09 14:24:36.441Z,1.4810,36,SYNTH
2026-03-09 14:24:37.460Z,1.4817,86,SYNTH
2026-03-09 14:24:38.698Z,1.4813,112,SYNTH
2026-03-09 14:24:39.065Z,1.4787,121,SYNTH
2026-03-09 14:24:40.189Z,1.4817,105,SYNTH
2026-03-09 14:24:41.708Z,1.4813,51,SYNTH
2026-03-09 14:24:42.137Z,1.4821,49,SYNTH
2026-03-09 14:24:43.470Z,1.4787,44,SYNTH
2026-03-09 14:24:44.006Z,1.4810,24,SYNTH
2026-03-09 14:24:45.215Z,1.4789,44,SYNTH
2026-03-09 14:24:46.026Z,1.4812,56,SYNTH
2026-03-09 14:24:47.084Z,1.4818,37,SYNTH
2026-03-09 14:24:48.213Z,1.4816,45,SYNTH
2026-03-09 14:24:49.475Z,1.4805,27,SYNTH
2026-03-09 14:24:50.746Z,1.4812,55,SYNTH
2026-03-09 14:24:51.254Z,1.4812,64,SYNTH
2026-03-09 14:24:52.743Z,1.4812,47,SYNTH
2026-03-09 14:24:53.238Z,1.4819,53,SYNTH
2026-03-09 14:24:54.197Z,1.4787,68,SYNTH
2026-03-09 14:24:55.811Z,1.4819,38,SYNTH
2026-03-09 14:24:56.524Z,1.4790,54,SYNTH
2026-03-09 14:24:57.558Z,1.4805,74,SYNTH
2026-03-09 14:24:58.843Z,1.4797,64,SYNTH
2026-03-09 14:24:59.170Z,1.4808,37,SYNTH
2026-03-09 14:29:00.422Z,1.4803,114,SYNTH
2026-03-09 14:29:01.310Z,1.4792,69,SYNTH
2026-03-09 14:29:02.472Z,1.4819,73,SYNTH
2026-03-09 14:29:03.671Z,1.4790,66,SYNTH
2026-03-09 14:29:04.874Z,1.4791,87,SYNTH
2026-03-09 14:29:05.895Z,1.4803,86,SYNTH
2026-03-09 14:29:06.440Z,1.4785,60,SYNTH
2026-03-09 14:29:07.477Z,1.4804,84,SYNTH
2026-03-09 14:29:08.876Z,1.4805,94,SYNTH
2026-03-09 14:29:09.016Z,1.4796,84,SYNTH
2026-03-09 14:29:10.293Z,1.4803,38,SYNTH
2026-03-09 14:29:11.001Z,1.4805,119,SYNTH
2026-03-09 14:29:12.309Z,1.4805,134,SYNTH
2026-03-09 14:29:13.614Z,1.4785,166,SYNTH
2026-03-09 14:29:14.291Z,1.4786,54,SYNTH
2026-03-09 14:29:15.711Z,1.4811,48,SYNTH
2026-03-09 14:29:16.141Z,1.4813,70,SYNTH
2026-03-09 14:29:17.888Z,1.4808,58,SYNTH
2026-03-09 14:29:18.585Z,1.4793,130,SYNTH
2026-03-09 14:29:19.826Z,1.4813,70,SYNTH
2026-03-09 14:29:20.295Z,1.4820,69,SYNTH
2026-03-09 14:29:21.209Z,1.4824,55,SYNTH
2026-03-09 14:29:22.148Z,1.4845,31,SYNTH
2026-03-09 14:29:23.859Z,1.4834,54,SYNTH
2026-03-09 14:29:24.709Z,1.4859,42,SYNTH
2026-03-09 14:29:25.139Z,1.4869,52,SYNTH
2026-03-09 14:29:26.606Z,1.4881,41,SYNTH
2026-03-09 14:29:27.163Z,1.4891,51,SYNTH
2026-03-09 14:29:28.219Z,1.4900,34,SYNTH
2026-03-09 14:29:29.708Z,1.4931,54,SYNTH
2026-03-09 14:29:30.780Z,1.4942,59,SYNTH
2026-03-09 14:29:31.168Z,1.4953,59,SYNTH
2026-03-09 14:29:32.406Z,1.4969,45,SYNTH
2026-03-09 14:29:33.729Z,1.4980,73,SYNTH
2026-03-09 14:29:34.375Z,1.4995,50,SYNTH
2026-03-09 14:29:35.070Z,1.5001,66,SYNTH
2026-03-09 14:29:36.045Z,1.5005,64,SYNTH
2026-03-09 14:29:37.265Z,1.4997,105,SYNTH
2026-03-09 14:29:38.281Z,1.5020,96,SYNTH
2026-03-09 14:29:39.322Z,1.4986,168,SYNTH
2026-03-09 14:29:40.081Z,1.4985,122,SYNTH
2026-03-09 14:29:41.259Z,1.4985,35,SYNTH
2026-03-09 14:29:42.394Z,1.4979,52,SYNTH
2026-03-09 14:29:43.846Z,1.4977,43,SYNTH
2026-03-09 14:29:44.425Z,1.4972,61,SYNTH
2026-03-09 14:29:45.251Z,1.4970,114,SYNTH
2026-03-09 14:29:46.591Z,1.4994,94,SYNTH
2026-03-09 14:29:47.300Z,1.4965,116,SYNTH
2026-03-09 14:29:48.860Z,1.4970,65,SYNTH
2026-03-09 14:29:49.205Z,1.4982,77,SYNTH
2026-03-09 14:29:50.385Z,1.4976,88,SYNTH
2026-03-09 14:29:51.730Z,1.4992,78,SYNTH
2026-03-09 14:29:52.222Z,1.4987,80,SYNTH
2026-03-09 14:29:53.427Z,1.4995,75,SYNTH
2026-03-09 14:29:54.892Z,1.4979,85,SYNTH
2026-03-09 14:29:55.123Z,1.4997,70,SYNTH
2026-03-09 14:29:56.205Z,1.4999,64,SYNTH
2026-03-09 14:29:57.478Z,1.5017,106,SYNTH
2026-03-09 14:29:58.053Z,1.5004,51,SYNTH
2026-03-09 14:29:59.393Z,1.4985,60,SYNTH
2026-03-09 14:35:00.711Z,1.5010,30,SYNTH
2026-03-09 14:35:01.241Z,1.5007,21,SYNTH
2026-03-09 14:35:02.093Z,1.4981,28,SYNTH
2026-03-09 14:35:03.532Z,1.5010,19,SYNTH
2026-03-09 14:35:04.339Z,1.5002,16,SYNTH
2026-03-09 14:35:05.096Z,1.5013,19,SYNTH
2026-03-09 14:35:06.488Z,1.5010,17,SYNTH
2026-03-09 14:35:07.468Z,1.5020,21,SYNTH
2026-03-09 14:35:08.665Z,1.4983,11,SYNTH
2026-03-09 14:35:09.588Z,1.4998,12,SYNTH
2026-03-09 14:35:10.664Z,1.5016,12,SYNTH
2026-03-09 14:35:11.258Z,1.5007,45,SYNTH
2026-03-09 14:35:12.143Z,1.5019,32,SYNTH
2026-03-09 14:35:13.086Z,1.4995,43,SYNTH
2026-03-09 14:35:14.331Z,1.4996,12,SYNTH
2026-03-09 14:35:15.586Z,1.4986,16,SYNTH
2026-03-09 14:35:16.045Z,1.5018,30,SYNTH
2026-03-09 14:35:17.419Z,1.5003,18,SYNTH
2026-03-09 14:35:18.405Z,1.4994,21,SYNTH
2026-03-09 14:35:19.517Z,1.5006,32,SYNTH
2026-03-09 14:35:20.068Z,1.5017,10,SYNTH
2026-03-09 14:35:21.787Z,1.4986,18,SYNTH
2026-03-09 14:35:22.201Z,1.4984,9,SYNTH
2026-03-09 14:35:23.723Z,1.5003,13,SYNTH
2026-03-09 14:35:24.235Z,1.5007,17,SYNTH
2026-03-09 14:35:25.543Z,1.4984,19,SYNTH
2026-03-09 14:35:26.033Z,1.4987,16,SYNTH
2026-03-09 14:35:27.188Z,1.4979,11,SYNTH
2026-03-09 14:35:28.408Z,1.5021,11,SYNTH
2026-03-09 14:35:29.316Z,1.5000,8,SYNTH
2026-03-09 14:35:30.136Z,1.5021,15,SYNTH
2026-03-09 14:35:31.008Z,1.4982,18,SYNTH
2026-03-09 14:35:32.603Z,1.5008,9,SYNTH
2026-03-09 14:35:33.440Z,1.4981,12,SYNTH
2026-03-09 14:35:34.583Z,1.5018,17,SYNTH
2026-03-09 14:35:35.200Z,1.4997,19,SYNTH
2026-03-09 14:35:36.595Z,1.5004,13,SYNTH
2026-03-09 14:35:37.723Z,1.4990,31,SYNTH
2026-03-09 14:35:38.233Z,1.4986,38,SYNTH
2026-03-09 14:35:39.565Z,1.5011,28,SYNTH
2026-03-09 14:35:40.868Z,1.4986,38,SYNTH
2026-03-09 14:35:41.520Z,1.4993,16,SYNTH
2026-03-09 14:35:42.074Z,1.5011,15,SYNTH
2026-03-09 14:35:43.689Z,1.5012,19,SYNTH
2026-03-09 14:35:44.836Z,1.5000,11,SYNTH
2026-03-09 14:35:45.275Z,1.5008,18,SYNTH
2026-03-09 14:35:46.319Z,1.4997,26,SYNTH
2026-03-09 14:35:47.085Z,1.5010,19,SYNTH
2026-03-09 14:35:48.794Z,1.5009,14,SYNTH
2026-03-09 14:35:49.158Z,1.4992,15,SYNTH
2026-03-09 14:35:50.408Z,1.5014,23,SYNTH
2026-03-09 14:35:51.292Z,1.5023,18,SYNTH
2026-03-09 14:35:52.181Z,1.5010,22,SYNTH
2026-03-09 14:35:53.131Z,1.4987,23,SYNTH
2026-03-09 14:35:54.192Z,1.5016,21,SYNTH
2026-03-09 14:35:55.428Z,1.4994,13,SYNTH
2026-03-09 14:35:56.306Z,1.5016,18,SYNTH
2026-03-09 14:35:57.881Z,1.4988,20,SYNTH
2026-03-09 14:35:58.347Z,1.5007,24,SYNTH
2026-03-09 14:35:59.237Z,1.4983,18,SYNTH
2026-03-09 14:37:00.446Z,1.4812,10,SYNTH
2026-03-09 14:37:01.248Z,1.4786,15,SYNTH
2026-03-09 14:37:02.625Z,1.4813,17,SYNTH
2026-03-09 14:37:03.142Z,1.4802,9,SYNTH
2026-03-09 14:37:04.061Z,1.4791,10,SYNTH
2026-03-09 14:37:05.692Z,1.4818,15,SYNTH
2026-03-09 14:37:06.260Z,1.4806,12,SYNTH
2026-03-09 14:37:07.652Z,1.4785,19,SYNTH
2026-03-09 14:37:08.526Z,1.4807,18,SYNTH
2026-03-09 14:37:09.644Z,1.4808,14,SYNTH
2026-03-09 14:37:10.557Z,1.4811,17,SYNTH
2026-03-09 14:37:11.109Z,1.4818,44,SYNTH
2026-03-09 14:37:12.326Z,1.4782,35,SYNTH
2026-03-09 14:37:13.453Z,1.4797,28,SYNTH
2026-03-09 14:37:14.069Z,1.4813,7,SYNTH
2026-03-09 14:37:15.089Z,1.4798,12,SYNTH
2026-03-09 14:37:16.090Z,1.4783,29,SYNTH
2026-03-09 14:37:17.066Z,1.4800,15,SYNTH
2026-03-09 14:37:18.276Z,1.4778,17,SYNTH
2026-03-09 14:37:19.286Z,1.4815,16,SYNTH
2026-03-09 14:37:20.065Z,1.4809,6,SYNTH
2026-03-09 14:37:21.660Z,1.4786,9,SYNTH
2026-03-09 14:37:22.588Z,1.4817,15,SYNTH
2026-03-09 14:37:23.473Z,1.4800,15,SYNTH
2026-03-09 14:37:24.631Z,1.4791,13,SYNTH
2026-03-09 14:37:25.666Z,1.4806,10,SYNTH
2026-03-09 14:37:26.835Z,1.4796,6,SYNTH
2026-03-09 14:37:27.806Z,1.4811,10,SYNTH
2026-03-09 14:37:28.770Z,1.4808,7,SYNTH
2026-03-09 14:37:29.622Z,1.4789,6,SYNTH
2026-03-09 14:37:30.377Z,1.4805,15,SYNTH
2026-03-09 14:37:31.265Z,1.4788,11,SYNTH
2026-03-09 14:37:32.760Z,1.4810,14,SYNTH
2026-03-09 14:37:33.265Z,1.4818,8,SYNTH
2026-03-09 14:37:34.299Z,1.4782,12,SYNTH
2026-03-09 14:37:35.386Z,1.4818,12,SYNTH
2026-03-09 14:37:36.493Z,1.4817,14,SYNTH
2026-03-09 14:37:37.236Z,1.4789,22,SYNTH
2026-03-09 14:37:38.524Z,1.4817,31,SYNTH
2026-03-09 14:37:39.214Z,1.4804,32,SYNTH
2026-03-09 14:37:40.261Z,1.4781,30,SYNTH
2026-03-09 14:37:41.370Z,1.4815,15,SYNTH
2026-03-09 14:37:42.668Z,1.4778,8,SYNTH
2026-03-09 14:37:43.554Z,1.4806,14,SYNTH
2026-03-09 14:37:44.501Z,1.4783,14,SYNTH
2026-03-09 14:37:45.363Z,1.4821,20,SYNTH
2026-03-09 14:37:46.774Z,1.4795,17,SYNTH
2026-03-09 14:37:47.727Z,1.4784,21,SYNTH
2026-03-09 14:37:48.089Z,1.4815,18,SYNTH
2026-03-09 14:37:49.894Z,1.4802,9,SYNTH
2026-03-09 14:37:50.476Z,1.4811,12,SYNTH
2026-03-09 14:37:51.443Z,1.4792,10,SYNTH
2026-03-09 14:37:52.410Z,1.4815,16,SYNTH
2026-03-09 14:37:53.876Z,1.4801,9,SYNTH
2026-03-09 14:37:54.496Z,1.4803,15,SYNTH
2026-03-09 14:37:55.480Z,1.4784,18,SYNTH
2026-03-09 14:37:56.686Z,1.4806,14,SYNTH
2026-03-09 14:37:57.612Z,1.4806,18,SYNTH
2026-03-09 14:37:58.036Z,1.4797,13,SYNTH
2026-03-09 14:37:59.886Z,1.4817,18,SYNTH
2026-03-09 14:47:00.859Z,1.4719,4,SYNTH
2026-03-09 14:47:01.316Z,1.4695,3,SYNTH
2026-03-09 14:47:02.404Z,1.4700,6,SYNTH
2026-03-09 14:47:03.562Z,1.4708,5,SYNTH
2026-03-09 14:47:04.809Z,1.4722,2,SYNTH
2026-03-09 14:47:05.675Z,1.4683,5,SYNTH
2026-03-09 14:47:06.346Z,1.4680,4,SYNTH
2026-03-09 14:47:07.045Z,1.4689,4,SYNTH
2026-03-09 14:47:08.733Z,1.4720,4,SYNTH
2026-03-09 14:47:09.016Z,1.4698,3,SYNTH
2026-03-09 14:47:10.602Z,1.4680,5,SYNTH
2026-03-09 14:47:11.140Z,1.4703,10,SYNTH
2026-03-09 14:47:12.580Z,1.4685,8,SYNTH
2026-03-09 14:47:13.032Z,1.4720,8,SYNTH
2026-03-09 14:47:14.717Z,1.4689,4,SYNTH
2026-03-09 14:47:15.585Z,1.4719,4,SYNTH
2026-03-09 14:47:16.299Z,1.4686,7,SYNTH
2026-03-09 14:47:17.154Z,1.4716,6,SYNTH
2026-03-09 14:47:18.438Z,1.4700,7,SYNTH
2026-03-09 14:47:19.744Z,1.4721,5,SYNTH
2026-03-09 14:47:20.699Z,1.4679,3,SYNTH
2026-03-09 14:47:21.702Z,1.4707,2,SYNTH
2026-03-09 14:47:22.223Z,1.4714,3,SYNTH
2026-03-09 14:47:23.847Z,1.4708,2,SYNTH
2026-03-09 14:47:24.480Z,1.4689,4,SYNTH
2026-03-09 14:47:25.872Z,1.4716,4,SYNTH
2026-03-09 14:47:26.046Z,1.4682,3,SYNTH
2026-03-09 14:47:27.458Z,1.4689,2,SYNTH
2026-03-09 14:47:28.859Z,1.4710,3,SYNTH
2026-03-09 14:47:29.755Z,1.4699,2,SYNTH
2026-03-09 14:47:30.398Z,1.4706,2,SYNTH
2026-03-09 14:47:31.731Z,1.4682,3,SYNTH
2026-03-09 14:47:32.794Z,1.4711,4,SYNTH
2026-03-09 14:47:33.164Z,1.4687,3,SYNTH
2026-03-09 14:47:34.338Z,1.4710,2,SYNTH
2026-03-09 14:47:35.537Z,1.4692,4,SYNTH
2026-03-09 14:47:36.869Z,1.4704,2,SYNTH
2026-03-09 14:47:37.780Z,1.4707,8,SYNTH
2026-03-09 14:47:38.866Z,1.4717,7,SYNTH
2026-03-09 14:47:39.496Z,1.4711,4,SYNTH
2026-03-09 14:47:40.693Z,1.4692,6,SYNTH
2026-03-09 14:47:41.420Z,1.4714,4,SYNTH
2026-03-09 14:47:42.018Z,1.4703,3,SYNTH
2026-03-09 14:47:43.131Z,1.4712,3,SYNTH
2026-03-09 14:47:44.277Z,1.4710,2,SYNTH
2026-03-09 14:47:45.881Z,1.4719,5,SYNTH
2026-03-09 14:47:46.816Z,1.4697,3,SYNTH
2026-03-09 14:47:47.426Z,1.4692,3,SYNTH
2026-03-09 14:47:48.879Z,1.4707,4,SYNTH
2026-03-09 14:47:49.791Z,1.4688,3,SYNTH
2026-03-09 14:47:50.561Z,1.4702,2,SYNTH
2026-03-09 14:47:51.204Z,1.4715,4,SYNTH
2026-03-09 14:47:52.176Z,1.4716,5,SYNTH
2026-03-09 14:47:53.839Z,1.4714,3,SYNTH
2026-03-09 14:47:54.808Z,1.4689,4,SYNTH
2026-03-09 14:47:55.533Z,1.4712,3,SYNTH
2026-03-09 14:47:56.391Z,1.4680,4,SYNTH
2026-03-09 14:47:57.210Z,1.4716,6,SYNTH
2026-03-09 14:47:58.448Z,1.4690,5,SYNTH
2026-03-09 14:47:59.372Z,1.4708,3,SYNTH
2026-03-09 14:51:00.084Z,1.4720,27,SYNTH
2026-03-09 14:51:01.876Z,1.4681,29,SYNTH
2026-03-09 14:51:02.814Z,1.4714,26,SYNTH
2026-03-09 14:51:03.096Z,1.4689,22,SYNTH
2026-03-09 14:51:04.540Z,1.4711,27,SYNTH
2026-03-09 14:51:05.142Z,1.4708,20,SYNTH
2026-03-09 14:51:06.089Z,1.4682,19,SYNTH
2026-03-09 14:51:07.865Z,1.4712,17,SYNTH
2026-03-09 14:51:08.769Z,1.4703,16,SYNTH
2026-03-09 14:51:09.674Z,1.4705,18,SYNTH
2026-03-09 14:51:10.169Z,1.4686,12,SYNTH
2026-03-09 14:51:11.261Z,1.4693,53,SYNTH
2026-03-09 14:51:12.707Z,1.4700,42,SYNTH
2026-03-09 14:51:13.389Z,1.4715,39,SYNTH
2026-03-09 14:51:14.671Z,1.4691,15,SYNTH
2026-03-09 14:51:15.203Z,1.4715,11,SYNTH
2026-03-09 14:51:16.292Z,1.4703,24,SYNTH
2026-03-09 14:51:17.852Z,1.4700,26,SYNTH
2026-03-09 14:51:18.157Z,1.4695,36,SYNTH
2026-03-09 14:51:19.097Z,1.4714,34,SYNTH
2026-03-09 14:51:20.605Z,1.4684,11,SYNTH
2026-03-09 14:51:21.892Z,1.4676,9,SYNTH
2026-03-09 14:51:22.628Z,1.4677,18,SYNTH
2026-03-09 14:51:23.890Z,1.4669,8,SYNTH
2026-03-09 14:51:24.309Z,1.4669,17,SYNTH
2026-03-09 14:51:25.435Z,1.4664,19,SYNTH
2026-03-09 14:51:26.463Z,1.4646,13,SYNTH
2026-03-09 14:51:27.213Z,1.4637,11,SYNTH
2026-03-09 14:51:28.848Z,1.4637,15,SYNTH
2026-03-09 14:51:29.148Z,1.4643,10,SYNTH
2026-03-09 14:51:30.865Z,1.4625,15,SYNTH
2026-03-09 14:51:31.056Z,1.4629,9,SYNTH
2026-03-09 14:51:32.542Z,1.4616,12,SYNTH
2026-03-09 14:51:33.101Z,1.4605,14,SYNTH
2026-03-09 14:51:34.235Z,1.4593,19,SYNTH
2026-03-09 14:51:35.743Z,1.4594,11,SYNTH
2026-03-09 14:51:36.734Z,1.4592,11,SYNTH
2026-03-09 14:51:37.309Z,1.4608,37,SYNTH
2026-03-09 14:51:38.397Z,1.4587,46,SYNTH
2026-03-09 14:51:39.058Z,1.4606,31,SYNTH
2026-03-09 14:51:40.309Z,1.4591,27,SYNTH
2026-03-09 14:51:41.045Z,1.4610,10,SYNTH
2026-03-09 14:51:42.291Z,1.4605,15,SYNTH
2026-03-09 14:51:43.347Z,1.4616,19,SYNTH
2026-03-09 14:51:44.358Z,1.4629,17,SYNTH
2026-03-09 14:51:45.209Z,1.4616,19,SYNTH
2026-03-09 14:51:46.802Z,1.4592,21,SYNTH
2026-03-09 14:51:47.837Z,1.4626,28,SYNTH
2026-03-09 14:51:48.012Z,1.4607,22,SYNTH
2026-03-09 14:51:49.584Z,1.4614,10,SYNTH
2026-03-09 14:51:50.710Z,1.4601,18,SYNTH
2026-03-09 14:51:51.238Z,1.4617,17,SYNTH
2026-03-09 14:51:52.481Z,1.4597,25,SYNTH
2026-03-09 14:51:53.385Z,1.4608,22,SYNTH
2026-03-09 14:51:54.842Z,1.4588,15,SYNTH
2026-03-09 14:51:55.452Z,1.4609,23,SYNTH
2026-03-09 14:51:56.713Z,1.4591,14,SYNTH
2026-03-09 14:51:57.354Z,1.4598,26,SYNTH
2026-03-09 14:51:58.328Z,1.4581,27,SYNTH
2026-03-09 14:51:59.689Z,1.4588,31,SYNTH
2026-03-09 14:53:00.573Z,1.4608,19,SYNTH
2026-03-09 14:53:01.209Z,1.4597,15,SYNTH
2026-03-09 14:53:02.759Z,1.4581,14,SYNTH
2026-03-09 14:53:03.798Z,1.4609,14,SYNTH
2026-03-09 14:53:04.388Z,1.4587,9,SYNTH
2026-03-09 14:53:05.388Z,1.4584,10,SYNTH
2026-03-09 14:53:06.514Z,1.4597,12,SYNTH
2026-03-09 14:53:07.895Z,1.4603,14,SYNTH
2026-03-09 14:53:08.671Z,1.4604,16,SYNTH
2026-03-09 14:53:09.083Z,1.4580,16,SYNTH
2026-03-09 14:53:10.475Z,1.4590,12,SYNTH
2026-03-09 14:53:11.465Z,1.4617,25,SYNTH
2026-03-09 14:53:12.860Z,1.4606,29,SYNTH
2026-03-09 14:53:13.643Z,1.4608,18,SYNTH
2026-03-09 14:53:14.737Z,1.4593,10,SYNTH
2026-03-09 14:53:15.479Z,1.4606,10,SYNTH
2026-03-09 14:53:16.019Z,1.4615,22,SYNTH
2026-03-09 14:53:17.015Z,1.4587,22,SYNTH
2026-03-09 14:53:18.322Z,1.4609,15,SYNTH
2026-03-09 14:53:19.520Z,1.4589,18,SYNTH
2026-03-09 14:53:20.768Z,1.4609,15,SYNTH
2026-03-09 14:53:21.877Z,1.4610,12,SYNTH
2026-03-09 14:53:22.819Z,1.4633,11,SYNTH
2026-03-09 14:53:23.890Z,1.4598,14,SYNTH
2026-03-09 14:53:24.513Z,1.4636,11,SYNTH
2026-03-09 14:53:25.189Z,1.4650,6,SYNTH
2026-03-09 14:53:26.490Z,1.4645,10,SYNTH
2026-03-09 14:53:27.141Z,1.4657,6,SYNTH
2026-03-09 14:53:28.053Z,1.4663,10,SYNTH
2026-03-09 14:53:29.646Z,1.4661,9,SYNTH
2026-03-09 14:53:30.645Z,1.4678,9,SYNTH
2026-03-09 14:53:31.781Z,1.4677,7,SYNTH
2026-03-09 14:53:32.193Z,1.4692,12,SYNTH
2026-03-09 14:53:33.107Z,1.4703,12,SYNTH
2026-03-09 14:53:34.650Z,1.4670,7,SYNTH
2026-03-09 14:53:35.171Z,1.4692,10,SYNTH
2026-03-09 14:53:36.580Z,1.4700,11,SYNTH
2026-03-09 14:53:37.725Z,1.4708,28,SYNTH
2026-03-09 14:53:38.430Z,1.4711,17,SYNTH
2026-03-09 14:53:39.782Z,1.4712,29,SYNTH
2026-03-09 14:53:40.668Z,1.4687,21,SYNTH
2026-03-09 14:53:41.265Z,1.4713,7,SYNTH
2026-03-09 14:53:42.155Z,1.4680,9,SYNTH
2026-03-09 14:53:43.301Z,1.4684,8,SYNTH
2026-03-09 14:53:44.095Z,1.4697,11,SYNTH
2026-03-09 14:53:45.015Z,1.4675,14,SYNTH
2026-03-09 14:53:46.580Z,1.4696,19,SYNTH
2026-03-09 14:53:47.126Z,1.4683,16,SYNTH
2026-03-09 14:53:48.856Z,1.4697,12,SYNTH
2026-03-09 14:53:49.660Z,1.4694,18,SYNTH
2026-03-09 14:53:50.499Z,1.4677,8,SYNTH
2026-03-09 14:53:51.331Z,1.4679,18,SYNTH
2026-03-09 14:53:52.279Z,1.4693,18,SYNTH
2026-03-09 14:53:53.711Z,1.4703,11,SYNTH
2026-03-09 14:53:54.688Z,1.4691,8,SYNTH
2026-03-09 14:53:55.462Z,1.4710,20,SYNTH
2026-03-09 14:53:56.265Z,1.4715,20,SYNTH
2026-03-09 14:53:57.272Z,1.4677,14,SYNTH
2026-03-09 14:53:58.521Z,1.4715,20,SYNTH
2026-03-09 14:53:59.634Z,1.4690,10,SYNTH
2026-03-09 14:57:00.280Z,1.4666,16,SYNTH
2026-03-09 14:57:01.891Z,1.4644,7,SYNTH
2026-03-09 14:57:02.412Z,1.4631,11,SYNTH
2026-03-09 14:57:03.045Z,1.4633,10,SYNTH
2026-03-09 14:57:04.271Z,1.4666,16,SYNTH
2026-03-09 14:57:05.733Z,1.4665,7,SYNTH
2026-03-09 14:57:06.088Z,1.4638,15,SYNTH
2026-03-09 14:57:07.077Z,1.4669,14,SYNTH
2026-03-09 14:57:08.877Z,1.4658,12,SYNTH
2026-03-09 14:57:09.426Z,1.4628,8,SYNTH
2026-03-09 14:57:10.225Z,1.4655,9,SYNTH
2026-03-09 14:57:11.797Z,1.4628,34,SYNTH
2026-03-09 14:57:12.089Z,1.4660,26,SYNTH
2026-03-09 14:57:13.014Z,1.4654,16,SYNTH
2026-03-09 14:57:14.824Z,1.4638,13,SYNTH
2026-03-09 14:57:15.224Z,1.4660,6,SYNTH
2026-03-09 14:57:16.793Z,1.4659,11,SYNTH
2026-03-09 14:57:17.771Z,1.4665,12,SYNTH
2026-03-09 14:57:18.403Z,1.4641,15,SYNTH
2026-03-09 14:57:19.246Z,1.4653,21,SYNTH
2026-03-09 14:57:20.759Z,1.4650,8,SYNTH
2026-03-09 14:57:21.873Z,1.4650,7,SYNTH
2026-03-09 14:57:22.733Z,1.4654,11,SYNTH
2026-03-09 14:57:23.118Z,1.4644,6,SYNTH
2026-03-09 14:57:24.377Z,1.4663,11,SYNTH
2026-03-09 14:57:25.167Z,1.4653,7,SYNTH
2026-03-09 14:57:26.668Z,1.4639,10,SYNTH
2026-03-09 14:57:27.622Z,1.4655,6,SYNTH
2026-03-09 14:57:28.295Z,1.4667,9,SYNTH
2026-03-09 14:57:29.354Z,1.4642,8,SYNTH
2026-03-09 14:57:30.045Z,1.4644,7,SYNTH
2026-03-09 14:57:31.584Z,1.4667,7,SYNTH
2026-03-09 14:57:32.359Z,1.4655,7,SYNTH
2026-03-09 14:57:33.622Z,1.4658,9,SYNTH
2026-03-09 14:57:34.016Z,1.4636,5,SYNTH
2026-03-09 14:57:35.190Z,1.4652,6,SYNTH
2026-03-09 14:57:36.278Z,1.4650,9,SYNTH
2026-03-09 14:57:37.310Z,1.4671,29,SYNTH
2026-03-09 14:57:38.553Z,1.4647,21,SYNTH
2026-03-09 14:57:39.304Z,1.4656,27,SYNTH
2026-03-09 14:57:40.044Z,1.4640,26,SYNTH
2026-03-09 14:57:41.844Z,1.4666,8,SYNTH
2026-03-09 14:57:42.164Z,1.4642,6,SYNTH
2026-03-09 14:57:43.646Z,1.4669,13,SYNTH
2026-03-09 14:57:44.426Z,1.4669,12,SYNTH
2026-03-09 14:57:45.304Z,1.4633,14,SYNTH
2026-03-09 14:57:46.643Z,1.4631,9,SYNTH
2026-03-09 14:57:47.012Z,1.4654,13,SYNTH
2026-03-09 14:57:48.672Z,1.4643,7,SYNTH
2026-03-09 14:57:49.062Z,1.4653,12,SYNTH
2026-03-09 14:57:50.751Z,1.4663,11,SYNTH
2026-03-09 14:57:51.254Z,1.4657,11,SYNTH
2026-03-09 14:57:52.131Z,1.4649,11,SYNTH
2026-03-09 14:57:53.758Z,1.4639,11,SYNTH
2026-03-09 14:57:54.615Z,1.4656,7,SYNTH
2026-03-09 14:57:55.458Z,1.4667,11,SYNTH
2026-03-09 14:57:56.452Z,1.4657,8,SYNTH
2026-03-09 14:57:57.801Z,1.4670,9,SYNTH
2026-03-09 14:57:58.795Z,1.4648,12,SYNTH
2026-03-09 14:57:59.526Z,1.4668,14,SYNTH
2026-03-09 14:59:00.226Z,1.4663,28,SYNTH
2026-03-09 14:59:01.200Z,1.4630,23,SYNTH
2026-03-09 14:59:02.344Z,1.4666,13,SYNTH
2026-03-09 14:59:03.135Z,1.4637,26,SYNTH
2026-03-09 14:59:04.612Z,1.4665,16,SYNTH
2026-03-09 14:59:05.393Z,1.4643,14,SYNTH
2026-03-09 14:59:06.362Z,1.4659,14,SYNTH
2026-03-09 14:59:07.276Z,1.4658,24,SYNTH
2026-03-09 14:59:08.492Z,1.4658,16,SYNTH
2026-03-09 14:59:09.153Z,1.4662,25,SYNTH
2026-03-09 14:59:10.180Z,1.4667,18,SYNTH
2026-03-09 14:59:11.690Z,1.4631,41,SYNTH
2026-03-09 14:59:12.536Z,1.4667,54,SYNTH
2026-03-09 14:59:13.741Z,1.4636,43,SYNTH
2026-03-09 14:59:14.005Z,1.4668,18,SYNTH
2026-03-09 14:59:15.395Z,1.4638,24,SYNTH
2026-03-09 14:59:16.231Z,1.4661,21,SYNTH
2026-03-09 14:59:17.592Z,1.4643,32,SYNTH
2026-03-09 14:59:18.306Z,1.4666,18,SYNTH
2026-03-09 14:59:19.101Z,1.4661,32,SYNTH
2026-03-09 14:59:20.776Z,1.4659,20,SYNTH
2026-03-09 14:59:21.796Z,1.4633,17,SYNTH
2026-03-09 14:59:22.108Z,1.4645,16,SYNTH
2026-03-09 14:59:23.296Z,1.4626,22,SYNTH
2026-03-09 14:59:24.082Z,1.4622,21,SYNTH
2026-03-09 14:59:25.852Z,1.4629,19,SYNTH
2026-03-09 14:59:26.737Z,1.4625,20,SYNTH
2026-03-09 14:59:27.111Z,1.4625,16,SYNTH
2026-03-09 14:59:28.448Z,1.4616,12,SYNTH
2026-03-09 14:59:29.165Z,1.4635,11,SYNTH
2026-03-09 14:59:30.812Z,1.4609,12,SYNTH
2026-03-09 14:59:31.209Z,1.4607,11,SYNTH
2026-03-09 14:59:32.726Z,1.4605,15,SYNTH
2026-03-09 14:59:33.553Z,1.4601,20,SYNTH
2026-03-09 14:59:34.727Z,1.4619,21,SYNTH
2026-03-09 14:59:35.444Z,1.4602,14,SYNTH
2026-03-09 14:59:36.033Z,1.4622,17,SYNTH
2026-03-09 14:59:37.104Z,1.4586,49,SYNTH
2026-03-09 14:59:38.189Z,1.4618,56,SYNTH
2026-03-09 14:59:39.427Z,1.4603,52,SYNTH
2026-03-09 14:59:40.694Z,1.4619,54,SYNTH
2026-03-09 14:59:41.088Z,1.4583,18,SYNTH
2026-03-09 14:59:42.747Z,1.4612,19,SYNTH
2026-03-09 14:59:43.115Z,1.4588,14,SYNTH
2026-03-09 14:59:44.157Z,1.4620,21,SYNTH
2026-03-09 14:59:45.220Z,1.4611,25,SYNTH
2026-03-09 14:59:46.249Z,1.4587,17,SYNTH
2026-03-09 14:59:47.868Z,1.4624,24,SYNTH
2026-03-09 14:59:48.116Z,1.4594,25,SYNTH
2026-03-09 14:59:49.886Z,1.4618,25,SYNTH
2026-03-09 14:59:50.069Z,1.4624,19,SYNTH
2026-03-09 14:59:51.096Z,1.4617,25,SYNTH
2026-03-09 14:59:52.872Z,1.4600,21,SYNTH
2026-03-09 14:59:53.887Z,1.4593,29,SYNTH
2026-03-09 14:59:54.602Z,1.4609,24,SYNTH
2026-03-09 14:59:55.419Z,1.4594,15,SYNTH
2026-03-09 14:59:56.496Z,1.4580,31,SYNTH
2026-03-09 14:59:57.258Z,1.4602,14,SYNTH
2026-03-09 14:59:58.871Z,1.4617,29,SYNTH
2026-03-09 14:59:59.199Z,1.4592,22,SYNTH
2026-03-09 15:00:00.829Z,1.4602,5,SYNTH
2026-03-09 15:00:01.220Z,1.4583,4,SYNTH
2026-03-09 15:00:02.781Z,1.4581,4,SYNTH
2026-03-09 15:00:03.645Z,1.4618,4,SYNTH
2026-03-09 15:00:04.710Z,1.4588,3,SYNTH
2026-03-09 15:00:05.645Z,1.4608,5,SYNTH
2026-03-09 15:00:06.267Z,1.4600,3,SYNTH
2026-03-09 15:00:07.288Z,1.4603,3,SYNTH
2026-03-09 15:00:08.320Z,1.4603,4,SYNTH
2026-03-09 15:00:09.464Z,1.4583,4,SYNTH
2026-03-09 15:00:10.831Z,1.4589,3,SYNTH
2026-03-09 15:00:11.176Z,1.4608,12,SYNTH
2026-03-09 15:00:12.626Z,1.4621,8,SYNTH
2026-03-09 15:00:13.478Z,1.4599,9,SYNTH
2026-03-09 15:00:14.679Z,1.4613,3,SYNTH
2026-03-09 15:00:15.755Z,1.4582,2,SYNTH
2026-03-09 15:00:16.163Z,1.4587,6,SYNTH
2026-03-09 15:00:17.531Z,1.4616,5,SYNTH
2026-03-09 15:00:18.435Z,1.4612,8,SYNTH
2026-03-09 15:00:19.634Z,1.4591,5,SYNTH
2026-03-09 15:00:20.004Z,1.4609,3,SYNTH
2026-03-09 15:00:21.873Z,1.4594,2,SYNTH
2026-03-09 15:00:22.696Z,1.4606,4,SYNTH
2026-03-09 15:00:23.478Z,1.4607,3,SYNTH
2026-03-09 15:00:24.100Z,1.4609,3,SYNTH
2026-03-09 15:00:25.514Z,1.4593,4,SYNTH
2026-03-09 15:00:26.697Z,1.4598,4,SYNTH
2026-03-09 15:00:27.025Z,1.4584,3,SYNTH
2026-03-09 15:00:28.266Z,1.4598,3,SYNTH
2026-03-09 15:00:29.172Z,1.4618,3,SYNTH
2026-03-09 15:00:30.348Z,1.4607,3,SYNTH
2026-03-09 15:00:31.573Z,1.4615,2,SYNTH
2026-03-09 15:00:32.173Z,1.4596,3,SYNTH
2026-03-09 15:00:33.131Z,1.4606,2,SYNTH
2026-03-09 15:00:34.603Z,1.4597,4,SYNTH
2026-03-09 15:00:35.668Z,1.4603,2,SYNTH
2026-03-09 15:00:36.354Z,1.4608,2,SYNTH
2026-03-09 15:00:37.324Z,1.4587,10,SYNTH
2026-03-09 15:00:38.873Z,1.4582,5,SYNTH
2026-03-09 15:00:39.200Z,1.4617,11,SYNTH
2026-03-09 15:00:40.826Z,1.4605,5,SYNTH
2026-03-09 15:00:41.747Z,1.4614,3,SYNTH
2026-03-09 15:00:42.898Z,1.4585,3,SYNTH
2026-03-09 15:00:43.174Z,1.4610,4,SYNTH
2026-03-09 15:00:44.165Z,1.4606,3,SYNTH
2026-03-09 15:00:45.744Z,1.4594,7,SYNTH
2026-03-09 15:00:46.019Z,1.4608,4,SYNTH
2026-03-09 15:00:47.850Z,1.4589,4,SYNTH
2026-03-09 15:00:48.618Z,1.4606,4,SYNTH
2026-03-09 15:00:49.351Z,1.4601,5,SYNTH
2026-03-09 15:00:50.360Z,1.4615,2,SYNTH
2026-03-09 15:00:51.378Z,1.4589,5,SYNTH
2026-03-09 15:00:52.780Z,1.4613,4,SYNTH
2026-03-09 15:00:53.420Z,1.4610,5,SYNTH
2026-03-09 15:00:54.533Z,1.4594,5,SYNTH
2026-03-09 15:00:55.154Z,1.4617,4,SYNTH
2026-03-09 15:00:56.671Z,1.4610,5,SYNTH
2026-03-09 15:00:57.429Z,1.4597,6,SYNTH
2026-03-09 15:00:58.295Z,1.4617,6,SYNTH
2026-03-09 15:00:59.539Z,1.4598,4,SYNTH
2026-03-09 15:01:00.391Z,1.4615,4,SYNTH
2026-03-09 15:01:01.835Z,1.4598,3,SYNTH
2026-03-09 15:01:02.273Z,1.4608,6,SYNTH
2026-03-09 15:01:03.567Z,1.4580,4,SYNTH
2026-03-09 15:01:04.176Z,1.4608,3,SYNTH
2026-03-09 15:01:05.569Z,1.4587,2,SYNTH
2026-03-09 15:01:06.855Z,1.4618,4,SYNTH
2026-03-09 15:01:07.298Z,1.4615,4,SYNTH
2026-03-09 15:01:08.708Z,1.4603,3,SYNTH
2026-03-09 15:01:09.411Z,1.4591,5,SYNTH
2026-03-09 15:01:10.754Z,1.4611,5,SYNTH
2026-03-09 15:01:11.381Z,1.4605,11,SYNTH
2026-03-09 15:01:12.015Z,1.4601,7,SYNTH
2026-03-09 15:01:13.868Z,1.4581,8,SYNTH
2026-03-09 15:01:14.680Z,1.4586,2,SYNTH
2026-03-09 15:01:15.630Z,1.4621,3,SYNTH
2026-03-09 15:01:16.675Z,1.4589,5,SYNTH
2026-03-09 15:01:17.278Z,1.4607,7,SYNTH
2026-03-09 15:01:18.554Z,1.4616,8,SYNTH
2026-03-09 15:01:19.676Z,1.4582,4,SYNTH
2026-03-09 15:01:20.712Z,1.4619,2,SYNTH
2026-03-09 15:01:21.078Z,1.4594,4,SYNTH
2026-03-09 15:01:22.535Z,1.4579,4,SYNTH
2026-03-09 15:01:23.547Z,1.4605,2,SYNTH
2026-03-09 15:01:24.156Z,1.4577,2,SYNTH
2026-03-09 15:01:25.773Z,1.4575,3,SYNTH
2026-03-09 15:01:26.701Z,1.4587,3,SYNTH
2026-03-09 15:01:27.848Z,1.4567,4,SYNTH
2026-03-09 15:01:28.471Z,1.4574,2,SYNTH
2026-03-09 15:01:29.315Z,1.4557,2,SYNTH
2026-03-09 15:01:30.725Z,1.4551,2,SYNTH
2026-03-09 15:01:31.597Z,1.4547,4,SYNTH
2026-03-09 15:01:32.649Z,1.4560,3,SYNTH
2026-03-09 15:01:33.856Z,1.4544,3,SYNTH
2026-03-09 15:01:34.041Z,1.4558,2,SYNTH
2026-03-09 15:01:35.279Z,1.4535,2,SYNTH
2026-03-09 15:01:36.436Z,1.4544,2,SYNTH
2026-03-09 15:01:37.838Z,1.4558,10,SYNTH
2026-03-09 15:01:38.116Z,1.4569,5,SYNTH
2026-03-09 15:01:39.052Z,1.4548,7,SYNTH
2026-03-09 15:01:40.215Z,1.4550,9,SYNTH
2026-03-09 15:01:41.835Z,1.4563,3,SYNTH
2026-03-09 15:01:42.247Z,1.4565,4,SYNTH
2026-03-09 15:01:43.032Z,1.4554,3,SYNTH
2026-03-09 15:01:44.078Z,1.4561,4,SYNTH
2026-03-09 15:01:45.170Z,1.4536,7,SYNTH
2026-03-09 15:01:46.427Z,1.4550,4,SYNTH
2026-03-09 15:01:47.318Z,1.4571,6,SYNTH
2026-03-09 15:01:48.525Z,1.4559,3,SYNTH
2026-03-09 15:01:49.892Z,1.4571,3,SYNTH
2026-03-09 15:01:50.675Z,1.4575,5,SYNTH
2026-03-09 15:01:51.604Z,1.4551,4,SYNTH
2026-03-09 15:01:52.485Z,1.4534,2,SYNTH
2026-03-09 15:01:53.386Z,1.4556,4,SYNTH
2026-03-09 15:01:54.405Z,1.4565,3,SYNTH
2026-03-09 15:01:55.097Z,1.4535,4,SYNTH
2026-03-09 15:01:56.728Z,1.4556,3,SYNTH
2026-03-09 15:01:57.783Z,1.4531,6,SYNTH
2026-03-09 15:01:58.181Z,1.4558,4,SYNTH
2026-03-09 15:01:59.206Z,1.4545,5,SYNTH
2026-03-09 15:02:00.625Z,1.4555,4,SYNTH
2026-03-09 15:02:01.698Z,1.4570,4,SYNTH
2026-03-09 15:02:02.400Z,1.4531,5,SYNTH
2026-03-09 15:02:03.417Z,1.4567,4,SYNTH
2026-03-09 15:02:04.584Z,1.4540,4,SYNTH
2026-03-09 15:02:05.526Z,1.4555,5,SYNTH
2026-03-09 15:02:06.268Z,1.4552,5,SYNTH
2026-03-09 15:02:07.557Z,1.4565,3,SYNTH
2026-03-09 15:02:08.214Z,1.4542,2,SYNTH
2026-03-09 15:02:09.430Z,1.4555,4,SYNTH
2026-03-09 15:02:10.394Z,1.4547,3,SYNTH
2026-03-09 15:02:11.797Z,1.4560,8,SYNTH
2026-03-09 15:02:12.332Z,1.4560,8,SYNTH
2026-03-09 15:02:13.369Z,1.4556,8,SYNTH
2026-03-09 15:02:14.187Z,1.4557,3,SYNTH
2026-03-09 15:02:15.468Z,1.4552,2,SYNTH
2026-03-09 15:02:16.257Z,1.4570,5,SYNTH
2026-03-09 15:02:17.236Z,1.4532,5,SYNTH
2026-03-09 15:02:18.176Z,1.4557,4,SYNTH
2026-03-09 15:02:19.640Z,1.4558,7,SYNTH
2026-03-09 15:02:20.423Z,1.4571,3,SYNTH
2026-03-09 15:02:21.410Z,1.4539,2,SYNTH
2026-03-09 15:02:22.363Z,1.4534,2,SYNTH
2026-03-09 15:02:23.529Z,1.4560,2,SYNTH
2026-03-09 15:02:24.334Z,1.4558,3,SYNTH
2026-03-09 15:02:25.823Z,1.4546,2,SYNTH
2026-03-09 15:02:26.896Z,1.4542,2,SYNTH
2026-03-09 15:02:27.588Z,1.4555,3,SYNTH
2026-03-09 15:02:28.644Z,1.4568,2,SYNTH
2026-03-09 15:02:29.660Z,1.4545,2,SYNTH
2026-03-09 15:02:30.688Z,1.4545,3,SYNTH
2026-03-09 15:02:31.535Z,1.4549,3,SYNTH
2026-03-09 15:02:32.063Z,1.4536,2,SYNTH
2026-03-09 15:02:33.396Z,1.4565,2,SYNTH
2026-03-09 15:02:34.798Z,1.4540,3,SYNTH
2026-03-09 15:02:35.205Z,1.4560,3,SYNTH
2026-03-09 15:02:36.104Z,1.4547,3,SYNTH
2026-03-09 15:02:37.498Z,1.4552,6,SYNTH
2026-03-09 15:02:38.476Z,1.4557,8,SYNTH
2026-03-09 15:02:39.468Z,1.4533,8,SYNTH
2026-03-09 15:02:40.896Z,1.4564,9,SYNTH
2026-03-09 15:02:41.864Z,1.4565,2,SYNTH
2026-03-09 15:02:42.433Z,1.4571,2,SYNTH
2026-03-09 15:02:43.037Z,1.4548,2,SYNTH
2026-03-09 15:02:44.876Z,1.4555,3,SYNTH
2026-03-09 15:02:45.763Z,1.4556,3,SYNTH
2026-03-09 15:02:46.123Z,1.4543,4,SYNTH
2026-03-09 15:02:47.564Z,1.4528,4,SYNTH
2026-03-09 15:02:48.562Z,1.4565,4,SYNTH
2026-03-09 15:02:49.187Z,1.4536,2,SYNTH
2026-03-09 15:02:50.811Z,1.4558,3,SYNTH
2026-03-09 15:02:51.131Z,1.4573,2,SYNTH
2026-03-09 15:02:52.119Z,1.4538,2,SYNTH
2026-03-09 15:02:53.456Z,1.4555,2,SYNTH
2026-03-09 15:02:54.745Z,1.4555,4,SYNTH
2026-03-09 15:02:55.280Z,1.4572,3,SYNTH
2026-03-09 15:02:56.704Z,1.4536,3,SYNTH
2026-03-09 15:02:57.834Z,1.4538,4,SYNTH
2026-03-09 15:02:58.158Z,1.4572,4,SYNTH
2026-03-09 15:02:59.604Z,1.4532,4,SYNTH
2026-03-09 15:05:00.155Z,1.4514,12,SYNTH
2026-03-09 15:05:01.791Z,1.4492,15,SYNTH
2026-03-09 15:05:02.245Z,1.4509,22,SYNTH
2026-03-09 15:05:03.263Z,1.4515,17,SYNTH
2026-03-09 15:05:04.860Z,1.4508,16,SYNTH
2026-03-09 15:05:05.514Z,1.4519,19,SYNTH
2026-03-09 15:05:06.739Z,1.4483,13,SYNTH
2026-03-09 15:05:07.452Z,1.4495,18,SYNTH
2026-03-09 15:05:08.554Z,1.4504,13,SYNTH
2026-03-09 15:05:09.645Z,1.4489,14,SYNTH
2026-03-09 15:05:10.816Z,1.4514,11,SYNTH
2026-03-09 15:05:11.164Z,1.4506,26,SYNTH
2026-03-09 15:05:12.165Z,1.4493,29,SYNTH
2026-03-09 15:05:13.261Z,1.4521,29,SYNTH
2026-03-09 15:05:14.413Z,1.4502,11,SYNTH
2026-03-09 15:05:15.746Z,1.4489,11,SYNTH
2026-03-09 15:05:16.623Z,1.4520,18,SYNTH
2026-03-09 15:05:17.823Z,1.4484,29,SYNTH
2026-03-09 15:05:18.674Z,1.4493,23,SYNTH
2026-03-09 15:05:19.151Z,1.4503,25,SYNTH
2026-03-09 15:05:20.566Z,1.4506,13,SYNTH
2026-03-09 15:05:21.048Z,1.4522,11,SYNTH
2026-03-09 15:05:22.781Z,1.4492,11,SYNTH
2026-03-09 15:05:23.041Z,1.4530,14,SYNTH
2026-03-09 15:05:24.374Z,1.4496,10,SYNTH
2026-03-09 15:05:25.555Z,1.4529,15,SYNTH
2026-03-09 15:05:26.021Z,1.4538,12,SYNTH
2026-03-09 15:05:27.238Z,1.4539,11,SYNTH
2026-03-09 15:05:28.190Z,1.4506,8,SYNTH
2026-03-09 15:05:29.094Z,1.4543,11,SYNTH
2026-03-09 15:05:30.322Z,1.4544,13,SYNTH
2026-03-09 15:05:31.407Z,1.4549,10,SYNTH
2026-03-09 15:05:32.462Z,1.4555,7,SYNTH
2026-03-09 15:05:33.048Z,1.4544,11,SYNTH
2026-03-09 15:05:34.549Z,1.4556,10,SYNTH
2026-03-09 15:05:35.538Z,1.4546,13,SYNTH
2026-03-09 15:05:36.468Z,1.4562,7,SYNTH
2026-03-09 15:05:37.569Z,1.4539,32,SYNTH
2026-03-09 15:05:38.029Z,1.4535,29,SYNTH
2026-03-09 15:05:39.055Z,1.4555,27,SYNTH
2026-03-09 15:05:40.396Z,1.4528,23,SYNTH
2026-03-09 15:05:41.141Z,1.4525,11,SYNTH
2026-03-09 15:05:42.599Z,1.4545,14,SYNTH
2026-03-09 15:05:43.274Z,1.4524,12,SYNTH
2026-03-09 15:05:44.413Z,1.4522,15,SYNTH
2026-03-09 15:05:45.147Z,1.4553,22,SYNTH
2026-03-09 15:05:46.508Z,1.4531,11,SYNTH
2026-03-09 15:05:47.008Z,1.4523,21,SYNTH
2026-03-09 15:05:48.855Z,1.4530,13,SYNTH
2026-03-09 15:05:49.530Z,1.4511,15,SYNTH
2026-03-09 15:05:50.246Z,1.4549,11,SYNTH
2026-03-09 15:05:51.463Z,1.4524,11,SYNTH
2026-03-09 15:05:52.695Z,1.4509,17,SYNTH
2026-03-09 15:05:53.572Z,1.4521,14,SYNTH
2026-03-09 15:05:54.355Z,1.4494,20,SYNTH
2026-03-09 15:05:55.580Z,1.4520,17,SYNTH
2026-03-09 15:05:56.236Z,1.4490,21,SYNTH
2026-03-09 15:05:57.701Z,1.4486,11,SYNTH
2026-03-09 15:05:58.529Z,1.4491,13,SYNTH
2026-03-09 15:05:59.769Z,1.4504,18,SYNTH
2026-03-09 15:06:00.055Z,1.4251,14,SYNTH
2026-03-09 15:06:01.017Z,1.4243,13,SYNTH
2026-03-09 15:06:02.683Z,1.4259,11,SYNTH
2026-03-09 15:06:03.801Z,1.4261,8,SYNTH
2026-03-09 15:06:04.214Z,1.4264,6,SYNTH
2026-03-09 15:06:05.087Z,1.4253,11,SYNTH
2026-03-09 15:06:06.201Z,1.4236,6,SYNTH
2026-03-09 15:06:07.436Z,1.4236,5,SYNTH
2026-03-09 15:06:08.834Z,1.4261,9,SYNTH
2026-03-09 15:06:09.757Z,1.4253,5,SYNTH
2026-03-09 15:06:10.099Z,1.4232,6,SYNTH
2026-03-09 15:06:11.615Z,1.4267,14,SYNTH
2026-03-09 15:06:12.066Z,1.4264,28,SYNTH
2026-03-09 15:06:13.630Z,1.4248,25,SYNTH
2026-03-09 15:06:14.195Z,1.4259,10,SYNTH
2026-03-09 15:06:15.513Z,1.4265,8,SYNTH
2026-03-09 15:06:16.019Z,1.4269,12,SYNTH
2026-03-09 15:06:17.356Z,1.4266,15,SYNTH
2026-03-09 15:06:18.775Z,1.4235,10,SYNTH
2026-03-09 15:06:19.467Z,1.4264,15,SYNTH
2026-03-09 15:06:20.394Z,1.4270,8,SYNTH
2026-03-09 15:06:21.124Z,1.4245,5,SYNTH
2026-03-09 15:06:22.340Z,1.4248,5,SYNTH
2026-03-09 15:06:23.459Z,1.4233,10,SYNTH
2026-03-09 15:06:24.752Z,1.4254,9,SYNTH
2026-03-09 15:06:25.801Z,1.4248,7,SYNTH
2026-03-09 15:06:26.194Z,1.4233,7,SYNTH
2026-03-09 15:06:27.387Z,1.4264,6,SYNTH
2026-03-09 15:06:28.183Z,1.4256,10,SYNTH
2026-03-09 15:06:29.054Z,1.4267,7,SYNTH
2026-03-09 15:06:30.297Z,1.4271,10,SYNTH
2026-03-09 15:06:31.770Z,1.4249,5,SYNTH
2026-03-09 15:06:32.364Z,1.4237,7,SYNTH
2026-03-09 15:06:33.062Z,1.4261,6,SYNTH
2026-03-09 15:06:34.852Z,1.4228,8,SYNTH
2026-03-09 15:06:35.099Z,1.4270,9,SYNTH
2026-03-09 15:06:36.591Z,1.4262,9,SYNTH
2026-03-09 15:06:37.812Z,1.4258,13,SYNTH
2026-03-09 15:06:38.199Z,1.4259,23,SYNTH
2026-03-09 15:06:39.343Z,1.4235,17,SYNTH
2026-03-09 15:06:40.380Z,1.4269,14,SYNTH
2026-03-09 15:06:41.265Z,1.4245,9,SYNTH
2026-03-09 15:06:42.503Z,1.4255,8,SYNTH
2026-03-09 15:06:43.238Z,1.4263,6,SYNTH
2026-03-09 15:06:44.526Z,1.4232,8,SYNTH
2026-03-09 15:06:45.629Z,1.4261,12,SYNTH
2026-03-09 15:06:46.740Z,1.4263,10,SYNTH
2026-03-09 15:06:47.035Z,1.4233,9,SYNTH
2026-03-09 15:06:48.170Z,1.4265,6,SYNTH
2026-03-09 15:06:49.861Z,1.4252,7,SYNTH
2026-03-09 15:06:50.528Z,1.4264,5,SYNTH
2026-03-09 15:06:51.483Z,1.4232,12,SYNTH
2026-03-09 15:06:52.349Z,1.4253,6,SYNTH
2026-03-09 15:06:53.849Z,1.4258,8,SYNTH
2026-03-09 15:06:54.318Z,1.4239,13,SYNTH
2026-03-09 15:06:55.467Z,1.4235,11,SYNTH
2026-03-09 15:06:56.365Z,1.4251,12,SYNTH
2026-03-09 15:06:57.107Z,1.4229,12,SYNTH
2026-03-09 15:06:58.440Z,1.4271,9,SYNTH
2026-03-09 15:06:59.519Z,1.4248,11,SYNTH
2026-03-09 15:07:00.731Z,1.4302,7,SYNTH
2026-03-09 15:07:01.009Z,1.4307,8,SYNTH
2026-03-09 15:07:02.125Z,1.4301,8,SYNTH
2026-03-09 15:07:03.689Z,1.4309,7,SYNTH
2026-03-09 15:07:04.710Z,1.4287,9,SYNTH
2026-03-09 15:07:05.853Z,1.4303,5,SYNTH
2026-03-09 15:07:06.694Z,1.4288,9,SYNTH
2026-03-09 15:07:07.822Z,1.4298,11,SYNTH
2026-03-09 15:07:08.113Z,1.4313,7,SYNTH
2026-03-09 15:07:09.828Z,1.4309,10,SYNTH
2026-03-09 15:07:10.310Z,1.4318,6,SYNTH
2026-03-09 15:07:11.406Z,1.4301,19,SYNTH
2026-03-09 15:07:12.457Z,1.4311,24,SYNTH
2026-03-09 15:07:13.843Z,1.4281,11,SYNTH
2026-03-09 15:07:14.501Z,1.4305,6,SYNTH
2026-03-09 15:07:15.722Z,1.4290,5,SYNTH
2026-03-09 15:07:16.859Z,1.4315,12,SYNTH
2026-03-09 15:07:17.265Z,1.4305,12,SYNTH
2026-03-09 15:07:18.335Z,1.4287,10,SYNTH
2026-03-09 15:07:19.564Z,1.4317,14,SYNTH
2026-03-09 15:07:20.515Z,1.4292,9,SYNTH
2026-03-09 15:07:21.670Z,1.4270,6,SYNTH
2026-03-09 15:07:22.642Z,1.4263,9,SYNTH
2026-03-09 15:07:23.675Z,1.4252,7,SYNTH
2026-03-09 15:07:24.010Z,1.4245,8,SYNTH
2026-03-09 15:07:25.265Z,1.4236,8,SYNTH
2026-03-09 15:07:26.280Z,1.4231,5,SYNTH
2026-03-09 15:07:27.713Z,1.4216,8,SYNTH
2026-03-09 15:07:28.708Z,1.4191,8,SYNTH
2026-03-09 15:07:29.708Z,1.4184,4,SYNTH
2026-03-09 15:07:30.634Z,1.4170,7,SYNTH
2026-03-09 15:07:31.405Z,1.4150,5,SYNTH
2026-03-09 15:07:32.208Z,1.4144,4,SYNTH
2026-03-09 15:07:33.327Z,1.4125,8,SYNTH
2026-03-09 15:07:34.305Z,1.4108,8,SYNTH
2026-03-09 15:07:35.828Z,1.4115,4,SYNTH
2026-03-09 15:07:36.721Z,1.4101,9,SYNTH
2026-03-09 15:07:37.314Z,1.4091,20,SYNTH
2026-03-09 15:07:38.483Z,1.4091,19,SYNTH
2026-03-09 15:07:39.440Z,1.4104,14,SYNTH
2026-03-09 15:07:40.248Z,1.4091,20,SYNTH
2026-03-09 15:07:41.088Z,1.4124,5,SYNTH
2026-03-09 15:07:42.513Z,1.4132,4,SYNTH
2026-03-09 15:07:43.581Z,1.4104,4,SYNTH
2026-03-09 15:07:44.763Z,1.4135,4,SYNTH
2026-03-09 15:07:45.874Z,1.4136,11,SYNTH
2026-03-09 15:07:46.690Z,1.4137,15,SYNTH
2026-03-09 15:07:47.681Z,1.4114,15,SYNTH
2026-03-09 15:07:48.844Z,1.4142,8,SYNTH
2026-03-09 15:07:49.412Z,1.4098,11,SYNTH
2026-03-09 15:07:50.768Z,1.4097,9,SYNTH
2026-03-09 15:07:51.086Z,1.4127,10,SYNTH
2026-03-09 15:07:52.197Z,1.4098,10,SYNTH
2026-03-09 15:07:53.430Z,1.4095,7,SYNTH
2026-03-09 15:07:54.741Z,1.4096,7,SYNTH
2026-03-09 15:07:55.492Z,1.4090,11,SYNTH
2026-03-09 15:07:56.655Z,1.4081,8,SYNTH
2026-03-09 15:07:57.400Z,1.4088,11,SYNTH
2026-03-09 15:07:58.621Z,1.4114,9,SYNTH
2026-03-09 15:07:59.715Z,1.4090,12,SYNTH
2026-03-09 15:08:00.126Z,1.4516,15,SYNTH
2026-03-09 15:08:01.237Z,1.4479,15,SYNTH
2026-03-09 15:08:02.341Z,1.4498,7,SYNTH
2026-03-09 15:08:03.188Z,1.4508,6,SYNTH
2026-03-09 15:08:04.119Z,1.4480,11,SYNTH
2026-03-09 15:08:05.359Z,1.4503,9,SYNTH
2026-03-09 15:08:06.680Z,1.4516,6,SYNTH
2026-03-09 15:08:07.876Z,1.4491,6,SYNTH
2026-03-09 15:08:08.617Z,1.4518,9,SYNTH
2026-03-09 15:08:09.115Z,1.4488,10,SYNTH
2026-03-09 15:08:10.012Z,1.4481,11,SYNTH
2026-03-09 15:08:11.032Z,1.4510,17,SYNTH
2026-03-09 15:08:12.767Z,1.4507,20,SYNTH
2026-03-09 15:08:13.429Z,1.4480,27,SYNTH
2026-03-09 15:08:14.606Z,1.4490,8,SYNTH
2026-03-09 15:08:15.116Z,1.4500,7,SYNTH
2026-03-09 15:08:16.797Z,1.4505,19,SYNTH
2026-03-09 15:08:17.448Z,1.4515,13,SYNTH
2026-03-09 15:08:18.696Z,1.4493,19,SYNTH
2026-03-09 15:08:19.428Z,1.4508,12,SYNTH
2026-03-09 15:08:20.322Z,1.4516,8,SYNTH
2026-03-09 15:08:21.250Z,1.4526,6,SYNTH
2026-03-09 15:08:22.018Z,1.4522,6,SYNTH
2026-03-09 15:08:23.408Z,1.4529,10,SYNTH
2026-03-09 15:08:24.442Z,1.4530,10,SYNTH
2026-03-09 15:08:25.810Z,1.4528,6,SYNTH
2026-03-09 15:08:26.684Z,1.4548,5,SYNTH
2026-03-09 15:08:27.889Z,1.4564,8,SYNTH
2026-03-09 15:08:28.496Z,1.4563,5,SYNTH
2026-03-09 15:08:29.200Z,1.4563,7,SYNTH
2026-03-09 15:08:30.378Z,1.4576,9,SYNTH
2026-03-09 15:08:31.291Z,1.4583,7,SYNTH
2026-03-09 15:08:32.584Z,1.4582,6,SYNTH
2026-03-09 15:08:33.316Z,1.4596,5,SYNTH
2026-03-09 15:08:34.590Z,1.4596,9,SYNTH
2026-03-09 15:08:35.657Z,1.4595,7,SYNTH
2026-03-09 15:08:36.490Z,1.4611,4,SYNTH
2026-03-09 15:08:37.678Z,1.4604,20,SYNTH
2026-03-09 15:08:38.427Z,1.4604,18,SYNTH
2026-03-09 15:08:39.243Z,1.4607,24,SYNTH
2026-03-09 15:08:40.058Z,1.4589,16,SYNTH
2026-03-09 15:08:41.873Z,1.4576,7,SYNTH
2026-03-09 15:08:42.759Z,1.4602,9,SYNTH
2026-03-09 15:08:43.378Z,1.4580,11,SYNTH
2026-03-09 15:08:44.485Z,1.4572,10,SYNTH
2026-03-09 15:08:45.639Z,1.4611,14,SYNTH
2026-03-09 15:08:46.137Z,1.4611,10,SYNTH
2026-03-09 15:08:47.472Z,1.4585,8,SYNTH
2026-03-09 15:08:48.450Z,1.4603,9,SYNTH
2026-03-09 15:08:49.040Z,1.4612,6,SYNTH
2026-03-09 15:08:50.486Z,1.4612,8,SYNTH
2026-03-09 15:08:51.734Z,1.4593,9,SYNTH
2026-03-09 15:08:52.751Z,1.4617,6,SYNTH
2026-03-09 15:08:53.794Z,1.4614,10,SYNTH
2026-03-09 15:08:54.490Z,1.4596,10,SYNTH
2026-03-09 15:08:55.061Z,1.4578,11,SYNTH
2026-03-09 15:08:56.466Z,1.4609,12,SYNTH
2026-03-09 15:08:57.825Z,1.4580,7,SYNTH
2026-03-09 15:08:58.474Z,1.4621,7,SYNTH
2026-03-09 15:08:59.140Z,1.4592,8,SYNTH
2026-03-09 15:10:00.611Z,1.4302,15,SYNTH
2026-03-09 15:10:01.055Z,1.4312,6,SYNTH
2026-03-09 15:10:02.085Z,1.4282,14,SYNTH
2026-03-09 15:10:03.278Z,1.4315,14,SYNTH
2026-03-09 15:10:04.685Z,1.4283,13,SYNTH
2026-03-09 15:10:05.666Z,1.4314,12,SYNTH
2026-03-09 15:10:06.890Z,1.4309,13,SYNTH
2026-03-09 15:10:07.176Z,1.4290,5,SYNTH
2026-03-09 15:10:08.839Z,1.4293,8,SYNTH
2026-03-09 15:10:09.164Z,1.4316,10,SYNTH
2026-03-09 15:10:10.645Z,1.4303,12,SYNTH
2026-03-09 15:10:11.043Z,1.4307,17,SYNTH
2026-03-09 15:10:12.670Z,1.4288,16,SYNTH
2026-03-09 15:10:13.278Z,1.4321,28,SYNTH
2026-03-09 15:10:14.288Z,1.4291,10,SYNTH
2026-03-09 15:10:15.649Z,1.4305,8,SYNTH
2026-03-09 15:10:16.344Z,1.4322,10,SYNTH
2026-03-09 15:10:17.764Z,1.4309,18,SYNTH
2026-03-09 15:10:18.015Z,1.4291,13,SYNTH
2026-03-09 15:10:19.358Z,1.4306,10,SYNTH
2026-03-09 15:10:20.673Z,1.4314,7,SYNTH
2026-03-09 15:10:21.829Z,1.4286,7,SYNTH
2026-03-09 15:10:22.064Z,1.4317,8,SYNTH
2026-03-09 15:10:23.459Z,1.4311,6,SYNTH
2026-03-09 15:10:24.356Z,1.4297,9,SYNTH
2026-03-09 15:10:25.331Z,1.4307,9,SYNTH
2026-03-09 15:10:26.818Z,1.4308,5,SYNTH
2026-03-09 15:10:27.086Z,1.4302,5,SYNTH
2026-03-09 15:10:28.576Z,1.4306,9,SYNTH
2026-03-09 15:10:29.418Z,1.4282,8,SYNTH
2026-03-09 15:10:30.333Z,1.4300,7,SYNTH
2026-03-09 15:10:31.539Z,1.4305,9,SYNTH
2026-03-09 15:10:32.559Z,1.4291,4,SYNTH
2026-03-09 15:10:33.512Z,1.4295,4,SYNTH
2026-03-09 15:10:34.193Z,1.4318,5,SYNTH
2026-03-09 15:10:35.034Z,1.4309,6,SYNTH
2026-03-09 15:10:36.085Z,1.4322,6,SYNTH
2026-03-09 15:10:37.270Z,1.4296,24,SYNTH
2026-03-09 15:10:38.577Z,1.4310,16,SYNTH
2026-03-09 15:10:39.351Z,1.4290,10,SYNTH
2026-03-09 15:10:40.858Z,1.4319,11,SYNTH
2026-03-09 15:10:41.565Z,1.4319,5,SYNTH
2026-03-09 15:10:42.826Z,1.4305,9,SYNTH
2026-03-09 15:10:43.379Z,1.4283,7,SYNTH
2026-03-09 15:10:44.280Z,1.4307,8,SYNTH
2026-03-09 15:10:45.899Z,1.4289,8,SYNTH
2026-03-09 15:10:46.568Z,1.4309,9,SYNTH
2026-03-09 15:10:47.514Z,1.4304,12,SYNTH
2026-03-09 15:10:48.391Z,1.4293,8,SYNTH
2026-03-09 15:10:49.219Z,1.4320,11,SYNTH
2026-03-09 15:10:50.082Z,1.4307,8,SYNTH
2026-03-09 15:10:51.455Z,1.4299,12,SYNTH
2026-03-09 15:10:52.811Z,1.4307,9,SYNTH
2026-03-09 15:10:53.182Z,1.4290,8,SYNTH
2026-03-09 15:10:54.237Z,1.4315,7,SYNTH
2026-03-09 15:10:55.080Z,1.4321,10,SYNTH
2026-03-09 15:10:56.198Z,1.4312,9,SYNTH
2026-03-09 15:10:57.696Z,1.4278,11,SYNTH
2026-03-09 15:10:58.806Z,1.4308,7,SYNTH
2026-03-09 15:10:59.050Z,1.4292,15,SYNTH
2026-03-09 15:11:00.165Z,1.4313,7,SYNTH
2026-03-09 15:11:01.083Z,1.4311,8,SYNTH
2026-03-09 15:11:02.061Z,1.4308,6,SYNTH
2026-03-09 15:11:03.236Z,1.4291,7,SYNTH
2026-03-09 15:11:04.870Z,1.4308,7,SYNTH
2026-03-09 15:11:05.179Z,1.4286,7,SYNTH
2026-03-09 15:11:06.720Z,1.4311,9,SYNTH
2026-03-09 15:11:07.861Z,1.4302,10,SYNTH
2026-03-09 15:11:08.359Z,1.4280,10,SYNTH
2026-03-09 15:11:09.635Z,1.4316,6,SYNTH
2026-03-09 15:11:10.649Z,1.4298,6,SYNTH
2026-03-09 15:11:11.047Z,1.4312,11,SYNTH
2026-03-09 15:11:12.137Z,1.4296,18,SYNTH
2026-03-09 15:11:13.367Z,1.4286,20,SYNTH
2026-03-09 15:11:14.056Z,1.4279,9,SYNTH
2026-03-09 15:11:15.037Z,1.4311,6,SYNTH
2026-03-09 15:11:16.344Z,1.4317,10,SYNTH
2026-03-09 15:11:17.285Z,1.4294,11,SYNTH
2026-03-09 15:11:18.649Z,1.4304,12,SYNTH
2026-03-09 15:11:19.590Z,1.4296,12,SYNTH
2026-03-09 15:11:20.272Z,1.4315,4,SYNTH
2026-03-09 15:11:21.884Z,1.4297,8,SYNTH
2026-03-09 15:11:22.107Z,1.4302,7,SYNTH
2026-03-09 15:11:23.674Z,1.4310,6,SYNTH
2026-03-09 15:11:24.105Z,1.4293,4,SYNTH
2026-03-09 15:11:25.317Z,1.4310,5,SYNTH
2026-03-09 15:11:26.530Z,1.4308,4,SYNTH
2026-03-09 15:11:27.386Z,1.4317,5,SYNTH
2026-03-09 15:11:28.841Z,1.4287,5,SYNTH
2026-03-09 15:11:29.001Z,1.4308,7,SYNTH
2026-03-09 15:11:30.232Z,1.4292,7,SYNTH
2026-03-09 15:11:31.441Z,1.4309,4,SYNTH
2026-03-09 15:11:32.381Z,1.4286,7,SYNTH
2026-03-09 15:11:33.893Z,1.4316,3,SYNTH
2026-03-09 15:11:34.751Z,1.4289,8,SYNTH
2026-03-09 15:11:35.108Z,1.4313,5,SYNTH
2026-03-09 15:11:36.178Z,1.4281,5,SYNTH
2026-03-09 15:11:37.264Z,1.4319,16,SYNTH
2026-03-09 15:11:38.455Z,1.4283,19,SYNTH
2026-03-09 15:11:39.077Z,1.4309,20,SYNTH
2026-03-09 15:11:40.793Z,1.4311,13,SYNTH
2026-03-09 15:11:41.376Z,1.4289,8,SYNTH
2026-03-09 15:11:42.562Z,1.4305,4,SYNTH
2026-03-09 15:11:43.760Z,1.4279,7,SYNTH
2026-03-09 15:11:44.893Z,1.4300,5,SYNTH
2026-03-09 15:11:45.004Z,1.4310,11,SYNTH
2026-03-09 15:11:46.334Z,1.4295,10,SYNTH
2026-03-09 15:11:47.367Z,1.4291,6,SYNTH
2026-03-09 15:11:48.447Z,1.4300,5,SYNTH
2026-03-09 15:11:49.654Z,1.4310,5,SYNTH
2026-03-09 15:11:50.235Z,1.4312,7,SYNTH
2026-03-09 15:11:51.745Z,1.4312,8,SYNTH
2026-03-09 15:11:52.860Z,1.4285,6,SYNTH
2026-03-09 15:11:53.454Z,1.4291,7,SYNTH
2026-03-09 15:11:54.320Z,1.4312,11,SYNTH
2026-03-09 15:11:55.149Z,1.4310,8,SYNTH
2026-03-09 15:11:56.334Z,1.4306,9,SYNTH
2026-03-09 15:11:57.087Z,1.4301,10,SYNTH
2026-03-09 15:11:58.379Z,1.4293,7,SYNTH
2026-03-09 15:11:59.764Z,1.4314,13,SYNTH
2026-03-09 15:12:00.305Z,1.4305,8,SYNTH
2026-03-09 15:12:01.351Z,1.4312,9,SYNTH
2026-03-09 15:12:02.542Z,1.4293,12,SYNTH
2026-03-09 15:12:03.076Z,1.4312,17,SYNTH
2026-03-09 15:12:04.113Z,1.4288,11,SYNTH
2026-03-09 15:12:05.846Z,1.4316,16,SYNTH
2026-03-09 15:12:06.507Z,1.4304,11,SYNTH
2026-03-09 15:12:07.178Z,1.4285,11,SYNTH
2026-03-09 15:12:08.656Z,1.4314,11,SYNTH
2026-03-09 15:12:09.444Z,1.4285,9,SYNTH
2026-03-09 15:12:10.095Z,1.4284,8,SYNTH
2026-03-09 15:12:11.109Z,1.4306,16,SYNTH
2026-03-09 15:12:12.161Z,1.4278,15,SYNTH
2026-03-09 15:12:13.220Z,1.4311,18,SYNTH
2026-03-09 15:12:14.396Z,1.4318,11,SYNTH
2026-03-09 15:12:15.254Z,1.4280,10,SYNTH
2026-03-09 15:12:16.100Z,1.4315,21,SYNTH
2026-03-09 15:12:17.798Z,1.4295,11,SYNTH
2026-03-09 15:12:18.251Z,1.4300,17,SYNTH
2026-03-09 15:12:19.097Z,1.4311,13,SYNTH
2026-03-09 15:12:20.127Z,1.4296,8,SYNTH
2026-03-09 15:12:21.182Z,1.4304,12,SYNTH
2026-03-09 15:12:22.010Z,1.4282,9,SYNTH
2026-03-09 15:12:23.397Z,1.4306,11,SYNTH
2026-03-09 15:12:24.250Z,1.4285,6,SYNTH
2026-03-09 15:12:25.833Z,1.4292,11,SYNTH
2026-03-09 15:12:26.691Z,1.4319,9,SYNTH
2026-03-09 15:12:27.294Z,1.4312,6,SYNTH
2026-03-09 15:12:28.560Z,1.4321,10,SYNTH
2026-03-09 15:12:29.401Z,1.4296,10,SYNTH
2026-03-09 15:12:30.432Z,1.4304,5,SYNTH
2026-03-09 15:12:31.735Z,1.4298,11,SYNTH
2026-03-09 15:12:32.091Z,1.4308,6,SYNTH
2026-03-09 15:12:33.476Z,1.4299,5,SYNTH
2026-03-09 15:12:34.028Z,1.4312,11,SYNTH
2026-03-09 15:12:35.728Z,1.4296,6,SYNTH
2026-03-09 15:12:36.536Z,1.4282,12,SYNTH
2026-03-09 15:12:37.272Z,1.4302,15,SYNTH
2026-03-09 15:12:38.580Z,1.4311,26,SYNTH
2026-03-09 15:12:39.576Z,1.4310,19,SYNTH
2026-03-09 15:12:40.397Z,1.4291,22,SYNTH
2026-03-09 15:12:41.178Z,1.4306,8,SYNTH
2026-03-09 15:12:42.047Z,1.4285,12,SYNTH
2026-03-09 15:12:43.528Z,1.4318,11,SYNTH
2026-03-09 15:12:44.800Z,1.4304,11,SYNTH
2026-03-09 15:12:45.650Z,1.4295,15,SYNTH
2026-03-09 15:12:46.069Z,1.4310,18,SYNTH
2026-03-09 15:12:47.800Z,1.4281,13,SYNTH
2026-03-09 15:12:48.481Z,1.4278,13,SYNTH
2026-03-09 15:12:49.170Z,1.4319,8,SYNTH
2026-03-09 15:12:50.025Z,1.4291,7,SYNTH
2026-03-09 15:12:51.129Z,1.4322,8,SYNTH
2026-03-09 15:12:52.821Z,1.4285,12,SYNTH
2026-03-09 15:12:53.089Z,1.4311,7,SYNTH
2026-03-09 15:12:54.335Z,1.4311,11,SYNTH
2026-03-09 15:12:55.719Z,1.4304,8,SYNTH
2026-03-09 15:12:56.170Z,1.4295,13,SYNTH
2026-03-09 15:12:57.012Z,1.4303,13,SYNTH
2026-03-09 15:12:58.306Z,1.4300,16,SYNTH
2026-03-09 15:12:59.097Z,1.4319,13,SYNTH
2026-03-09 15:14:00.202Z,1.4308,3,SYNTH
2026-03-09 15:14:01.347Z,1.4313,4,SYNTH
2026-03-09 15:14:02.122Z,1.4319,3,SYNTH
2026-03-09 15:14:03.533Z,1.4315,2,SYNTH
2026-03-09 15:14:04.459Z,1.4313,3,SYNTH
2026-03-09 15:14:05.735Z,1.4308,4,SYNTH
2026-03-09 15:14:06.607Z,1.4297,2,SYNTH
2026-03-09 15:14:07.759Z,1.4313,2,SYNTH
2026-03-09 15:14:08.783Z,1.4315,4,SYNTH
2026-03-09 15:14:09.784Z,1.4287,2,SYNTH
2026-03-09 15:14:10.824Z,1.4292,4,SYNTH
2026-03-09 15:14:11.461Z,1.4313,8,SYNTH
2026-03-09 15:14:12.724Z,1.4321,9,SYNTH
2026-03-09 15:14:13.471Z,1.4280,7,SYNTH
2026-03-09 15:14:14.222Z,1.4312,3,SYNTH
2026-03-09 15:14:15.495Z,1.4314,3,SYNTH
2026-03-09 15:14:16.077Z,1.4311,4,SYNTH
2026-03-09 15:14:17.417Z,1.4288,4,SYNTH
2026-03-09 15:14:18.052Z,1.4316,3,SYNTH
2026-03-09 15:14:19.688Z,1.4304,5,SYNTH
2026-03-09 15:14:20.881Z,1.4282,1,SYNTH
2026-03-09 15:14:21.754Z,1.4306,2,SYNTH
2026-03-09 15:14:22.461Z,1.4288,2,SYNTH
2026-03-09 15:14:23.140Z,1.4308,2,SYNTH
2026-03-09 15:14:24.219Z,1.4302,2,SYNTH
2026-03-09 15:14:25.569Z,1.4302,2,SYNTH
2026-03-09 15:14:26.154Z,1.4293,2,SYNTH
2026-03-09 15:14:27.444Z,1.4310,1,SYNTH
2026-03-09 15:14:28.839Z,1.4318,2,SYNTH
2026-03-09 15:14:29.255Z,1.4315,3,SYNTH
2026-03-09 15:14:30.057Z,1.4294,3,SYNTH
2026-03-09 15:14:31.292Z,1.4308,2,SYNTH
2026-03-09 15:14:32.283Z,1.4301,3,SYNTH
2026-03-09 15:14:33.272Z,1.4300,2,SYNTH
2026-03-09 15:14:34.385Z,1.4290,2,SYNTH
2026-03-09 15:14:35.343Z,1.4319,2,SYNTH
2026-03-09 15:14:36.877Z,1.4300,2,SYNTH
2026-03-09 15:14:37.473Z,1.4284,4,SYNTH
2026-03-09 15:14:38.703Z,1.4302,4,SYNTH
2026-03-09 15:14:39.047Z,1.4315,4,SYNTH
2026-03-09 15:14:40.250Z,1.4307,8,SYNTH
2026-03-09 15:14:41.533Z,1.4291,2,SYNTH
2026-03-09 15:14:42.471Z,1.4289,2,SYNTH
2026-03-09 15:14:43.428Z,1.4312,3,SYNTH
2026-03-09 15:14:44.304Z,1.4281,3,SYNTH
2026-03-09 15:14:45.076Z,1.4313,4,SYNTH
2026-03-09 15:14:46.730Z,1.4292,5,SYNTH
2026-03-09 15:14:47.534Z,1.4310,5,SYNTH
2026-03-09 15:14:48.800Z,1.4294,3,SYNTH
2026-03-09 15:14:49.793Z,1.4318,3,SYNTH
2026-03-09 15:14:50.254Z,1.4286,2,SYNTH
2026-03-09 15:14:51.269Z,1.4304,4,SYNTH
2026-03-09 15:14:52.220Z,1.4293,4,SYNTH
2026-03-09 15:14:53.182Z,1.4319,2,SYNTH
2026-03-09 15:14:54.131Z,1.4291,4,SYNTH
2026-03-09 15:14:55.551Z,1.4308,2,SYNTH
2026-03-09 15:14:56.496Z,1.4283,3,SYNTH
2026-03-09 15:14:57.031Z,1.4281,4,SYNTH
2026-03-09 15:14:58.596Z,1.4299,4,SYNTH
2026-03-09 15:14:59.027Z,1.4313,3,SYNTH
2026-03-09 15:15:00.745Z,1.4315,9,SYNTH
2026-03-09 15:15:01.556Z,1.4318,13,SYNTH
2026-03-09 15:15:02.818Z,1.4300,12,SYNTH
2026-03-09 15:15:03.687Z,1.4292,10,SYNTH
2026-03-09 15:15:04.071Z,1.4304,13,SYNTH
2026-03-09 15:15:05.592Z,1.4320,12,SYNTH
