TimestampUtc,Price,Size,Exchange
2026-04-21 13:30:00.534Z,0.8163,23903,SYNTH
2026-04-21 13:30:01.225Z,0.8164,17556,SYNTH
2026-04-21 13:30:02.102Z,0.8156,22283,SYNTH
2026-04-21 13:30:03.751Z,0.8154,30593,SYNTH
2026-04-21 13:30:04.869Z,0.8150,19267,SYNTH
2026-04-21 13:30:05.896Z,0.8163,30654,SYNTH
2026-04-21 13:30:06.802Z,0.8148,23663,SYNTH
2026-04-21 13:30:07.009Z,0.8161,19209,SYNTH
2026-04-21 13:30:08.179Z,0.8155,30268,SYNTH
2026-04-21 13:30:09.411Z,0.8157,29240,SYNTH
2026-04-21 13:30:10.387Z,0.8163,22327,SYNTH
2026-04-21 13:30:11.071Z,0.8154,64198,SYNTH
2026-04-21 13:30:12.109Z,0.8154,38464,SYNTH
2026-04-21 13:30:13.340Z,0.8168,49244,SYNTH
2026-04-21 13:30:14.551Z,0.8166,12155,SYNTH
2026-04-21 13:30:15.371Z,0.8153,28030,SYNTH
2026-04-21 13:30:16.801Z,0.8158,37718,SYNTH
2026-04-21 13:30:17.131Z,0.8165,25550,SYNTH
2026-04-21 13:30:18.279Z,0.8156,29810,SYNTH
2026-04-21 13:30:19.740Z,0.8165,31475,SYNTH
2026-04-21 13:30:20.484Z,0.8167,11605,SYNTH
2026-04-21 13:30:21.632Z,0.8174,13136,SYNTH
2026-04-21 13:30:22.025Z,0.8162,22268,SYNTH
2026-04-21 13:30:23.459Z,0.8167,18997,SYNTH
2026-04-21 13:30:24.231Z,0.8173,19131,SYNTH
2026-04-21 13:30:25.489Z,0.8182,19035,SYNTH
2026-04-21 13:30:26.273Z,0.8181,24069,SYNTH
2026-04-21 13:30:27.052Z,0.8179,20083,SYNTH
2026-04-21 13:30:28.003Z,0.8180,14716,SYNTH
2026-04-21 13:30:29.666Z,0.8183,13228,SYNTH
2026-04-21 13:30:30.565Z,0.8190,11222,SYNTH
2026-04-21 13:30:31.844Z,0.8190,17811,SYNTH
2026-04-21 13:30:32.839Z,0.8199,25346,SYNTH
2026-04-21 13:30:33.575Z,0.8197,14089,SYNTH
2026-04-21 13:30:34.397Z,0.8199,23763,SYNTH
2026-04-21 13:30:35.851Z,0.8203,11161,SYNTH
2026-04-21 13:30:36.543Z,0.8202,15646,SYNTH
2026-04-21 13:30:37.162Z,0.8201,66132,SYNTH
2026-04-21 13:30:38.201Z,0.8196,41627,SYNTH
2026-04-21 13:30:39.100Z,0.8200,33086,SYNTH
2026-04-21 13:30:40.081Z,0.8204,47071,SYNTH
2026-04-21 13:30:41.741Z,0.8196,23084,SYNTH
2026-04-21 13:30:42.187Z,0.8191,18203,SYNTH
2026-04-21 13:30:43.142Z,0.8193,26578,SYNTH
2026-04-21 13:30:44.660Z,0.8202,21466,SYNTH
2026-04-21 13:30:45.187Z,0.8185,39775,SYNTH
2026-04-21 13:30:46.620Z,0.8203,26211,SYNTH
2026-04-21 13:30:47.401Z,0.8188,33132,SYNTH
2026-04-21 13:30:48.228Z,0.8200,18959,SYNTH
2026-04-21 13:30:49.669Z,0.8182,29624,SYNTH
2026-04-21 13:30:50.284Z,0.8191,27835,SYNTH
2026-04-21 13:30:51.830Z,0.8190,20977,SYNTH
2026-04-21 13:30:52.773Z,0.8176,31006,SYNTH
2026-04-21 13:30:53.498Z,0.8180,15431,SYNTH
2026-04-21 13:30:54.508Z,0.8192,18739,SYNTH
2026-04-21 13:30:55.436Z,0.8177,17187,SYNTH
2026-04-21 13:30:56.178Z,0.8185,28780,SYNTH
2026-04-21 13:30:57.747Z,0.8175,33464,SYNTH
2026-04-21 13:30:58.063Z,0.8185,30121,SYNTH
2026-04-21 13:30:59.485Z,0.8189,16959,SYNTH
2026-04-21 13:31:00.257Z,0.8171,1222,SYNTH
2026-04-21 13:31:01.342Z,0.8175,1110,SYNTH
2026-04-21 13:31:02.117Z,0.8171,1445,SYNTH
2026-04-21 13:31:03.146Z,0.8181,678,SYNTH
2026-04-21 13:31:04.822Z,0.8182,761,SYNTH
2026-04-21 13:31:05.776Z,0.8184,1009,SYNTH
2026-04-21 13:31:06.832Z,0.8179,1033,SYNTH
2026-04-21 13:31:07.695Z,0.8189,1203,SYNTH
2026-04-21 13:31:08.671Z,0.8185,1186,SYNTH
2026-04-21 13:31:09.524Z,0.8193,1156,SYNTH
2026-04-21 13:31:10.796Z,0.8188,988,SYNTH
2026-04-21 13:31:11.082Z,0.8189,2803,SYNTH
2026-04-21 13:31:12.815Z,0.8181,2451,SYNTH
2026-04-21 13:31:13.315Z,0.8186,2030,SYNTH
2026-04-21 13:31:14.282Z,0.8191,920,SYNTH
2026-04-21 13:31:15.032Z,0.8173,858,SYNTH
2026-04-21 13:31:16.190Z,0.8176,1158,SYNTH
2026-04-21 13:31:17.832Z,0.8187,1903,SYNTH
2026-04-21 13:31:18.332Z,0.8182,1897,SYNTH
2026-04-21 13:31:19.211Z,0.8178,1361,SYNTH
2026-04-21 13:31:20.046Z,0.8184,1049,SYNTH
2026-04-21 13:31:21.123Z,0.8172,915,SYNTH
2026-04-21 13:31:22.871Z,0.8167,609,SYNTH
2026-04-21 13:31:23.729Z,0.8171,1006,SYNTH
2026-04-21 13:31:24.245Z,0.8160,741,SYNTH
2026-04-21 13:31:25.042Z,0.8162,622,SYNTH
2026-04-21 13:31:26.487Z,0.8159,544,SYNTH
2026-04-21 13:31:27.868Z,0.8147,794,SYNTH
2026-04-21 13:31:28.671Z,0.8150,729,SYNTH
2026-04-21 13:31:29.145Z,0.8139,846,SYNTH
2026-04-21 13:31:30.042Z,0.8135,553,SYNTH
2026-04-21 13:31:31.450Z,0.8132,884,SYNTH
2026-04-21 13:31:32.380Z,0.8135,546,SYNTH
2026-04-21 13:31:33.784Z,0.8132,466,SYNTH
2026-04-21 13:31:34.258Z,0.8128,434,SYNTH
2026-04-21 13:31:35.199Z,0.8119,883,SYNTH
2026-04-21 13:31:36.848Z,0.8118,864,SYNTH
2026-04-21 13:31:37.388Z,0.8115,2596,SYNTH
2026-04-21 13:31:38.380Z,0.8136,2585,SYNTH
2026-04-21 13:31:39.585Z,0.8122,1683,SYNTH
2026-04-21 13:31:40.030Z,0.8127,2101,SYNTH
2026-04-21 13:31:41.387Z,0.8130,660,SYNTH
2026-04-21 13:31:42.123Z,0.8117,1023,SYNTH
2026-04-21 13:31:43.118Z,0.8136,523,SYNTH
2026-04-21 13:31:44.056Z,0.8126,769,SYNTH
2026-04-21 13:31:45.664Z,0.8140,1493,SYNTH
2026-04-21 13:31:46.237Z,0.8127,1174,SYNTH
2026-04-21 13:31:47.857Z,0.8133,1558,SYNTH
2026-04-21 13:31:48.517Z,0.8127,1105,SYNTH
2026-04-21 13:31:49.311Z,0.8123,789,SYNTH
2026-04-21 13:31:50.582Z,0.8136,962,SYNTH
2026-04-21 13:31:51.297Z,0.8122,570,SYNTH
2026-04-21 13:31:52.746Z,0.8135,566,SYNTH
2026-04-21 13:31:53.302Z,0.8130,1381,SYNTH
2026-04-21 13:31:54.099Z,0.8121,858,SYNTH
2026-04-21 13:31:55.865Z,0.8129,1436,SYNTH
2026-04-21 13:31:56.088Z,0.8119,1298,SYNTH
2026-04-21 13:31:57.757Z,0.8131,1452,SYNTH
2026-04-21 13:31:58.497Z,0.8124,719,SYNTH
2026-04-21 13:31:59.198Z,0.8122,1466,SYNTH
2026-04-21 13:32:00.752Z,0.8113,1322,SYNTH
2026-04-21 13:32:01.681Z,0.8119,1008,SYNTH
2026-04-21 13:32:02.724Z,0.8121,1311,SYNTH
2026-04-21 13:32:03.409Z,0.8120,746,SYNTH
2026-04-21 13:32:04.391Z,0.8125,621,SYNTH
2026-04-21 13:32:05.664Z,0.8120,789,SYNTH
2026-04-21 13:32:06.483Z,0.8122,597,SYNTH
2026-04-21 13:32:07.409Z,0.8126,585,SYNTH
2026-04-21 13:32:08.820Z,0.8130,1164,SYNTH
2026-04-21 13:32:09.253Z,0.8122,761,SYNTH
2026-04-21 13:32:10.651Z,0.8127,594,SYNTH
2026-04-21 13:32:11.258Z,0.8130,2340,SYNTH
2026-04-21 13:32:12.412Z,0.8119,1195,SYNTH
2026-04-21 13:32:13.102Z,0.8114,2118,SYNTH
2026-04-21 13:32:14.489Z,0.8114,1044,SYNTH
2026-04-21 13:32:15.056Z,0.8130,744,SYNTH
2026-04-21 13:32:16.113Z,0.8127,1565,SYNTH
2026-04-21 13:32:17.114Z,0.8119,1677,SYNTH
2026-04-21 13:32:18.890Z,0.8134,1047,SYNTH
2026-04-21 13:32:19.632Z,0.8117,1475,SYNTH
2026-04-21 13:32:20.527Z,0.8121,477,SYNTH
2026-04-21 13:32:21.876Z,0.8115,562,SYNTH
2026-04-21 13:32:22.296Z,0.8107,936,SYNTH
2026-04-21 13:32:23.380Z,0.8106,492,SYNTH
2026-04-21 13:32:24.845Z,0.8101,642,SYNTH
2026-04-21 13:32:25.490Z,0.8096,679,SYNTH
2026-04-21 13:32:26.333Z,0.8091,443,SYNTH
2026-04-21 13:32:27.486Z,0.8091,795,SYNTH
2026-04-21 13:32:28.630Z,0.8081,721,SYNTH
2026-04-21 13:32:29.337Z,0.8072,615,SYNTH
2026-04-21 13:32:30.416Z,0.8072,808,SYNTH
2026-04-21 13:32:31.237Z,0.8060,830,SYNTH
2026-04-21 13:32:32.642Z,0.8060,516,SYNTH
2026-04-21 13:32:33.182Z,0.8060,441,SYNTH
2026-04-21 13:32:34.789Z,0.8056,719,SYNTH
2026-04-21 13:32:35.808Z,0.8054,867,SYNTH
2026-04-21 13:32:36.863Z,0.8052,401,SYNTH
2026-04-21 13:32:37.699Z,0.8056,1601,SYNTH
2026-04-21 13:32:38.115Z,0.8041,2205,SYNTH
2026-04-21 13:32:39.386Z,0.8057,1006,SYNTH
2026-04-21 13:32:40.052Z,0.8053,2393,SYNTH
2026-04-21 13:32:41.596Z,0.8057,536,SYNTH
2026-04-21 13:32:42.161Z,0.8055,1007,SYNTH
2026-04-21 13:32:43.335Z,0.8065,666,SYNTH
2026-04-21 13:32:44.881Z,0.8063,914,SYNTH
2026-04-21 13:32:45.208Z,0.8063,656,SYNTH
2026-04-21 13:32:46.870Z,0.8047,1375,SYNTH
2026-04-21 13:32:47.847Z,0.8067,756,SYNTH
2026-04-21 13:32:48.311Z,0.8051,758,SYNTH
2026-04-21 13:32:49.061Z,0.8060,950,SYNTH
2026-04-21 13:32:50.804Z,0.8067,1099,SYNTH
2026-04-21 13:32:51.384Z,0.8070,763,SYNTH
2026-04-21 13:32:52.029Z,0.8066,1175,SYNTH
2026-04-21 13:32:53.308Z,0.8071,1016,SYNTH
2026-04-21 13:32:54.050Z,0.8074,639,SYNTH
2026-04-21 13:32:55.515Z,0.8053,957,SYNTH
2026-04-21 13:32:56.467Z,0.8069,783,SYNTH
2026-04-21 13:32:57.674Z,0.8057,1174,SYNTH
2026-04-21 13:32:58.738Z,0.8073,815,SYNTH
2026-04-21 13:32:59.571Z,0.8075,1405,SYNTH
2026-04-21 13:33:00.841Z,0.8039,1220,SYNTH
2026-04-21 13:33:01.861Z,0.8026,1136,SYNTH
2026-04-21 13:33:02.712Z,0.8036,1467,SYNTH
2026-04-21 13:33:03.236Z,0.8038,1320,SYNTH
2026-04-21 13:33:04.436Z,0.8035,1954,SYNTH
2026-04-21 13:33:05.775Z,0.8041,1195,SYNTH
2026-04-21 13:33:06.333Z,0.8037,1037,SYNTH
2026-04-21 13:33:07.862Z,0.8044,1338,SYNTH
2026-04-21 13:33:08.223Z,0.8047,1185,SYNTH
2026-04-21 13:33:09.055Z,0.8044,1418,SYNTH
2026-04-21 13:33:10.331Z,0.8044,751,SYNTH
2026-04-21 13:33:11.792Z,0.8038,3137,SYNTH
2026-04-21 13:33:12.056Z,0.8048,2021,SYNTH
2026-04-21 13:33:13.533Z,0.8038,2197,SYNTH
2026-04-21 13:33:14.319Z,0.8038,1402,SYNTH
2026-04-21 13:33:15.658Z,0.8050,1302,SYNTH
2026-04-21 13:33:16.485Z,0.8040,2407,SYNTH
2026-04-21 13:33:17.291Z,0.8037,1184,SYNTH
2026-04-21 13:33:18.154Z,0.8043,1582,SYNTH
2026-04-21 13:33:19.332Z,0.8034,2512,SYNTH
2026-04-21 13:33:20.574Z,0.8038,629,SYNTH
2026-04-21 13:33:21.490Z,0.8026,1004,SYNTH
2026-04-21 13:33:22.694Z,0.8022,719,SYNTH
2026-04-21 13:33:23.239Z,0.8012,1368,SYNTH
2026-04-21 13:33:24.705Z,0.8002,1010,SYNTH
2026-04-21 13:33:25.332Z,0.7994,638,SYNTH
2026-04-21 13:33:26.435Z,0.7982,1198,SYNTH
2026-04-21 13:33:27.397Z,0.7982,815,SYNTH
2026-04-21 13:33:28.116Z,0.7965,1360,SYNTH
2026-04-21 13:33:29.601Z,0.7955,1013,SYNTH
2026-04-21 13:33:30.299Z,0.7952,1291,SYNTH
2026-04-21 13:33:31.893Z,0.7933,1356,SYNTH
2026-04-21 13:33:32.891Z,0.7933,1135,SYNTH
2026-04-21 13:33:33.386Z,0.7913,869,SYNTH
2026-04-21 13:33:34.016Z,0.7915,1263,SYNTH
2026-04-21 13:33:35.653Z,0.7911,646,SYNTH
2026-04-21 13:33:36.694Z,0.7899,939,SYNTH
2026-04-21 13:33:37.808Z,0.7897,2160,SYNTH
2026-04-21 13:33:38.143Z,0.7910,2602,SYNTH
2026-04-21 13:33:39.471Z,0.7913,2863,SYNTH
2026-04-21 13:33:40.686Z,0.7911,2911,SYNTH
2026-04-21 13:33:41.726Z,0.7912,680,SYNTH
2026-04-21 13:33:42.587Z,0.7916,1369,SYNTH
2026-04-21 13:33:43.662Z,0.7920,1409,SYNTH
2026-04-21 13:33:44.037Z,0.7920,1475,SYNTH
2026-04-21 13:33:45.541Z,0.7925,1151,SYNTH
2026-04-21 13:33:46.133Z,0.7928,1910,SYNTH
2026-04-21 13:33:47.306Z,0.7923,1697,SYNTH
2026-04-21 13:33:48.790Z,0.7928,1019,SYNTH
2026-04-21 13:33:49.309Z,0.7931,1419,SYNTH
2026-04-21 13:33:50.732Z,0.7938,846,SYNTH
2026-04-21 13:33:51.708Z,0.7939,785,SYNTH
2026-04-21 13:33:52.763Z,0.7944,1479,SYNTH
2026-04-21 13:33:53.543Z,0.7953,1304,SYNTH
2026-04-21 13:33:54.456Z,0.7959,926,SYNTH
2026-04-21 13:33:55.552Z,0.7963,1570,SYNTH
2026-04-21 13:33:56.159Z,0.7967,1154,SYNTH
2026-04-21 13:33:57.349Z,0.7969,1993,SYNTH
2026-04-21 13:33:58.099Z,0.7972,1565,SYNTH
2026-04-21 13:33:59.643Z,0.7974,2126,SYNTH
2026-04-21 13:34:00.438Z,0.7979,772,SYNTH
2026-04-21 13:34:01.000Z,0.7967,1040,SYNTH
2026-04-21 13:34:02.608Z,0.7979,536,SYNTH
2026-04-21 13:34:03.771Z,0.7964,520,SYNTH
2026-04-21 13:34:04.653Z,0.7964,526,SYNTH
2026-04-21 13:34:05.576Z,0.7979,661,SYNTH
2026-04-21 13:34:06.278Z,0.7968,988,SYNTH
2026-04-21 13:34:07.395Z,0.7977,795,SYNTH
2026-04-21 13:34:08.604Z,0.7967,863,SYNTH
2026-04-21 13:34:09.669Z,0.7981,961,SYNTH
2026-04-21 13:34:10.687Z,0.7973,583,SYNTH
2026-04-21 13:34:11.493Z,0.7967,1680,SYNTH
2026-04-21 13:34:12.687Z,0.7975,1859,SYNTH
2026-04-21 13:34:13.185Z,0.7976,1793,SYNTH
2026-04-21 13:34:14.231Z,0.7972,414,SYNTH
2026-04-21 13:34:15.340Z,0.7976,562,SYNTH
2026-04-21 13:34:16.286Z,0.7972,1295,SYNTH
2026-04-21 13:34:17.066Z,0.7979,1478,SYNTH
2026-04-21 13:34:18.379Z,0.7969,1399,SYNTH
2026-04-21 13:34:19.861Z,0.7963,611,SYNTH
2026-04-21 13:34:20.093Z,0.7968,350,SYNTH
2026-04-21 13:34:21.551Z,0.7972,359,SYNTH
2026-04-21 13:34:22.151Z,0.7958,443,SYNTH
2026-04-21 13:34:23.771Z,0.7954,704,SYNTH
2026-04-21 13:34:24.211Z,0.7951,450,SYNTH
2026-04-21 13:34:25.424Z,0.7945,569,SYNTH
2026-04-21 13:34:26.165Z,0.7939,581,SYNTH
2026-04-21 13:34:27.205Z,0.7942,599,SYNTH
2026-04-21 13:34:28.076Z,0.7935,684,SYNTH
2026-04-21 13:34:29.062Z,0.7927,736,SYNTH
2026-04-21 13:34:30.726Z,0.7926,312,SYNTH
2026-04-21 13:34:31.894Z,0.7919,654,SYNTH
2026-04-21 13:34:32.566Z,0.7912,344,SYNTH
2026-04-21 13:34:33.476Z,0.7912,734,SYNTH
2026-04-21 13:34:34.362Z,0.7904,677,SYNTH
2026-04-21 13:34:35.809Z,0.7900,568,SYNTH
2026-04-21 13:34:36.748Z,0.7900,496,SYNTH
2026-04-21 13:34:37.045Z,0.7904,1607,SYNTH
2026-04-21 13:34:38.876Z,0.7901,1955,SYNTH
2026-04-21 13:34:39.127Z,0.7902,916,SYNTH
2026-04-21 13:34:40.776Z,0.7906,1660,SYNTH
2026-04-21 13:34:41.471Z,0.7911,576,SYNTH
2026-04-21 13:34:42.822Z,0.7906,788,SYNTH
2026-04-21 13:34:43.082Z,0.7917,821,SYNTH
2026-04-21 13:34:44.539Z,0.7910,460,SYNTH
2026-04-21 13:34:45.563Z,0.7915,1042,SYNTH
2026-04-21 13:34:46.724Z,0.7903,619,SYNTH
2026-04-21 13:34:47.009Z,0.7921,1327,SYNTH
2026-04-21 13:34:48.793Z,0.7915,527,SYNTH
2026-04-21 13:34:49.114Z,0.7916,864,SYNTH
2026-04-21 13:34:50.719Z,0.7906,740,SYNTH
2026-04-21 13:34:51.391Z,0.7922,512,SYNTH
2026-04-21 13:34:52.779Z,0.7921,668,SYNTH
2026-04-21 13:34:53.838Z,0.7913,1013,SYNTH
2026-04-21 13:34:54.227Z,0.7912,1038,SYNTH
2026-04-21 13:34:55.416Z,0.7923,796,SYNTH
2026-04-21 13:34:56.510Z,0.7924,601,SYNTH
2026-04-21 13:34:57.580Z,0.7907,1131,SYNTH
2026-04-21 13:34:58.779Z,0.7920,549,SYNTH
2026-04-21 13:34:59.397Z,0.7919,803,SYNTH
2026-04-21 13:35:00.839Z,0.7913,1257,SYNTH
2026-04-21 13:35:01.468Z,0.7914,1173,SYNTH
2026-04-21 13:35:02.263Z,0.7909,1355,SYNTH
2026-04-21 13:35:03.853Z,0.7914,1076,SYNTH
2026-04-21 13:35:04.430Z,0.7907,884,SYNTH
2026-04-21 13:35:05.344Z,0.7905,1262,SYNTH
2026-04-21 13:35:06.586Z,0.7895,1305,SYNTH
2026-04-21 13:35:07.561Z,0.7911,1390,SYNTH
2026-04-21 13:35:08.307Z,0.7894,1715,SYNTH
2026-04-21 13:35:09.527Z,0.7894,911,SYNTH
2026-04-21 13:35:10.622Z,0.7897,1181,SYNTH
2026-04-21 13:35:11.646Z,0.7903,1809,SYNTH
2026-04-21 13:35:12.425Z,0.7906,2937,SYNTH
2026-04-21 13:35:13.805Z,0.7907,3555,SYNTH
2026-04-21 13:35:14.696Z,0.7898,1169,SYNTH
2026-04-21 13:35:15.083Z,0.7904,1276,SYNTH
2026-04-21 13:35:16.290Z,0.7904,1430,SYNTH
2026-04-21 13:35:17.178Z,0.7909,1469,SYNTH
2026-04-21 13:35:18.558Z,0.7894,1673,SYNTH
2026-04-21 13:35:19.763Z,0.7908,2418,SYNTH
2026-04-21 13:35:20.223Z,0.7916,746,SYNTH
2026-04-21 13:35:21.813Z,0.7930,604,SYNTH
2026-04-21 13:35:22.830Z,0.7944,764,SYNTH
2026-04-21 13:35:23.443Z,0.7957,966,SYNTH
2026-04-21 13:35:24.483Z,0.7976,779,SYNTH
2026-04-21 13:35:25.275Z,0.7991,1095,SYNTH
2026-04-21 13:35:26.733Z,0.8008,900,SYNTH
2026-04-21 13:35:27.884Z,0.8030,889,SYNTH
2026-04-21 13:35:28.349Z,0.8048,829,SYNTH
2026-04-21 13:35:29.404Z,0.8074,565,SYNTH
2026-04-21 13:35:30.291Z,0.8092,962,SYNTH
2026-04-21 13:35:31.324Z,0.8109,527,SYNTH
2026-04-21 13:35:32.766Z,0.8131,1077,SYNTH
2026-04-21 13:35:33.294Z,0.8141,573,SYNTH
2026-04-21 13:35:34.267Z,0.8156,1276,SYNTH
2026-04-21 13:35:35.580Z,0.8173,904,SYNTH
2026-04-21 13:35:36.449Z,0.8184,687,SYNTH
2026-04-21 13:35:37.291Z,0.8187,2207,SYNTH
2026-04-21 13:35:38.535Z,0.8197,1759,SYNTH
2026-04-21 13:35:39.648Z,0.8187,3006,SYNTH
2026-04-21 13:35:40.564Z,0.8179,1619,SYNTH
2026-04-21 13:35:41.547Z,0.8168,839,SYNTH
2026-04-21 13:35:42.749Z,0.8166,1224,SYNTH
2026-04-21 13:35:43.897Z,0.8161,1240,SYNTH
2026-04-21 13:35:44.304Z,0.8155,939,SYNTH
2026-04-21 13:35:45.735Z,0.8148,1255,SYNTH
2026-04-21 13:35:46.258Z,0.8143,1252,SYNTH
2026-04-21 13:35:47.736Z,0.8151,1228,SYNTH
2026-04-21 13:35:48.715Z,0.8152,1593,SYNTH
2026-04-21 13:35:49.496Z,0.8161,1308,SYNTH
2026-04-21 13:35:50.557Z,0.8157,1327,SYNTH
2026-04-21 13:35:51.220Z,0.8144,726,SYNTH
2026-04-21 13:35:52.331Z,0.8152,966,SYNTH
2026-04-21 13:35:53.544Z,0.8155,1226,SYNTH
2026-04-21 13:35:54.603Z,0.8147,1775,SYNTH
2026-04-21 13:35:55.546Z,0.8154,1324,SYNTH
2026-04-21 13:35:56.438Z,0.8144,1400,SYNTH
2026-04-21 13:35:57.550Z,0.8160,1047,SYNTH
2026-04-21 13:35:58.019Z,0.8162,1451,SYNTH
2026-04-21 13:35:59.801Z,0.8149,892,SYNTH
2026-04-21 13:36:00.305Z,0.8152,710,SYNTH
2026-04-21 13:36:01.408Z,0.8150,834,SYNTH
2026-04-21 13:36:02.628Z,0.8151,870,SYNTH
2026-04-21 13:36:03.483Z,0.8140,581,SYNTH
2026-04-21 13:36:04.646Z,0.8147,790,SYNTH
2026-04-21 13:36:05.344Z,0.8155,773,SYNTH
2026-04-21 13:36:06.878Z,0.8157,623,SYNTH
2026-04-21 13:36:07.241Z,0.8146,615,SYNTH
2026-04-21 13:36:08.567Z,0.8152,875,SYNTH
2026-04-21 13:36:09.798Z,0.8157,869,SYNTH
2026-04-21 13:36:10.255Z,0.8151,610,SYNTH
2026-04-21 13:36:11.694Z,0.8153,2137,SYNTH
2026-04-21 13:36:12.103Z,0.8155,2245,SYNTH
2026-04-21 13:36:13.718Z,0.8142,2281,SYNTH
2026-04-21 13:36:14.274Z,0.8152,811,SYNTH
2026-04-21 13:36:15.443Z,0.8141,684,SYNTH
2026-04-21 13:36:16.462Z,0.8154,1310,SYNTH
2026-04-21 13:36:17.556Z,0.8158,1437,SYNTH
2026-04-21 13:36:18.708Z,0.8141,1108,SYNTH
2026-04-21 13:36:19.445Z,0.8147,1054,SYNTH
2026-04-21 13:36:20.722Z,0.8131,463,SYNTH
2026-04-21 13:36:21.557Z,0.8129,759,SYNTH
2026-04-21 13:36:22.201Z,0.8120,334,SYNTH
2026-04-21 13:36:23.884Z,0.8099,354,SYNTH
2026-04-21 13:36:24.832Z,0.8092,457,SYNTH
2026-04-21 13:36:25.534Z,0.8072,617,SYNTH
2026-04-21 13:36:26.885Z,0.8054,447,SYNTH
2026-04-21 13:36:27.066Z,0.8039,456,SYNTH
2026-04-21 13:36:28.302Z,0.8018,565,SYNTH
2026-04-21 13:36:29.261Z,0.8002,551,SYNTH
2026-04-21 13:36:30.704Z,0.7990,625,SYNTH
2026-04-21 13:36:31.267Z,0.7969,515,SYNTH
2026-04-21 13:36:32.036Z,0.7949,387,SYNTH
2026-04-21 13:36:33.564Z,0.7934,552,SYNTH
2026-04-21 13:36:34.469Z,0.7929,612,SYNTH
2026-04-21 13:36:35.366Z,0.7911,475,SYNTH
2026-04-21 13:36:36.089Z,0.7907,424,SYNTH
2026-04-21 13:36:37.428Z,0.7899,1737,SYNTH
2026-04-21 13:36:38.360Z,0.7896,1781,SYNTH
2026-04-21 13:36:39.561Z,0.7896,2026,SYNTH
2026-04-21 13:36:40.600Z,0.7905,1595,SYNTH
2026-04-21 13:36:41.388Z,0.7916,493,SYNTH
2026-04-21 13:36:42.280Z,0.7926,613,SYNTH
2026-04-21 13:36:43.649Z,0.7932,511,SYNTH
2026-04-21 13:36:44.257Z,0.7935,792,SYNTH
2026-04-21 13:36:45.242Z,0.7944,989,SYNTH
2026-04-21 13:36:46.330Z,0.7939,1219,SYNTH
2026-04-21 13:36:47.591Z,0.7936,588,SYNTH
2026-04-21 13:36:48.408Z,0.7945,499,SYNTH
2026-04-21 13:36:49.569Z,0.7951,902,SYNTH
2026-04-21 13:36:50.879Z,0.7957,553,SYNTH
2026-04-21 13:36:51.806Z,0.7968,591,SYNTH
2026-04-21 13:36:52.511Z,0.7966,765,SYNTH
2026-04-21 13:36:53.063Z,0.7975,742,SYNTH
2026-04-21 13:36:54.193Z,0.7986,1059,SYNTH
2026-04-21 13:36:55.073Z,0.7983,580,SYNTH
2026-04-21 13:36:56.664Z,0.7999,903,SYNTH
2026-04-21 13:36:57.662Z,0.7996,841,SYNTH
2026-04-21 13:36:58.097Z,0.7999,680,SYNTH
2026-04-21 13:36:59.719Z,0.8005,1008,SYNTH
2026-04-21 13:37:00.475Z,0.7903,430,SYNTH
2026-04-21 13:37:01.303Z,0.7906,321,SYNTH
2026-04-21 13:37:02.256Z,0.7910,201,SYNTH
2026-04-21 13:37:03.141Z,0.7892,339,SYNTH
2026-04-21 13:37:04.415Z,0.7908,393,SYNTH
2026-04-21 13:37:05.329Z,0.7891,264,SYNTH
2026-04-21 13:37:06.434Z,0.7901,294,SYNTH
2026-04-21 13:37:07.873Z,0.7906,380,SYNTH
2026-04-21 13:37:08.807Z,0.7901,197,SYNTH
2026-04-21 13:37:09.016Z,0.7895,360,SYNTH
2026-04-21 13:37:10.322Z,0.7898,326,SYNTH
2026-04-21 13:37:11.533Z,0.7905,871,SYNTH
2026-04-21 13:37:12.134Z,0.7904,687,SYNTH
2026-04-21 13:37:13.417Z,0.7896,561,SYNTH
2026-04-21 13:37:14.659Z,0.7891,312,SYNTH
2026-04-21 13:37:15.296Z,0.7905,170,SYNTH
2026-04-21 13:37:16.017Z,0.7910,298,SYNTH
2026-04-21 13:37:17.847Z,0.7894,249,SYNTH
2026-04-21 13:37:18.886Z,0.7908,262,SYNTH
2026-04-21 13:37:19.084Z,0.7895,420,SYNTH
2026-04-21 13:37:20.890Z,0.7916,130,SYNTH
2026-04-21 13:37:21.028Z,0.7919,221,SYNTH
2026-04-21 13:37:22.428Z,0.7920,236,SYNTH
2026-04-21 13:37:23.111Z,0.7928,180,SYNTH
2026-04-21 13:37:24.604Z,0.7941,248,SYNTH
2026-04-21 13:37:25.558Z,0.7950,281,SYNTH
2026-04-21 13:37:26.747Z,0.7955,222,SYNTH
2026-04-21 13:37:27.475Z,0.7968,208,SYNTH
2026-04-21 13:37:28.374Z,0.7976,171,SYNTH
2026-04-21 13:37:29.171Z,0.7993,150,SYNTH
2026-04-21 13:37:30.593Z,0.8002,145,SYNTH
2026-04-21 13:37:31.100Z,0.8009,165,SYNTH
2026-04-21 13:37:32.090Z,0.8018,196,SYNTH
2026-04-21 13:37:33.749Z,0.8028,167,SYNTH
2026-04-21 13:37:34.066Z,0.8044,188,SYNTH
2026-04-21 13:37:35.377Z,0.8046,243,SYNTH
2026-04-21 13:37:36.850Z,0.8054,238,SYNTH
2026-04-21 13:37:37.544Z,0.8054,400,SYNTH
2026-04-21 13:37:38.556Z,0.8052,526,SYNTH
2026-04-21 13:37:39.268Z,0.8056,585,SYNTH
2026-04-21 13:37:40.022Z,0.8048,506,SYNTH
2026-04-21 13:37:41.421Z,0.8038,283,SYNTH
2026-04-21 13:37:42.303Z,0.8031,323,SYNTH
2026-04-21 13:37:43.145Z,0.8037,324,SYNTH
2026-04-21 13:37:44.544Z,0.8033,169,SYNTH
2026-04-21 13:37:45.057Z,0.8030,512,SYNTH
2026-04-21 13:37:46.605Z,0.8027,451,SYNTH
2026-04-21 13:37:47.381Z,0.8038,307,SYNTH
2026-04-21 13:37:48.080Z,0.8032,208,SYNTH
2026-04-21 13:37:49.465Z,0.8021,290,SYNTH
2026-04-21 13:37:50.263Z,0.8021,273,SYNTH
2026-04-21 13:37:51.456Z,0.8012,336,SYNTH
2026-04-21 13:37:52.298Z,0.8005,349,SYNTH
2026-04-21 13:37:53.186Z,0.8005,191,SYNTH
2026-04-21 13:37:54.663Z,0.8007,360,SYNTH
2026-04-21 13:37:55.263Z,0.8000,400,SYNTH
2026-04-21 13:37:56.759Z,0.7996,174,SYNTH
2026-04-21 13:37:57.558Z,0.7997,346,SYNTH
2026-04-21 13:37:58.792Z,0.7991,249,SYNTH
2026-04-21 13:37:59.236Z,0.8008,191,SYNTH
2026-04-21 13:38:00.673Z,0.8046,827,SYNTH
2026-04-21 13:38:01.651Z,0.8056,487,SYNTH
2026-04-21 13:38:02.532Z,0.8047,884,SYNTH
2026-04-21 13:38:03.244Z,0.8051,700,SYNTH
2026-04-21 13:38:04.697Z,0.8059,493,SYNTH
2026-04-21 13:38:05.415Z,0.8054,479,SYNTH
2026-04-21 13:38:06.672Z,0.8062,761,SYNTH
2026-04-21 13:38:07.504Z,0.8074,840,SYNTH
2026-04-21 13:38:08.232Z,0.8071,883,SYNTH
2026-04-21 13:38:09.044Z,0.8070,528,SYNTH
2026-04-21 13:38:10.530Z,0.8078,771,SYNTH
2026-04-21 13:38:11.744Z,0.8080,1845,SYNTH
2026-04-21 13:38:12.179Z,0.8071,1410,SYNTH
2026-04-21 13:38:13.869Z,0.8076,1756,SYNTH
2026-04-21 13:38:14.502Z,0.8073,449,SYNTH
2026-04-21 13:38:15.798Z,0.8062,600,SYNTH
2026-04-21 13:38:16.738Z,0.8064,1042,SYNTH
2026-04-21 13:38:17.376Z,0.8059,1329,SYNTH
2026-04-21 13:38:18.429Z,0.8074,1133,SYNTH
2026-04-21 13:38:19.215Z,0.8058,974,SYNTH
2026-04-21 13:38:20.140Z,0.8057,552,SYNTH
2026-04-21 13:38:21.395Z,0.8057,792,SYNTH
2026-04-21 13:38:22.189Z,0.8046,582,SYNTH
2026-04-21 13:38:23.826Z,0.8041,618,SYNTH
2026-04-21 13:38:24.134Z,0.8036,372,SYNTH
2026-04-21 13:38:25.411Z,0.8030,532,SYNTH
2026-04-21 13:38:26.105Z,0.8024,704,SYNTH
2026-04-21 13:38:27.613Z,0.8015,742,SYNTH
2026-04-21 13:38:28.245Z,0.8002,463,SYNTH
2026-04-21 13:38:29.049Z,0.7994,498,SYNTH
2026-04-21 13:38:30.516Z,0.7990,681,SYNTH
2026-04-21 13:38:31.275Z,0.7988,445,SYNTH
2026-04-21 13:38:32.311Z,0.7981,500,SYNTH
2026-04-21 13:38:33.806Z,0.7974,383,SYNTH
2026-04-21 13:38:34.061Z,0.7969,385,SYNTH
2026-04-21 13:38:35.244Z,0.7958,435,SYNTH
2026-04-21 13:38:36.524Z,0.7956,562,SYNTH
2026-04-21 13:38:37.535Z,0.7950,1798,SYNTH
2026-04-21 13:38:38.846Z,0.7954,1783,SYNTH
2026-04-21 13:38:39.161Z,0.7960,1005,SYNTH
2026-04-21 13:38:40.019Z,0.7964,937,SYNTH
2026-04-21 13:38:41.046Z,0.7965,589,SYNTH
2026-04-21 13:38:42.718Z,0.7975,647,SYNTH
2026-04-21 13:38:43.780Z,0.7974,557,SYNTH
2026-04-21 13:38:44.279Z,0.7981,417,SYNTH
2026-04-21 13:38:45.189Z,0.7977,554,SYNTH
2026-04-21 13:38:46.221Z,0.7980,645,SYNTH
2026-04-21 13:38:47.118Z,0.7986,744,SYNTH
2026-04-21 13:38:48.590Z,0.7987,757,SYNTH
2026-04-21 13:38:49.600Z,0.7985,941,SYNTH
2026-04-21 13:38:50.697Z,0.7982,922,SYNTH
2026-04-21 13:38:51.064Z,0.7986,968,SYNTH
2026-04-21 13:38:52.706Z,0.7991,667,SYNTH
2026-04-21 13:38:53.147Z,0.7993,951,SYNTH
2026-04-21 13:38:54.852Z,0.7988,445,SYNTH
2026-04-21 13:38:55.093Z,0.8003,698,SYNTH
2026-04-21 13:38:56.262Z,0.8004,683,SYNTH
2026-04-21 13:38:57.502Z,0.8002,979,SYNTH
2026-04-21 13:38:58.274Z,0.8000,665,SYNTH
2026-04-21 13:38:59.890Z,0.8005,1003,SYNTH
2026-04-21 13:39:00.142Z,0.8056,328,SYNTH
2026-04-21 13:39:01.210Z,0.8042,229,SYNTH
2026-04-21 13:39:02.596Z,0.8058,297,SYNTH
2026-04-21 13:39:03.496Z,0.8055,314,SYNTH
2026-04-21 13:39:04.647Z,0.8045,401,SYNTH
2026-04-21 13:39:05.739Z,0.8051,355,SYNTH
2026-04-21 13:39:06.799Z,0.8045,327,SYNTH
2026-04-21 13:39:07.106Z,0.8051,294,SYNTH
2026-04-21 13:39:08.240Z,0.8045,276,SYNTH
2026-04-21 13:39:09.101Z,0.8058,260,SYNTH
2026-04-21 13:39:10.038Z,0.8046,260,SYNTH
2026-04-21 13:39:11.346Z,0.8045,667,SYNTH
2026-04-21 13:39:12.020Z,0.8053,567,SYNTH
2026-04-21 13:39:13.114Z,0.8056,877,SYNTH
2026-04-21 13:39:14.535Z,0.8048,278,SYNTH
2026-04-21 13:39:15.218Z,0.8055,337,SYNTH
2026-04-21 13:39:16.428Z,0.8054,591,SYNTH
2026-04-21 13:39:17.461Z,0.8044,348,SYNTH
2026-04-21 13:39:18.693Z,0.8039,357,SYNTH
2026-04-21 13:39:19.156Z,0.8041,564,SYNTH
2026-04-21 13:39:20.832Z,0.8040,233,SYNTH
2026-04-21 13:39:21.287Z,0.8027,183,SYNTH
2026-04-21 13:39:22.253Z,0.8025,184,SYNTH
2026-04-21 13:39:23.116Z,0.8015,297,SYNTH
2026-04-21 13:39:24.771Z,0.8013,159,SYNTH
2026-04-21 13:39:25.471Z,0.8004,269,SYNTH
2026-04-21 13:39:26.413Z,0.7993,283,SYNTH
2026-04-21 13:39:27.433Z,0.7977,222,SYNTH
2026-04-21 13:39:28.593Z,0.7975,153,SYNTH
2026-04-21 13:39:29.840Z,0.7958,202,SYNTH
2026-04-21 13:39:30.395Z,0.7948,200,SYNTH
2026-04-21 13:39:31.660Z,0.7943,180,SYNTH
2026-04-21 13:39:32.446Z,0.7933,259,SYNTH
2026-04-21 13:39:33.167Z,0.7918,229,SYNTH
2026-04-21 13:39:34.717Z,0.7915,246,SYNTH
2026-04-21 13:39:35.810Z,0.7904,303,SYNTH
2026-04-21 13:39:36.270Z,0.7897,128,SYNTH
2026-04-21 13:39:37.345Z,0.7895,428,SYNTH
2026-04-21 13:39:38.170Z,0.7899,765,SYNTH
2026-04-21 13:39:39.842Z,0.7910,587,SYNTH
2026-04-21 13:39:40.633Z,0.7906,645,SYNTH
2026-04-21 13:39:41.111Z,0.7921,307,SYNTH
2026-04-21 13:39:42.744Z,0.7917,268,SYNTH
2026-04-21 13:39:43.018Z,0.7920,243,SYNTH
2026-04-21 13:39:44.136Z,0.7938,328,SYNTH
2026-04-21 13:39:45.715Z,0.7940,347,SYNTH
2026-04-21 13:39:46.801Z,0.7939,233,SYNTH
2026-04-21 13:39:47.609Z,0.7931,284,SYNTH
2026-04-21 13:39:48.821Z,0.7940,161,SYNTH
2026-04-21 13:39:49.516Z,0.7945,367,SYNTH
2026-04-21 13:39:50.861Z,0.7960,350,SYNTH
2026-04-21 13:39:51.284Z,0.7962,260,SYNTH
2026-04-21 13:39:52.001Z,0.7977,368,SYNTH
2026-04-21 13:39:53.875Z,0.7990,179,SYNTH
2026-04-21 13:39:54.171Z,0.7993,322,SYNTH
2026-04-21 13:39:55.545Z,0.8003,327,SYNTH
2026-04-21 13:39:56.295Z,0.8014,418,SYNTH
2026-04-21 13:39:57.224Z,0.8024,429,SYNTH
2026-04-21 13:39:58.515Z,0.8033,432,SYNTH
2026-04-21 13:39:59.846Z,0.8027,291,SYNTH
2026-04-21 13:40:00.839Z,0.7956,380,SYNTH
2026-04-21 13:40:01.831Z,0.7946,358,SYNTH
2026-04-21 13:40:02.008Z,0.7959,211,SYNTH
2026-04-21 13:40:03.645Z,0.7940,305,SYNTH
2026-04-21 13:40:04.621Z,0.7936,334,SYNTH
2026-04-21 13:40:05.873Z,0.7934,258,SYNTH
2026-04-21 13:40:06.176Z,0.7926,313,SYNTH
2026-04-21 13:40:07.376Z,0.7923,266,SYNTH
2026-04-21 13:40:08.419Z,0.7926,191,SYNTH
2026-04-21 13:40:09.126Z,0.7919,256,SYNTH
2026-04-21 13:40:10.724Z,0.7916,140,SYNTH
2026-04-21 13:40:11.405Z,0.7914,508,SYNTH
2026-04-21 13:40:12.109Z,0.7930,621,SYNTH
2026-04-21 13:40:13.737Z,0.7924,357,SYNTH
2026-04-21 13:40:14.025Z,0.7929,258,SYNTH
2026-04-21 13:40:15.656Z,0.7919,271,SYNTH
2026-04-21 13:40:16.848Z,0.7933,280,SYNTH
2026-04-21 13:40:17.168Z,0.7935,384,SYNTH
2026-04-21 13:40:18.426Z,0.7922,242,SYNTH
2026-04-21 13:40:19.641Z,0.7934,381,SYNTH
2026-04-21 13:40:20.387Z,0.7939,237,SYNTH
2026-04-21 13:40:21.719Z,0.7935,128,SYNTH
2026-04-21 13:40:22.314Z,0.7942,217,SYNTH
2026-04-21 13:40:23.171Z,0.7948,237,SYNTH
2026-04-21 13:40:24.522Z,0.7959,228,SYNTH
2026-04-21 13:40:25.806Z,0.7961,180,SYNTH
2026-04-21 13:40:26.431Z,0.7962,263,SYNTH
2026-04-21 13:40:27.184Z,0.7977,233,SYNTH
2026-04-21 13:40:28.055Z,0.7983,251,SYNTH
2026-04-21 13:40:29.247Z,0.7986,166,SYNTH
2026-04-21 13:40:30.611Z,0.7995,210,SYNTH
2026-04-21 13:40:31.390Z,0.7996,213,SYNTH
2026-04-21 13:40:32.541Z,0.8010,213,SYNTH
2026-04-21 13:40:33.707Z,0.8009,151,SYNTH
2026-04-21 13:40:34.474Z,0.8018,189,SYNTH
2026-04-21 13:40:35.150Z,0.8025,235,SYNTH
2026-04-21 13:40:36.595Z,0.8026,152,SYNTH
2026-04-21 13:40:37.183Z,0.8032,516,SYNTH
2026-04-21 13:40:38.407Z,0.8031,362,SYNTH
2026-04-21 13:40:39.027Z,0.8022,369,SYNTH
2026-04-21 13:40:40.637Z,0.8017,400,SYNTH
2026-04-21 13:40:41.294Z,0.8013,262,SYNTH
2026-04-21 13:40:42.600Z,0.8015,174,SYNTH
2026-04-21 13:40:43.082Z,0.8008,121,SYNTH
2026-04-21 13:40:44.431Z,0.8008,156,SYNTH
2026-04-21 13:40:45.533Z,0.8003,285,SYNTH
2026-04-21 13:40:46.551Z,0.8006,200,SYNTH
2026-04-21 13:40:47.734Z,0.7995,253,SYNTH
2026-04-21 13:40:48.542Z,0.7998,197,SYNTH
2026-04-21 13:40:49.217Z,0.7999,241,SYNTH
2026-04-21 13:40:50.606Z,0.7988,256,SYNTH
2026-04-21 13:40:51.720Z,0.7990,325,SYNTH
2026-04-21 13:40:52.044Z,0.7985,191,SYNTH
2026-04-21 13:40:53.469Z,0.7976,359,SYNTH
2026-04-21 13:40:54.122Z,0.7978,256,SYNTH
2026-04-21 13:40:55.618Z,0.7969,238,SYNTH
2026-04-21 13:40:56.899Z,0.7969,203,SYNTH
2026-04-21 13:40:57.400Z,0.7961,352,SYNTH
2026-04-21 13:40:58.287Z,0.7967,255,SYNTH
2026-04-21 13:40:59.141Z,0.7962,302,SYNTH
2026-04-21 13:41:00.624Z,0.7966,496,SYNTH
2026-04-21 13:41:01.332Z,0.7955,545,SYNTH
2026-04-21 13:41:02.351Z,0.7965,581,SYNTH
2026-04-21 13:41:03.506Z,0.7969,485,SYNTH
2026-04-21 13:41:04.286Z,0.7956,503,SYNTH
2026-04-21 13:41:05.057Z,0.7950,270,SYNTH
2026-04-21 13:41:06.622Z,0.7964,524,SYNTH
2026-04-21 13:41:07.574Z,0.7955,354,SYNTH
2026-04-21 13:41:08.758Z,0.7961,511,SYNTH
2026-04-21 13:41:09.474Z,0.7962,506,SYNTH
2026-04-21 13:41:10.520Z,0.7948,507,SYNTH
2026-04-21 13:41:11.528Z,0.7946,944,SYNTH
2026-04-21 13:41:12.895Z,0.7961,1333,SYNTH
2026-04-21 13:41:13.021Z,0.7963,712,SYNTH
2026-04-21 13:41:14.545Z,0.7957,434,SYNTH
2026-04-21 13:41:15.518Z,0.7950,477,SYNTH
2026-04-21 13:41:16.880Z,0.7963,749,SYNTH
2026-04-21 13:41:17.283Z,0.7958,801,SYNTH
2026-04-21 13:41:18.766Z,0.7957,667,SYNTH
2026-04-21 13:41:19.117Z,0.7956,614,SYNTH
2026-04-21 13:41:20.210Z,0.7969,357,SYNTH
2026-04-21 13:41:21.641Z,0.7950,204,SYNTH
2026-04-21 13:41:22.499Z,0.7944,352,SYNTH
2026-04-21 13:41:23.588Z,0.7950,210,SYNTH
2026-04-21 13:41:24.741Z,0.7942,445,SYNTH
2026-04-21 13:41:25.896Z,0.7957,211,SYNTH
2026-04-21 13:41:26.211Z,0.7937,363,SYNTH
2026-04-21 13:41:27.010Z,0.7935,307,SYNTH
2026-04-21 13:41:28.157Z,0.7935,324,SYNTH
2026-04-21 13:41:29.323Z,0.7947,211,SYNTH
2026-04-21 13:41:30.109Z,0.7929,425,SYNTH
2026-04-21 13:41:31.535Z,0.7930,366,SYNTH
2026-04-21 13:41:32.491Z,0.7921,207,SYNTH
2026-04-21 13:41:33.673Z,0.7922,437,SYNTH
2026-04-21 13:41:34.184Z,0.7921,348,SYNTH
2026-04-21 13:41:35.601Z,0.7934,403,SYNTH
2026-04-21 13:41:36.103Z,0.7919,408,SYNTH
2026-04-21 13:41:37.496Z,0.7928,712,SYNTH
2026-04-21 13:41:38.312Z,0.7920,513,SYNTH
2026-04-21 13:41:39.838Z,0.7930,1012,SYNTH
2026-04-21 13:41:40.438Z,0.7923,648,SYNTH
2026-04-21 13:41:41.526Z,0.7930,326,SYNTH
2026-04-21 13:41:42.686Z,0.7931,226,SYNTH
2026-04-21 13:41:43.155Z,0.7924,442,SYNTH
2026-04-21 13:41:44.155Z,0.7934,304,SYNTH
2026-04-21 13:41:45.154Z,0.7922,728,SYNTH
2026-04-21 13:41:46.862Z,0.7934,581,SYNTH
2026-04-21 13:41:47.346Z,0.7936,690,SYNTH
2026-04-21 13:41:48.174Z,0.7937,288,SYNTH
2026-04-21 13:41:49.410Z,0.7936,285,SYNTH
2026-04-21 13:41:50.332Z,0.7920,266,SYNTH
2026-04-21 13:41:51.212Z,0.7938,566,SYNTH
2026-04-21 13:41:52.116Z,0.7937,248,SYNTH
2026-04-21 13:41:53.617Z,0.7939,598,SYNTH
2026-04-21 13:41:54.565Z,0.7938,565,SYNTH
2026-04-21 13:41:55.570Z,0.7946,470,SYNTH
2026-04-21 13:41:56.432Z,0.7946,326,SYNTH
2026-04-21 13:41:57.093Z,0.7942,605,SYNTH
2026-04-21 13:41:58.840Z,0.7947,361,SYNTH
2026-04-21 13:41:59.551Z,0.7950,489,SYNTH
2026-04-21 13:42:00.845Z,0.7940,342,SYNTH
2026-04-21 13:42:01.107Z,0.7931,418,SYNTH
2026-04-21 13:42:02.683Z,0.7941,458,SYNTH
2026-04-21 13:42:03.298Z,0.7922,470,SYNTH
2026-04-21 13:42:04.360Z,0.7938,363,SYNTH
2026-04-21 13:42:05.407Z,0.7935,536,SYNTH
2026-04-21 13:42:06.726Z,0.7941,504,SYNTH
2026-04-21 13:42:07.102Z,0.7939,575,SYNTH
2026-04-21 13:42:08.632Z,0.7927,260,SYNTH
2026-04-21 13:42:09.164Z,0.7938,362,SYNTH
2026-04-21 13:42:10.774Z,0.7934,474,SYNTH
2026-04-21 13:42:11.027Z,0.7922,1375,SYNTH
2026-04-21 13:42:12.281Z,0.7938,1137,SYNTH
2026-04-21 13:42:13.454Z,0.7928,1185,SYNTH
2026-04-21 13:42:14.651Z,0.7942,341,SYNTH
2026-04-21 13:42:15.874Z,0.7927,486,SYNTH
2026-04-21 13:42:16.568Z,0.7924,610,SYNTH
2026-04-21 13:42:17.535Z,0.7937,515,SYNTH
2026-04-21 13:42:18.712Z,0.7931,419,SYNTH
2026-04-21 13:42:19.574Z,0.7935,414,SYNTH
2026-04-21 13:42:20.264Z,0.7934,410,SYNTH
2026-04-21 13:42:21.100Z,0.7940,362,SYNTH
2026-04-21 13:42:22.433Z,0.7947,442,SYNTH
2026-04-21 13:42:23.438Z,0.7945,370,SYNTH
2026-04-21 13:42:24.491Z,0.7957,245,SYNTH
2026-04-21 13:42:25.753Z,0.7955,234,SYNTH
2026-04-21 13:42:26.500Z,0.7960,411,SYNTH
2026-04-21 13:42:27.241Z,0.7973,378,SYNTH
2026-04-21 13:42:28.679Z,0.7979,447,SYNTH
2026-04-21 13:42:29.851Z,0.7983,278,SYNTH
2026-04-21 13:42:30.385Z,0.7991,339,SYNTH
2026-04-21 13:42:31.814Z,0.7990,413,SYNTH
2026-04-21 13:42:32.450Z,0.8001,335,SYNTH
2026-04-21 13:42:33.023Z,0.8007,402,SYNTH
2026-04-21 13:42:34.064Z,0.8008,226,SYNTH
2026-04-21 13:42:35.218Z,0.8010,354,SYNTH
2026-04-21 13:42:36.294Z,0.8012,218,SYNTH
2026-04-21 13:42:37.626Z,0.8022,737,SYNTH
2026-04-21 13:42:38.200Z,0.8020,1032,SYNTH
2026-04-21 13:42:39.739Z,0.8007,1024,SYNTH
2026-04-21 13:42:40.465Z,0.8002,896,SYNTH
2026-04-21 13:42:41.764Z,0.8013,383,SYNTH
2026-04-21 13:42:42.070Z,0.7999,420,SYNTH
2026-04-21 13:42:43.235Z,0.8009,277,SYNTH
2026-04-21 13:42:44.261Z,0.8002,488,SYNTH
2026-04-21 13:42:45.513Z,0.8009,527,SYNTH
2026-04-21 13:42:46.447Z,0.8002,758,SYNTH
2026-04-21 13:42:47.571Z,0.8000,572,SYNTH
2026-04-21 13:42:48.259Z,0.8008,382,SYNTH
2026-04-21 13:42:49.158Z,0.7990,311,SYNTH
2026-04-21 13:42:50.286Z,0.8009,564,SYNTH
2026-04-21 13:42:51.508Z,0.8005,412,SYNTH
2026-04-21 13:42:52.155Z,0.7996,553,SYNTH
2026-04-21 13:42:53.166Z,0.7993,523,SYNTH
2026-04-21 13:42:54.554Z,0.7987,447,SYNTH
2026-04-21 13:42:55.664Z,0.7987,359,SYNTH
2026-04-21 13:42:56.569Z,0.7980,324,SYNTH
2026-04-21 13:42:57.366Z,0.7990,288,SYNTH
2026-04-21 13:42:58.640Z,0.7997,587,SYNTH
2026-04-21 13:42:59.404Z,0.7987,322,SYNTH
2026-04-21 13:43:00.704Z,0.7970,117,SYNTH
2026-04-21 13:43:01.272Z,0.7976,104,SYNTH
2026-04-21 13:43:02.112Z,0.7976,117,SYNTH
2026-04-21 13:43:03.531Z,0.7968,110,SYNTH
2026-04-21 13:43:04.081Z,0.7983,114,SYNTH
2026-04-21 13:43:05.786Z,0.7986,92,SYNTH
2026-04-21 13:43:06.888Z,0.7984,89,SYNTH
2026-04-21 13:43:07.885Z,0.7988,67,SYNTH
2026-04-21 13:43:08.225Z,0.7984,61,SYNTH
2026-04-21 13:43:09.313Z,0.7972,88,SYNTH
2026-04-21 13:43:10.349Z,0.7992,68,SYNTH
2026-04-21 13:43:11.039Z,0.7977,234,SYNTH
2026-04-21 13:43:12.878Z,0.7990,268,SYNTH
2026-04-21 13:43:13.688Z,0.7985,120,SYNTH
2026-04-21 13:43:14.818Z,0.7994,82,SYNTH
2026-04-21 13:43:15.622Z,0.7978,56,SYNTH
2026-04-21 13:43:16.303Z,0.7975,151,SYNTH
2026-04-21 13:43:17.471Z,0.7980,155,SYNTH
2026-04-21 13:43:18.882Z,0.7990,154,SYNTH
2026-04-21 13:43:19.150Z,0.7985,85,SYNTH
2026-04-21 13:43:20.446Z,0.7977,59,SYNTH
2026-04-21 13:43:21.563Z,0.7974,65,SYNTH
2026-04-21 13:43:22.577Z,0.7966,53,SYNTH
2026-04-21 13:43:23.757Z,0.7970,66,SYNTH
2026-04-21 13:43:24.385Z,0.7959,58,SYNTH
2026-04-21 13:43:25.390Z,0.7958,86,SYNTH
2026-04-21 13:43:26.744Z,0.7955,69,SYNTH
2026-04-21 13:43:27.304Z,0.7952,41,SYNTH
2026-04-21 13:43:28.459Z,0.7952,68,SYNTH
2026-04-21 13:43:29.424Z,0.7941,91,SYNTH
2026-04-21 13:43:30.569Z,0.7940,57,SYNTH
2026-04-21 13:43:31.265Z,0.7939,47,SYNTH
2026-04-21 13:43:32.423Z,0.7933,56,SYNTH
2026-04-21 13:43:33.307Z,0.7929,76,SYNTH
2026-04-21 13:43:34.687Z,0.7920,49,SYNTH
2026-04-21 13:43:35.427Z,0.7918,78,SYNTH
2026-04-21 13:43:36.270Z,0.7916,74,SYNTH
2026-04-21 13:43:37.813Z,0.7917,215,SYNTH
2026-04-21 13:43:38.074Z,0.7927,216,SYNTH
2026-04-21 13:43:39.103Z,0.7928,205,SYNTH
2026-04-21 13:43:40.255Z,0.7926,186,SYNTH
2026-04-21 13:43:41.801Z,0.7930,41,SYNTH
2026-04-21 13:43:42.500Z,0.7922,51,SYNTH
2026-04-21 13:43:43.097Z,0.7935,56,SYNTH
2026-04-21 13:43:44.149Z,0.7940,96,SYNTH
2026-04-21 13:43:45.159Z,0.7940,123,SYNTH
2026-04-21 13:43:46.545Z,0.7937,126,SYNTH
2026-04-21 13:43:47.884Z,0.7929,96,SYNTH
2026-04-21 13:43:48.295Z,0.7927,79,SYNTH
2026-04-21 13:43:49.519Z,0.7945,108,SYNTH
2026-04-21 13:43:50.297Z,0.7945,51,SYNTH
2026-04-21 13:43:51.276Z,0.7950,106,SYNTH
2026-04-21 13:43:52.896Z,0.7947,109,SYNTH
2026-04-21 13:43:53.459Z,0.7948,97,SYNTH
2026-04-21 13:43:54.448Z,0.7958,120,SYNTH
2026-04-21 13:43:55.285Z,0.7960,104,SYNTH
2026-04-21 13:43:56.698Z,0.7964,118,SYNTH
2026-04-21 13:43:57.807Z,0.7959,69,SYNTH
2026-04-21 13:43:58.188Z,0.7966,101,SYNTH
2026-04-21 13:43:59.579Z,0.7966,77,SYNTH
2026-04-21 13:44:00.730Z,0.7959,2816,SYNTH
2026-04-21 13:44:01.146Z,0.7940,4058,SYNTH
2026-04-21 13:44:02.404Z,0.7956,3497,SYNTH
2026-04-21 13:44:03.506Z,0.7949,1867,SYNTH
2026-04-21 13:44:04.353Z,0.7952,2564,SYNTH
2026-04-21 13:44:05.705Z,0.7952,2618,SYNTH
2026-04-21 13:44:06.814Z,0.7961,2954,SYNTH
2026-04-21 13:44:07.732Z,0.7958,2563,SYNTH
2026-04-21 13:44:08.108Z,0.7955,2205,SYNTH
2026-04-21 13:44:09.569Z,0.7959,3184,SYNTH
2026-04-21 13:44:10.838Z,0.7962,3338,SYNTH
2026-04-21 13:44:11.721Z,0.7965,6821,SYNTH
2026-04-21 13:44:12.200Z,0.7965,7261,SYNTH
2026-04-21 13:44:13.883Z,0.7962,3253,SYNTH
2026-04-21 13:44:14.108Z,0.7955,2002,SYNTH
2026-04-21 13:44:15.151Z,0.7947,2271,SYNTH
2026-04-21 13:44:16.534Z,0.7958,3806,SYNTH
2026-04-21 13:44:17.011Z,0.7965,4943,SYNTH
2026-04-21 13:44:18.808Z,0.7955,4771,SYNTH
2026-04-21 13:44:19.016Z,0.7944,3922,SYNTH
2026-04-21 13:44:20.354Z,0.7958,1946,SYNTH
2026-04-21 13:44:21.751Z,0.7944,1928,SYNTH
2026-04-21 13:44:22.777Z,0.7939,1350,SYNTH
2026-04-21 13:44:23.459Z,0.7927,2728,SYNTH
2026-04-21 13:44:24.705Z,0.7922,1607,SYNTH
2026-04-21 13:44:25.245Z,0.7919,2310,SYNTH
2026-04-21 13:44:26.818Z,0.7901,2420,SYNTH
2026-04-21 13:44:27.758Z,0.7897,1358,SYNTH
2026-04-21 13:44:28.531Z,0.7890,2598,SYNTH
2026-04-21 13:44:29.627Z,0.7876,1066,SYNTH
2026-04-21 13:44:30.826Z,0.7865,1783,SYNTH
2026-04-21 13:44:31.281Z,0.7857,1948,SYNTH
2026-04-21 13:44:32.588Z,0.7847,1133,SYNTH
2026-04-21 13:44:33.051Z,0.7835,2358,SYNTH
2026-04-21 13:44:34.404Z,0.7835,1984,SYNTH
2026-04-21 13:44:35.791Z,0.7825,2568,SYNTH
2026-04-21 13:44:36.168Z,0.7825,2629,SYNTH
2026-04-21 13:44:37.153Z,0.7819,4766,SYNTH
2026-04-21 13:44:38.344Z,0.7816,5498,SYNTH
2026-04-21 13:44:39.246Z,0.7823,4518,SYNTH
2026-04-21 13:44:40.167Z,0.7831,5435,SYNTH
2026-04-21 13:44:41.304Z,0.7837,1682,SYNTH
2026-04-21 13:44:42.602Z,0.7834,2661,SYNTH
2026-04-21 13:44:43.001Z,0.7847,2131,SYNTH
2026-04-21 13:44:44.669Z,0.7841,1371,SYNTH
2026-04-21 13:44:45.705Z,0.7853,2441,SYNTH
2026-04-21 13:44:46.859Z,0.7834,3014,SYNTH
2026-04-21 13:44:47.644Z,0.7848,4206,SYNTH
2026-04-21 13:44:48.341Z,0.7839,1325,SYNTH
2026-04-21 13:44:49.207Z,0.7853,2145,SYNTH
2026-04-21 13:44:50.768Z,0.7849,1728,SYNTH
2026-04-21 13:44:51.805Z,0.7854,1403,SYNTH
2026-04-21 13:44:52.824Z,0.7855,3447,SYNTH
2026-04-21 13:44:53.749Z,0.7855,2563,SYNTH
2026-04-21 13:44:54.275Z,0.7839,1584,SYNTH
2026-04-21 13:44:55.295Z,0.7850,1860,SYNTH
2026-04-21 13:44:56.697Z,0.7854,2151,SYNTH
2026-04-21 13:44:57.127Z,0.7854,2824,SYNTH
2026-04-21 13:44:58.273Z,0.7858,1863,SYNTH
2026-04-21 13:44:59.220Z,0.7844,3250,SYNTH
2026-04-21 13:45:00.576Z,0.7883,314,SYNTH
2026-04-21 13:45:01.304Z,0.7867,582,SYNTH
2026-04-21 13:45:02.427Z,0.7881,505,SYNTH
2026-04-21 13:45:03.486Z,0.7887,337,SYNTH
2026-04-21 13:45:04.675Z,0.7885,424,SYNTH
2026-04-21 13:45:05.168Z,0.7869,450,SYNTH
2026-04-21 13:45:06.752Z,0.7888,515,SYNTH
2026-04-21 13:45:07.574Z,0.7891,384,SYNTH
2026-04-21 13:45:08.726Z,0.7891,491,SYNTH
2026-04-21 13:45:09.506Z,0.7894,449,SYNTH
2026-04-21 13:45:10.191Z,0.7891,378,SYNTH
2026-04-21 13:45:11.068Z,0.7891,848,SYNTH
2026-04-21 13:45:12.616Z,0.7896,1295,SYNTH
2026-04-21 13:45:13.431Z,0.7879,1158,SYNTH
2026-04-21 13:45:14.774Z,0.7892,375,SYNTH
2026-04-21 13:45:15.424Z,0.7890,228,SYNTH
2026-04-21 13:45:16.324Z,0.7878,792,SYNTH
2026-04-21 13:45:17.823Z,0.7881,810,SYNTH
2026-04-21 13:45:18.275Z,0.7894,920,SYNTH
2026-04-21 13:45:19.859Z,0.7892,633,SYNTH
2026-04-21 13:45:20.510Z,0.7875,387,SYNTH
2026-04-21 13:45:21.230Z,0.7881,213,SYNTH
2026-04-21 13:45:22.202Z,0.7867,272,SYNTH
2026-04-21 13:45:23.680Z,0.7864,450,SYNTH
2026-04-21 13:45:24.891Z,0.7876,325,SYNTH
2026-04-21 13:45:25.399Z,0.7867,356,SYNTH
2026-04-21 13:45:26.306Z,0.7858,350,SYNTH
2026-04-21 13:45:27.071Z,0.7856,295,SYNTH
2026-04-21 13:45:28.868Z,0.7847,308,SYNTH
2026-04-21 13:45:29.293Z,0.7843,349,SYNTH
2026-04-21 13:45:30.825Z,0.7840,416,SYNTH
2026-04-21 13:45:31.649Z,0.7841,269,SYNTH
2026-04-21 13:45:32.600Z,0.7835,221,SYNTH
2026-04-21 13:45:33.538Z,0.7829,362,SYNTH
2026-04-21 13:45:34.430Z,0.7830,480,SYNTH
2026-04-21 13:45:35.444Z,0.7830,237,SYNTH
2026-04-21 13:45:36.332Z,0.7830,340,SYNTH
2026-04-21 13:45:37.566Z,0.7825,712,SYNTH
2026-04-21 13:45:38.179Z,0.7824,519,SYNTH
2026-04-21 13:45:39.665Z,0.7837,611,SYNTH
2026-04-21 13:45:40.458Z,0.7840,1085,SYNTH
2026-04-21 13:45:41.489Z,0.7824,494,SYNTH
2026-04-21 13:45:42.815Z,0.7835,396,SYNTH
2026-04-21 13:45:43.024Z,0.7836,518,SYNTH
2026-04-21 13:45:44.263Z,0.7837,299,SYNTH
2026-04-21 13:45:45.077Z,0.7834,452,SYNTH
2026-04-21 13:45:46.402Z,0.7843,578,SYNTH
2026-04-21 13:45:47.720Z,0.7827,683,SYNTH
2026-04-21 13:45:48.433Z,0.7837,268,SYNTH
2026-04-21 13:45:49.393Z,0.7840,295,SYNTH
2026-04-21 13:45:50.475Z,0.7843,256,SYNTH
2026-04-21 13:45:51.724Z,0.7845,625,SYNTH
2026-04-21 13:45:52.870Z,0.7847,310,SYNTH
2026-04-21 13:45:53.691Z,0.7838,529,SYNTH
2026-04-21 13:45:54.796Z,0.7847,491,SYNTH
2026-04-21 13:45:55.591Z,0.7842,518,SYNTH
2026-04-21 13:45:56.059Z,0.7845,362,SYNTH
2026-04-21 13:45:57.140Z,0.7854,434,SYNTH
2026-04-21 13:45:58.074Z,0.7854,657,SYNTH
2026-04-21 13:45:59.423Z,0.7841,502,SYNTH
2026-04-21 13:46:00.065Z,0.7856,525,SYNTH
2026-04-21 13:46:01.872Z,0.7859,555,SYNTH
2026-04-21 13:46:02.781Z,0.7850,321,SYNTH
2026-04-21 13:46:03.828Z,0.7859,499,SYNTH
2026-04-21 13:46:04.625Z,0.7844,590,SYNTH
2026-04-21 13:46:05.416Z,0.7840,326,SYNTH
2026-04-21 13:46:06.147Z,0.7840,261,SYNTH
2026-04-21 13:46:07.739Z,0.7835,266,SYNTH
2026-04-21 13:46:08.880Z,0.7834,311,SYNTH
2026-04-21 13:46:09.210Z,0.7831,463,SYNTH
2026-04-21 13:46:10.340Z,0.7843,268,SYNTH
2026-04-21 13:46:11.137Z,0.7830,1161,SYNTH
2026-04-21 13:46:12.500Z,0.7837,940,SYNTH
2026-04-21 13:46:13.731Z,0.7841,1335,SYNTH
2026-04-21 13:46:14.400Z,0.7843,239,SYNTH
2026-04-21 13:46:15.897Z,0.7842,372,SYNTH
2026-04-21 13:46:16.064Z,0.7846,941,SYNTH
2026-04-21 13:46:17.270Z,0.7848,692,SYNTH
2026-04-21 13:46:18.531Z,0.7844,592,SYNTH
2026-04-21 13:46:19.756Z,0.7848,843,SYNTH
2026-04-21 13:46:20.166Z,0.7845,303,SYNTH
2026-04-21 13:46:21.474Z,0.7852,396,SYNTH
2026-04-21 13:46:22.418Z,0.7842,473,SYNTH
2026-04-21 13:46:23.451Z,0.7852,353,SYNTH
2026-04-21 13:46:24.888Z,0.7863,295,SYNTH
2026-04-21 13:46:25.580Z,0.7866,376,SYNTH
2026-04-21 13:46:26.469Z,0.7873,282,SYNTH
2026-04-21 13:46:27.438Z,0.7874,358,SYNTH
2026-04-21 13:46:28.174Z,0.7868,428,SYNTH
2026-04-21 13:46:29.027Z,0.7879,410,SYNTH
2026-04-21 13:46:30.488Z,0.7887,200,SYNTH
2026-04-21 13:46:31.389Z,0.7886,189,SYNTH
2026-04-21 13:46:32.373Z,0.7893,341,SYNTH
2026-04-21 13:46:33.661Z,0.7902,253,SYNTH
2026-04-21 13:46:34.830Z,0.7900,359,SYNTH
2026-04-21 13:46:35.127Z,0.7906,350,SYNTH
2026-04-21 13:46:36.507Z,0.7903,208,SYNTH
2026-04-21 13:46:37.830Z,0.7891,657,SYNTH
2026-04-21 13:46:38.628Z,0.7909,1102,SYNTH
2026-04-21 13:46:39.099Z,0.7901,713,SYNTH
2026-04-21 13:46:40.887Z,0.7896,916,SYNTH
2026-04-21 13:46:41.686Z,0.7890,499,SYNTH
2026-04-21 13:46:42.031Z,0.7905,330,SYNTH
2026-04-21 13:46:43.817Z,0.7894,245,SYNTH
2026-04-21 13:46:44.333Z,0.7905,351,SYNTH
2026-04-21 13:46:45.348Z,0.7887,331,SYNTH
2026-04-21 13:46:46.276Z,0.7887,800,SYNTH
2026-04-21 13:46:47.009Z,0.7902,677,SYNTH
2026-04-21 13:46:48.719Z,0.7886,306,SYNTH
2026-04-21 13:46:49.480Z,0.7906,399,SYNTH
2026-04-21 13:46:50.106Z,0.7904,384,SYNTH
2026-04-21 13:46:51.149Z,0.7905,254,SYNTH
2026-04-21 13:46:52.461Z,0.7903,259,SYNTH
2026-04-21 13:46:53.561Z,0.7902,581,SYNTH
2026-04-21 13:46:54.803Z,0.7907,299,SYNTH
2026-04-21 13:46:55.021Z,0.7902,641,SYNTH
2026-04-21 13:46:56.144Z,0.7894,562,SYNTH
2026-04-21 13:46:57.196Z,0.7902,513,SYNTH
2026-04-21 13:46:58.313Z,0.7904,533,SYNTH
2026-04-21 13:46:59.726Z,0.7901,714,SYNTH
2026-04-21 13:47:00.149Z,0.7906,1154,SYNTH
2026-04-21 13:47:01.835Z,0.7892,1035,SYNTH
2026-04-21 13:47:02.462Z,0.7894,1384,SYNTH
2026-04-21 13:47:03.241Z,0.7885,682,SYNTH
2026-04-21 13:47:04.775Z,0.7888,1184,SYNTH
2026-04-21 13:47:05.580Z,0.7881,1420,SYNTH
2026-04-21 13:47:06.314Z,0.7886,1451,SYNTH
2026-04-21 13:47:07.739Z,0.7881,1414,SYNTH
2026-04-21 13:47:08.631Z,0.7886,1094,SYNTH
2026-04-21 13:47:09.231Z,0.7876,652,SYNTH
2026-04-21 13:47:10.435Z,0.7866,782,SYNTH
2026-04-21 13:47:11.198Z,0.7871,1432,SYNTH
2026-04-21 13:47:12.131Z,0.7879,1581,SYNTH
2026-04-21 13:47:13.421Z,0.7881,3118,SYNTH
2026-04-21 13:47:14.269Z,0.7884,870,SYNTH
2026-04-21 13:47:15.178Z,0.7881,1000,SYNTH
2026-04-21 13:47:16.193Z,0.7883,2014,SYNTH
2026-04-21 13:47:17.438Z,0.7887,1815,SYNTH
2026-04-21 13:47:18.741Z,0.7887,1173,SYNTH
2026-04-21 13:47:19.213Z,0.7877,1463,SYNTH
2026-04-21 13:47:20.012Z,0.7888,536,SYNTH
2026-04-21 13:47:21.135Z,0.7893,498,SYNTH
2026-04-21 13:47:22.576Z,0.7890,597,SYNTH
2026-04-21 13:47:23.756Z,0.7898,762,SYNTH
2026-04-21 13:47:24.222Z,0.7897,868,SYNTH
2026-04-21 13:47:25.606Z,0.7899,1061,SYNTH
2026-04-21 13:47:26.151Z,0.7907,1058,SYNTH
2026-04-21 13:47:27.532Z,0.7906,897,SYNTH
2026-04-21 13:47:28.397Z,0.7916,924,SYNTH
2026-04-21 13:47:29.671Z,0.7914,706,SYNTH
2026-04-21 13:47:30.249Z,0.7916,603,SYNTH
2026-04-21 13:47:31.156Z,0.7922,500,SYNTH
2026-04-21 13:47:32.090Z,0.7926,674,SYNTH
2026-04-21 13:47:33.457Z,0.7932,886,SYNTH
2026-04-21 13:47:34.063Z,0.7935,548,SYNTH
2026-04-21 13:47:35.811Z,0.7935,610,SYNTH
2026-04-21 13:47:36.322Z,0.7938,571,SYNTH
2026-04-21 13:47:37.636Z,0.7931,1481,SYNTH
2026-04-21 13:47:38.852Z,0.7938,2009,SYNTH
2026-04-21 13:47:39.306Z,0.7931,1223,SYNTH
2026-04-21 13:47:40.692Z,0.7938,1518,SYNTH
2026-04-21 13:47:41.742Z,0.7935,618,SYNTH
2026-04-21 13:47:42.255Z,0.7931,618,SYNTH
2026-04-21 13:47:43.505Z,0.7929,533,SYNTH
2026-04-21 13:47:44.525Z,0.7929,1011,SYNTH
2026-04-21 13:47:45.634Z,0.7932,822,SYNTH
2026-04-21 13:47:46.141Z,0.7925,1355,SYNTH
2026-04-21 13:47:47.487Z,0.7923,892,SYNTH
2026-04-21 13:47:48.190Z,0.7933,590,SYNTH
2026-04-21 13:47:49.648Z,0.7929,717,SYNTH
2026-04-21 13:47:50.490Z,0.7938,1272,SYNTH
2026-04-21 13:47:51.446Z,0.7920,1379,SYNTH
2026-04-21 13:47:52.330Z,0.7928,590,SYNTH
2026-04-21 13:47:53.217Z,0.7924,899,SYNTH
2026-04-21 13:47:54.218Z,0.7925,1137,SYNTH
2026-04-21 13:47:55.494Z,0.7916,1191,SYNTH
2026-04-21 13:47:56.658Z,0.7919,1329,SYNTH
2026-04-21 13:47:57.374Z,0.7922,851,SYNTH
2026-04-21 13:47:58.156Z,0.7920,1099,SYNTH
2026-04-21 13:47:59.241Z,0.7927,1566,SYNTH
2026-04-21 13:48:00.225Z,0.7925,234,SYNTH
2026-04-21 13:48:01.137Z,0.7922,226,SYNTH
2026-04-21 13:48:02.303Z,0.7922,332,SYNTH
2026-04-21 13:48:03.353Z,0.7910,422,SYNTH
2026-04-21 13:48:04.696Z,0.7922,271,SYNTH
2026-04-21 13:48:05.327Z,0.7925,274,SYNTH
2026-04-21 13:48:06.529Z,0.7912,379,SYNTH
2026-04-21 13:48:07.512Z,0.7925,402,SYNTH
2026-04-21 13:48:08.608Z,0.7916,235,SYNTH
2026-04-21 13:48:09.564Z,0.7929,348,SYNTH
2026-04-21 13:48:10.102Z,0.7923,159,SYNTH
2026-04-21 13:48:11.612Z,0.7922,756,SYNTH
2026-04-21 13:48:12.022Z,0.7913,710,SYNTH
2026-04-21 13:48:13.662Z,0.7927,786,SYNTH
2026-04-21 13:48:14.134Z,0.7921,326,SYNTH
2026-04-21 13:48:15.257Z,0.7922,352,SYNTH
2026-04-21 13:48:16.789Z,0.7923,291,SYNTH
2026-04-21 13:48:17.183Z,0.7915,269,SYNTH
2026-04-21 13:48:18.484Z,0.7911,478,SYNTH
2026-04-21 13:48:19.130Z,0.7926,486,SYNTH
2026-04-21 13:48:20.370Z,0.7923,258,SYNTH
2026-04-21 13:48:21.814Z,0.7913,179,SYNTH
2026-04-21 13:48:22.775Z,0.7913,177,SYNTH
2026-04-21 13:48:23.064Z,0.7905,263,SYNTH
2026-04-21 13:48:24.258Z,0.7902,278,SYNTH
2026-04-21 13:48:25.090Z,0.7898,239,SYNTH
2026-04-21 13:48:26.150Z,0.7897,219,SYNTH
2026-04-21 13:48:27.666Z,0.7897,278,SYNTH
2026-04-21 13:48:28.784Z,0.7886,227,SYNTH
2026-04-21 13:48:29.042Z,0.7884,225,SYNTH
2026-04-21 13:48:30.690Z,0.7886,277,SYNTH
2026-04-21 13:48:31.077Z,0.7879,170,SYNTH
2026-04-21 13:48:32.426Z,0.7873,256,SYNTH
2026-04-21 13:48:33.078Z,0.7870,287,SYNTH
2026-04-21 13:48:34.587Z,0.7867,244,SYNTH
2026-04-21 13:48:35.648Z,0.7866,306,SYNTH
2026-04-21 13:48:36.739Z,0.7874,159,SYNTH
2026-04-21 13:48:37.347Z,0.7864,367,SYNTH
2026-04-21 13:48:38.444Z,0.7873,692,SYNTH
2026-04-21 13:48:39.751Z,0.7868,514,SYNTH
2026-04-21 13:48:40.250Z,0.7874,492,SYNTH
2026-04-21 13:48:41.743Z,0.7873,230,SYNTH
2026-04-21 13:48:42.060Z,0.7871,247,SYNTH
2026-04-21 13:48:43.573Z,0.7882,298,SYNTH
2026-04-21 13:48:44.460Z,0.7878,249,SYNTH
2026-04-21 13:48:45.472Z,0.7882,511,SYNTH
2026-04-21 13:48:46.126Z,0.7885,385,SYNTH
2026-04-21 13:48:47.396Z,0.7888,465,SYNTH
2026-04-21 13:48:48.897Z,0.7871,293,SYNTH
2026-04-21 13:48:49.034Z,0.7881,161,SYNTH
2026-04-21 13:48:50.322Z,0.7884,267,SYNTH
2026-04-21 13:48:51.890Z,0.7867,185,SYNTH
2026-04-21 13:48:52.311Z,0.7875,250,SYNTH
2026-04-21 13:48:53.059Z,0.7877,361,SYNTH
2026-04-21 13:48:54.124Z,0.7874,348,SYNTH
2026-04-21 13:48:55.239Z,0.7883,286,SYNTH
2026-04-21 13:48:56.730Z,0.7880,438,SYNTH
2026-04-21 13:48:57.422Z,0.7878,327,SYNTH
2026-04-21 13:48:58.669Z,0.7882,441,SYNTH
2026-04-21 13:48:59.408Z,0.7878,228,SYNTH
2026-04-21 13:49:00.225Z,0.7872,373,SYNTH
2026-04-21 13:49:01.357Z,0.7873,263,SYNTH
2026-04-21 13:49:02.776Z,0.7868,387,SYNTH
2026-04-21 13:49:03.038Z,0.7859,484,SYNTH
2026-04-21 13:49:04.348Z,0.7868,257,SYNTH
2026-04-21 13:49:05.769Z,0.7872,379,SYNTH
2026-04-21 13:49:06.087Z,0.7863,453,SYNTH
2026-04-21 13:49:07.485Z,0.7878,500,SYNTH
2026-04-21 13:49:08.328Z,0.7861,408,SYNTH
2026-04-21 13:49:09.739Z,0.7873,345,SYNTH
2026-04-21 13:49:10.014Z,0.7865,472,SYNTH
2026-04-21 13:49:11.035Z,0.7870,878,SYNTH
2026-04-21 13:49:12.199Z,0.7871,811,SYNTH
2026-04-21 13:49:13.713Z,0.7863,703,SYNTH
2026-04-21 13:49:14.371Z,0.7875,263,SYNTH
2026-04-21 13:49:15.306Z,0.7856,244,SYNTH
2026-04-21 13:49:16.884Z,0.7869,650,SYNTH
2026-04-21 13:49:17.867Z,0.7871,561,SYNTH
2026-04-21 13:49:18.032Z,0.7871,504,SYNTH
2026-04-21 13:49:19.207Z,0.7876,404,SYNTH
2026-04-21 13:49:20.738Z,0.7880,321,SYNTH
2026-04-21 13:49:21.129Z,0.7879,219,SYNTH
2026-04-21 13:49:22.411Z,0.7880,188,SYNTH
2026-04-21 13:49:23.454Z,0.7878,243,SYNTH
2026-04-21 13:49:24.064Z,0.7876,240,SYNTH
2026-04-21 13:49:25.851Z,0.7879,375,SYNTH
2026-04-21 13:49:26.141Z,0.7881,163,SYNTH
2026-04-21 13:49:27.230Z,0.7883,243,SYNTH
2026-04-21 13:49:28.686Z,0.7885,351,SYNTH
2026-04-21 13:49:29.444Z,0.7888,367,SYNTH
2026-04-21 13:49:30.137Z,0.7894,244,SYNTH
2026-04-21 13:49:31.476Z,0.7894,278,SYNTH
2026-04-21 13:49:32.544Z,0.7899,334,SYNTH
2026-04-21 13:49:33.643Z,0.7900,190,SYNTH
2026-04-21 13:49:34.188Z,0.7896,298,SYNTH
2026-04-21 13:49:35.680Z,0.7901,368,SYNTH
2026-04-21 13:49:36.171Z,0.7899,199,SYNTH
2026-04-21 13:49:37.770Z,0.7900,817,SYNTH
2026-04-21 13:49:38.199Z,0.7906,819,SYNTH
2026-04-21 13:49:39.497Z,0.7893,423,SYNTH
2026-04-21 13:49:40.531Z,0.7896,452,SYNTH
2026-04-21 13:49:41.806Z,0.7888,213,SYNTH
2026-04-21 13:49:42.095Z,0.7889,222,SYNTH
2026-04-21 13:49:43.636Z,0.7905,297,SYNTH
2026-04-21 13:49:44.241Z,0.7893,358,SYNTH
2026-04-21 13:49:45.851Z,0.7903,314,SYNTH
2026-04-21 13:49:46.787Z,0.7900,533,SYNTH
2026-04-21 13:49:47.243Z,0.7903,310,SYNTH
2026-04-21 13:49:48.794Z,0.7887,291,SYNTH
2026-04-21 13:49:49.563Z,0.7902,236,SYNTH
2026-04-21 13:49:50.328Z,0.7885,441,SYNTH
2026-04-21 13:49:51.716Z,0.7895,387,SYNTH
2026-04-21 13:49:52.282Z,0.7886,377,SYNTH
2026-04-21 13:49:53.764Z,0.7886,340,SYNTH
2026-04-21 13:49:54.162Z,0.7880,481,SYNTH
2026-04-21 13:49:55.607Z,0.7893,430,SYNTH
2026-04-21 13:49:56.040Z,0.7901,551,SYNTH
2026-04-21 13:49:57.587Z,0.7883,341,SYNTH
2026-04-21 13:49:58.350Z,0.7892,365,SYNTH
2026-04-21 13:49:59.718Z,0.7886,596,SYNTH
2026-04-21 13:50:00.433Z,0.7902,259,SYNTH
2026-04-21 13:50:01.447Z,0.7910,320,SYNTH
2026-04-21 13:50:02.472Z,0.7896,322,SYNTH
2026-04-21 13:50:03.511Z,0.7897,282,SYNTH
2026-04-21 13:50:04.016Z,0.7910,232,SYNTH
2026-04-21 13:50:05.087Z,0.7891,260,SYNTH
2026-04-21 13:50:06.654Z,0.7904,359,SYNTH
2026-04-21 13:50:07.883Z,0.7911,343,SYNTH
2026-04-21 13:50:08.326Z,0.7896,236,SYNTH
2026-04-21 13:50:09.832Z,0.7908,200,SYNTH
2026-04-21 13:50:10.499Z,0.7908,152,SYNTH
2026-04-21 13:50:11.324Z,0.7898,433,SYNTH
2026-04-21 13:50:12.526Z,0.7894,367,SYNTH
2026-04-21 13:50:13.124Z,0.7902,836,SYNTH
2026-04-21 13:50:14.298Z,0.7896,147,SYNTH
2026-04-21 13:50:15.860Z,0.7908,179,SYNTH
2026-04-21 13:50:16.045Z,0.7897,470,SYNTH
2026-04-21 13:50:17.894Z,0.7909,285,SYNTH
2026-04-21 13:50:18.638Z,0.7904,363,SYNTH
2026-04-21 13:50:19.746Z,0.7898,263,SYNTH
2026-04-21 13:50:20.631Z,0.7907,235,SYNTH
2026-04-21 13:50:21.643Z,0.7893,176,SYNTH
2026-04-21 13:50:22.204Z,0.7901,243,SYNTH
2026-04-21 13:50:23.378Z,0.7900,140,SYNTH
2026-04-21 13:50:24.666Z,0.7902,146,SYNTH
2026-04-21 13:50:25.806Z,0.7888,246,SYNTH
2026-04-21 13:50:26.354Z,0.7890,159,SYNTH
2026-04-21 13:50:27.574Z,0.7903,162,SYNTH
2026-04-21 13:50:28.651Z,0.7886,262,SYNTH
2026-04-21 13:50:29.498Z,0.7897,166,SYNTH
2026-04-21 13:50:30.884Z,0.7890,213,SYNTH
2026-04-21 13:50:31.605Z,0.7881,208,SYNTH
2026-04-21 13:50:32.392Z,0.7884,119,SYNTH
2026-04-21 13:50:33.442Z,0.7894,159,SYNTH
2026-04-21 13:50:34.443Z,0.7895,208,SYNTH
2026-04-21 13:50:35.162Z,0.7888,186,SYNTH
2026-04-21 13:50:36.682Z,0.7888,241,SYNTH
2026-04-21 13:50:37.326Z,0.7889,375,SYNTH
2026-04-21 13:50:38.058Z,0.7881,564,SYNTH
2026-04-21 13:50:39.366Z,0.7892,701,SYNTH
2026-04-21 13:50:40.166Z,0.7890,328,SYNTH
2026-04-21 13:50:41.161Z,0.7901,197,SYNTH
2026-04-21 13:50:42.092Z,0.7889,214,SYNTH
2026-04-21 13:50:43.742Z,0.7880,205,SYNTH
2026-04-21 13:50:44.706Z,0.7892,206,SYNTH
2026-04-21 13:50:45.033Z,0.7884,209,SYNTH
2026-04-21 13:50:46.157Z,0.7892,453,SYNTH
2026-04-21 13:50:47.579Z,0.7898,426,SYNTH
2026-04-21 13:50:48.280Z,0.7884,309,SYNTH
2026-04-21 13:50:49.500Z,0.7892,328,SYNTH
2026-04-21 13:50:50.311Z,0.7886,296,SYNTH
2026-04-21 13:50:51.011Z,0.7890,200,SYNTH
2026-04-21 13:50:52.331Z,0.7897,204,SYNTH
2026-04-21 13:50:53.063Z,0.7886,195,SYNTH
2026-04-21 13:50:54.055Z,0.7900,212,SYNTH
2026-04-21 13:50:55.760Z,0.7881,377,SYNTH
2026-04-21 13:50:56.581Z,0.7896,194,SYNTH
2026-04-21 13:50:57.289Z,0.7887,323,SYNTH
2026-04-21 13:50:58.261Z,0.7894,441,SYNTH
2026-04-21 13:50:59.645Z,0.7898,422,SYNTH
2026-04-21 13:51:00.089Z,0.7890,279,SYNTH
2026-04-21 13:51:01.739Z,0.7898,324,SYNTH
2026-04-21 13:51:02.668Z,0.7899,255,SYNTH
2026-04-21 13:51:03.012Z,0.7879,358,SYNTH
2026-04-21 13:51:04.518Z,0.7896,216,SYNTH
2026-04-21 13:51:05.073Z,0.7895,286,SYNTH
2026-04-21 13:51:06.505Z,0.7901,173,SYNTH
2026-04-21 13:51:07.037Z,0.7892,351,SYNTH
2026-04-21 13:51:08.031Z,0.7897,287,SYNTH
2026-04-21 13:51:09.213Z,0.7885,184,SYNTH
2026-04-21 13:51:10.646Z,0.7881,222,SYNTH
2026-04-21 13:51:11.095Z,0.7893,766,SYNTH
2026-04-21 13:51:12.087Z,0.7891,539,SYNTH
2026-04-21 13:51:13.112Z,0.7894,562,SYNTH
2026-04-21 13:51:14.171Z,0.7900,158,SYNTH
2026-04-21 13:51:15.435Z,0.7881,167,SYNTH
2026-04-21 13:51:16.725Z,0.7881,437,SYNTH
2026-04-21 13:51:17.044Z,0.7898,472,SYNTH
2026-04-21 13:51:18.419Z,0.7897,268,SYNTH
2026-04-21 13:51:19.218Z,0.7893,486,SYNTH
2026-04-21 13:51:20.042Z,0.7899,297,SYNTH
2026-04-21 13:51:21.205Z,0.7899,147,SYNTH
2026-04-21 13:51:22.351Z,0.7902,251,SYNTH
2026-04-21 13:51:23.893Z,0.7912,219,SYNTH
2026-04-21 13:51:24.176Z,0.7920,255,SYNTH
2026-04-21 13:51:25.225Z,0.7923,168,SYNTH
2026-04-21 13:51:26.388Z,0.7931,166,SYNTH
2026-04-21 13:51:27.332Z,0.7940,201,SYNTH
2026-04-21 13:51:28.206Z,0.7954,150,SYNTH
2026-04-21 13:51:29.321Z,0.7959,204,SYNTH
2026-04-21 13:51:30.455Z,0.7967,194,SYNTH
2026-04-21 13:51:31.684Z,0.7967,262,SYNTH
2026-04-21 13:51:32.281Z,0.7978,296,SYNTH
2026-04-21 13:51:33.042Z,0.7988,284,SYNTH
2026-04-21 13:51:34.615Z,0.7988,161,SYNTH
2026-04-21 13:51:35.673Z,0.7997,297,SYNTH
2026-04-21 13:51:36.096Z,0.8003,150,SYNTH
2026-04-21 13:51:37.511Z,0.8003,645,SYNTH
2026-04-21 13:51:38.694Z,0.7988,519,SYNTH
2026-04-21 13:51:39.759Z,0.7991,649,SYNTH
2026-04-21 13:51:40.246Z,0.7985,726,SYNTH
2026-04-21 13:51:41.660Z,0.8002,226,SYNTH
2026-04-21 13:51:42.253Z,0.7992,323,SYNTH
2026-04-21 13:51:43.308Z,0.7985,318,SYNTH
2026-04-21 13:51:44.150Z,0.7981,270,SYNTH
2026-04-21 13:51:45.742Z,0.7980,325,SYNTH
2026-04-21 13:51:46.332Z,0.7985,462,SYNTH
2026-04-21 13:51:47.653Z,0.7991,511,SYNTH
2026-04-21 13:51:48.268Z,0.7988,344,SYNTH
2026-04-21 13:51:49.214Z,0.7969,155,SYNTH
2026-04-21 13:51:50.145Z,0.7963,259,SYNTH
2026-04-21 13:51:51.625Z,0.7982,325,SYNTH
2026-04-21 13:51:52.637Z,0.7965,341,SYNTH
2026-04-21 13:51:53.076Z,0.7962,267,SYNTH
2026-04-21 13:51:54.516Z,0.7956,259,SYNTH
2026-04-21 13:51:55.387Z,0.7949,221,SYNTH
2026-04-21 13:51:56.574Z,0.7953,410,SYNTH
2026-04-21 13:51:57.312Z,0.7959,355,SYNTH
2026-04-21 13:51:58.485Z,0.7952,277,SYNTH
2026-04-21 13:51:59.353Z,0.7953,306,SYNTH
2026-04-21 13:52:00.101Z,0.7951,319,SYNTH
2026-04-21 13:52:01.042Z,0.7945,212,SYNTH
2026-04-21 13:52:02.745Z,0.7939,160,SYNTH
2026-04-21 13:52:03.363Z,0.7951,141,SYNTH
2026-04-21 13:52:04.139Z,0.7943,205,SYNTH
2026-04-21 13:52:05.129Z,0.7945,181,SYNTH
2026-04-21 13:52:06.551Z,0.7938,177,SYNTH
2026-04-21 13:52:07.232Z,0.7951,244,SYNTH
2026-04-21 13:52:08.076Z,0.7952,231,SYNTH
2026-04-21 13:52:09.215Z,0.7951,136,SYNTH
2026-04-21 13:52:10.771Z,0.7934,169,SYNTH
2026-04-21 13:52:11.633Z,0.7955,427,SYNTH
2026-04-21 13:52:12.186Z,0.7937,542,SYNTH
2026-04-21 13:52:13.324Z,0.7936,344,SYNTH
2026-04-21 13:52:14.447Z,0.7952,201,SYNTH
2026-04-21 13:52:15.240Z,0.7949,228,SYNTH
2026-04-21 13:52:16.332Z,0.7934,312,SYNTH
2026-04-21 13:52:17.584Z,0.7951,402,SYNTH
2026-04-21 13:52:18.026Z,0.7936,306,SYNTH
2026-04-21 13:52:19.300Z,0.7945,266,SYNTH
2026-04-21 13:52:20.575Z,0.7956,201,SYNTH
2026-04-21 13:52:21.176Z,0.7956,114,SYNTH
2026-04-21 13:52:22.730Z,0.7952,97,SYNTH
2026-04-21 13:52:23.781Z,0.7960,131,SYNTH
2026-04-21 13:52:24.400Z,0.7961,105,SYNTH
2026-04-21 13:52:25.692Z,0.7962,206,SYNTH
2026-04-21 13:52:26.198Z,0.7971,189,SYNTH
2026-04-21 13:52:27.469Z,0.7973,135,SYNTH
2026-04-21 13:52:28.837Z,0.7978,175,SYNTH
2026-04-21 13:52:29.540Z,0.7979,150,SYNTH
2026-04-21 13:52:30.100Z,0.7985,94,SYNTH
2026-04-21 13:52:31.102Z,0.7984,105,SYNTH
2026-04-21 13:52:32.702Z,0.7993,146,SYNTH
2026-04-21 13:52:33.598Z,0.7995,113,SYNTH
2026-04-21 13:52:34.365Z,0.7995,194,SYNTH
2026-04-21 13:52:35.689Z,0.8000,115,SYNTH
2026-04-21 13:52:36.411Z,0.7993,167,SYNTH
2026-04-21 13:52:37.294Z,0.7997,530,SYNTH
2026-04-21 13:52:38.389Z,0.8008,222,SYNTH
2026-04-21 13:52:39.185Z,0.7995,287,SYNTH
2026-04-21 13:52:40.367Z,0.8005,238,SYNTH
2026-04-21 13:52:41.518Z,0.7988,137,SYNTH
2026-04-21 13:52:42.670Z,0.7990,122,SYNTH
2026-04-21 13:52:43.532Z,0.7994,218,SYNTH
2026-04-21 13:52:44.230Z,0.7991,174,SYNTH
2026-04-21 13:52:45.654Z,0.7991,323,SYNTH
2026-04-21 13:52:46.357Z,0.7993,296,SYNTH
2026-04-21 13:52:47.813Z,0.7989,180,SYNTH
2026-04-21 13:52:48.478Z,0.7995,106,SYNTH
2026-04-21 13:52:49.690Z,0.7984,239,SYNTH
2026-04-21 13:52:50.475Z,0.7991,162,SYNTH
2026-04-21 13:52:51.478Z,0.7981,217,SYNTH
2026-04-21 13:52:52.221Z,0.7981,135,SYNTH
2026-04-21 13:52:53.724Z,0.7976,132,SYNTH
2026-04-21 13:52:54.883Z,0.7979,200,SYNTH
2026-04-21 13:52:55.846Z,0.7971,199,SYNTH
2026-04-21 13:52:56.253Z,0.7969,293,SYNTH
2026-04-21 13:52:57.492Z,0.7983,141,SYNTH
2026-04-21 13:52:58.682Z,0.7976,166,SYNTH
2026-04-21 13:52:59.633Z,0.7966,173,SYNTH
2026-04-21 13:53:00.377Z,0.7978,587,SYNTH
2026-04-21 13:53:01.382Z,0.7968,491,SYNTH
2026-04-21 13:53:02.251Z,0.7979,273,SYNTH
2026-04-21 13:53:03.384Z,0.7979,313,SYNTH
2026-04-21 13:53:04.085Z,0.7975,242,SYNTH
2026-04-21 13:53:05.160Z,0.7981,327,SYNTH
2026-04-21 13:53:06.153Z,0.7969,503,SYNTH
2026-04-21 13:53:07.804Z,0.7975,491,SYNTH
2026-04-21 13:53:08.007Z,0.7976,367,SYNTH
2026-04-21 13:53:09.695Z,0.7982,257,SYNTH
2026-04-21 13:53:10.774Z,0.7977,297,SYNTH
2026-04-21 13:53:11.016Z,0.7983,914,SYNTH
2026-04-21 13:53:12.827Z,0.7972,529,SYNTH
2026-04-21 13:53:13.642Z,0.7984,575,SYNTH
2026-04-21 13:53:14.444Z,0.7967,285,SYNTH
2026-04-21 13:53:15.331Z,0.7977,339,SYNTH
2026-04-21 13:53:16.726Z,0.7982,613,SYNTH
2026-04-21 13:53:17.454Z,0.7982,320,SYNTH
2026-04-21 13:53:18.052Z,0.7977,549,SYNTH
2026-04-21 13:53:19.541Z,0.7978,338,SYNTH
2026-04-21 13:53:20.193Z,0.7967,318,SYNTH
2026-04-21 13:53:21.012Z,0.7977,254,SYNTH
2026-04-21 13:53:22.499Z,0.7990,159,SYNTH
2026-04-21 13:53:23.448Z,0.7987,249,SYNTH
2026-04-21 13:53:24.317Z,0.7993,198,SYNTH
2026-04-21 13:53:25.186Z,0.7992,242,SYNTH
2026-04-21 13:53:26.528Z,0.7997,229,SYNTH
2026-04-21 13:53:27.359Z,0.8000,207,SYNTH
2026-04-21 13:53:28.838Z,0.8003,342,SYNTH
2026-04-21 13:53:29.692Z,0.8013,228,SYNTH
2026-04-21 13:53:30.710Z,0.7993,254,SYNTH
2026-04-21 13:53:31.690Z,0.8009,293,SYNTH
2026-04-21 13:53:32.428Z,0.8015,362,SYNTH
2026-04-21 13:53:33.432Z,0.8015,307,SYNTH
2026-04-21 13:53:34.777Z,0.8019,169,SYNTH
2026-04-21 13:53:35.883Z,0.8023,301,SYNTH
2026-04-21 13:53:36.810Z,0.8026,305,SYNTH
2026-04-21 13:53:37.569Z,0.8026,428,SYNTH
2026-04-21 13:53:38.731Z,0.8023,418,SYNTH
2026-04-21 13:53:39.564Z,0.8012,718,SYNTH
2026-04-21 13:53:40.117Z,0.8027,637,SYNTH
2026-04-21 13:53:41.384Z,0.8020,335,SYNTH
2026-04-21 13:53:42.346Z,0.8011,333,SYNTH
2026-04-21 13:53:43.840Z,0.8021,234,SYNTH
2026-04-21 13:53:44.016Z,0.8011,207,SYNTH
2026-04-21 13:53:45.873Z,0.8006,478,SYNTH
2026-04-21 13:53:46.711Z,0.8018,326,SYNTH
2026-04-21 13:53:47.395Z,0.8014,568,SYNTH
2026-04-21 13:53:48.373Z,0.8008,400,SYNTH
2026-04-21 13:53:49.709Z,0.8016,287,SYNTH
2026-04-21 13:53:50.454Z,0.8007,405,SYNTH
2026-04-21 13:53:51.714Z,0.8004,479,SYNTH
2026-04-21 13:53:52.700Z,0.8016,284,SYNTH
2026-04-21 13:53:53.098Z,0.7999,458,SYNTH
2026-04-21 13:53:54.755Z,0.8011,480,SYNTH
2026-04-21 13:53:55.259Z,0.8003,228,SYNTH
2026-04-21 13:53:56.715Z,0.8012,333,SYNTH
2026-04-21 13:53:57.530Z,0.7997,538,SYNTH
2026-04-21 13:53:58.186Z,0.8007,565,SYNTH
2026-04-21 13:53:59.671Z,0.8008,302,SYNTH
2026-04-21 13:54:00.156Z,0.8024,75,SYNTH
2026-04-21 13:54:01.633Z,0.8026,101,SYNTH
2026-04-21 13:54:02.855Z,0.8017,56,SYNTH
2026-04-21 13:54:03.324Z,0.8020,91,SYNTH
2026-04-21 13:54:04.548Z,0.8022,51,SYNTH
2026-04-21 13:54:05.702Z,0.8025,80,SYNTH
2026-04-21 13:54:06.820Z,0.8020,83,SYNTH
2026-04-21 13:54:07.531Z,0.8026,42,SYNTH
2026-04-21 13:54:08.256Z,0.8017,43,SYNTH
2026-04-21 13:54:09.166Z,0.8019,87,SYNTH
2026-04-21 13:54:10.396Z,0.8027,40,SYNTH
2026-04-21 13:54:11.351Z,0.8018,203,SYNTH
2026-04-21 13:54:12.305Z,0.8030,156,SYNTH
2026-04-21 13:54:13.770Z,0.8015,101,SYNTH
2026-04-21 13:54:14.877Z,0.8031,40,SYNTH
2026-04-21 13:54:15.030Z,0.8020,64,SYNTH
2026-04-21 13:54:16.183Z,0.8021,65,SYNTH
2026-04-21 13:54:17.593Z,0.8023,74,SYNTH
2026-04-21 13:54:18.497Z,0.8026,137,SYNTH
2026-04-21 13:54:19.141Z,0.8016,132,SYNTH
2026-04-21 13:54:20.573Z,0.8027,73,SYNTH
2026-04-21 13:54:21.223Z,0.8016,39,SYNTH
2026-04-21 13:54:22.097Z,0.8020,64,SYNTH
2026-04-21 13:54:23.359Z,0.8016,40,SYNTH
2026-04-21 13:54:24.859Z,0.8007,39,SYNTH
2026-04-21 13:54:25.230Z,0.8010,54,SYNTH
2026-04-21 13:54:26.105Z,0.8006,62,SYNTH
2026-04-21 13:54:27.461Z,0.8014,43,SYNTH
2026-04-21 13:54:28.285Z,0.8008,46,SYNTH
2026-04-21 13:54:29.420Z,0.8006,32,SYNTH
2026-04-21 13:54:30.777Z,0.8015,57,SYNTH
2026-04-21 13:54:31.241Z,0.8002,38,SYNTH
2026-04-21 13:54:32.026Z,0.8014,67,SYNTH
2026-04-21 13:54:33.149Z,0.8004,34,SYNTH
2026-04-21 13:54:34.583Z,0.8002,53,SYNTH
2026-04-21 13:54:35.311Z,0.8014,38,SYNTH
2026-04-21 13:54:36.340Z,0.8000,43,SYNTH
2026-04-21 13:54:37.564Z,0.8009,131,SYNTH
2026-04-21 13:54:38.756Z,0.8015,189,SYNTH
2026-04-21 13:54:39.290Z,0.8001,151,SYNTH
2026-04-21 13:54:40.633Z,0.8014,81,SYNTH
2026-04-21 13:54:41.690Z,0.8009,79,SYNTH
2026-04-21 13:54:42.451Z,0.8001,55,SYNTH
2026-04-21 13:54:43.599Z,0.8012,79,SYNTH
2026-04-21 13:54:44.096Z,0.8014,61,SYNTH
2026-04-21 13:54:45.772Z,0.8004,131,SYNTH
2026-04-21 13:54:46.582Z,0.8012,66,SYNTH
2026-04-21 13:54:47.580Z,0.8002,129,SYNTH
2026-04-21 13:54:48.302Z,0.8002,92,SYNTH
2026-04-21 13:54:49.897Z,0.8015,84,SYNTH
2026-04-21 13:54:50.282Z,0.8004,64,SYNTH
2026-04-21 13:54:51.856Z,0.8014,77,SYNTH
2026-04-21 13:54:52.004Z,0.7997,99,SYNTH
2026-04-21 13:54:53.219Z,0.8013,56,SYNTH
2026-04-21 13:54:54.190Z,0.8018,93,SYNTH
2026-04-21 13:54:55.190Z,0.8006,90,SYNTH
2026-04-21 13:54:56.796Z,0.8016,67,SYNTH
2026-04-21 13:54:57.711Z,0.7997,61,SYNTH
2026-04-21 13:54:58.499Z,0.8009,67,SYNTH
2026-04-21 13:54:59.489Z,0.8015,60,SYNTH
2026-04-21 13:55:00.448Z,0.8010,59,SYNTH
2026-04-21 13:55:01.244Z,0.8010,58,SYNTH
2026-04-21 13:55:02.288Z,0.8006,45,SYNTH
2026-04-21 13:55:03.564Z,0.8015,76,SYNTH
2026-04-21 13:55:04.652Z,0.8011,82,SYNTH
2026-04-21 13:55:05.245Z,0.8000,68,SYNTH
2026-04-21 13:55:06.728Z,0.8013,73,SYNTH
2026-04-21 13:55:07.254Z,0.8015,61,SYNTH
2026-04-21 13:55:08.822Z,0.7997,56,SYNTH
2026-04-21 13:55:09.215Z,0.8000,69,SYNTH
2026-04-21 13:55:10.765Z,0.8007,75,SYNTH
2026-04-21 13:55:11.437Z,0.8010,177,SYNTH
2026-04-21 13:55:12.893Z,0.8013,155,SYNTH
2026-04-21 13:55:13.122Z,0.8005,174,SYNTH
2026-04-21 13:55:14.621Z,0.8012,56,SYNTH
2026-04-21 13:55:15.361Z,0.8010,51,SYNTH
2026-04-21 13:55:16.575Z,0.8006,90,SYNTH
2026-04-21 13:55:17.262Z,0.8002,110,SYNTH
2026-04-21 13:55:18.097Z,0.8014,62,SYNTH
2026-04-21 13:55:19.463Z,0.8014,108,SYNTH
2026-04-21 13:55:20.405Z,0.8001,51,SYNTH
2026-04-21 13:55:21.300Z,0.8017,61,SYNTH
2026-04-21 13:55:22.475Z,0.8018,61,SYNTH
2026-04-21 13:55:23.174Z,0.8015,36,SYNTH
2026-04-21 13:55:24.621Z,0.8008,47,SYNTH
2026-04-21 13:55:25.767Z,0.8017,43,SYNTH
2026-04-21 13:55:26.428Z,0.8003,29,SYNTH
2026-04-21 13:55:27.341Z,0.8021,28,SYNTH
2026-04-21 13:55:28.847Z,0.8019,64,SYNTH
2026-04-21 13:55:29.666Z,0.8019,30,SYNTH
2026-04-21 13:55:30.489Z,0.8019,59,SYNTH
2026-04-21 13:55:31.835Z,0.8024,62,SYNTH
2026-04-21 13:55:32.481Z,0.8024,40,SYNTH
2026-04-21 13:55:33.202Z,0.8028,32,SYNTH
2026-04-21 13:55:34.016Z,0.8011,61,SYNTH
2026-04-21 13:55:35.334Z,0.8028,28,SYNTH
2026-04-21 13:55:36.055Z,0.8021,36,SYNTH
2026-04-21 13:55:37.017Z,0.8029,145,SYNTH
2026-04-21 13:55:38.408Z,0.8026,121,SYNTH
2026-04-21 13:55:39.230Z,0.8013,156,SYNTH
2026-04-21 13:55:40.279Z,0.8013,154,SYNTH
2026-04-21 13:55:41.541Z,0.8022,60,SYNTH
2026-04-21 13:55:42.535Z,0.8012,50,SYNTH
2026-04-21 13:55:43.185Z,0.8027,59,SYNTH
2026-04-21 13:55:44.230Z,0.8016,51,SYNTH
2026-04-21 13:55:45.468Z,0.8016,96,SYNTH
2026-04-21 13:55:46.822Z,0.8025,68,SYNTH
2026-04-21 13:55:47.263Z,0.8029,116,SYNTH
2026-04-21 13:55:48.104Z,0.8012,55,SYNTH
2026-04-21 13:55:49.892Z,0.8022,56,SYNTH
2026-04-21 13:55:50.151Z,0.8009,66,SYNTH
2026-04-21 13:55:51.250Z,0.8016,84,SYNTH
2026-04-21 13:55:52.811Z,0.8022,45,SYNTH
2026-04-21 13:55:53.451Z,0.8015,40,SYNTH
2026-04-21 13:55:54.757Z,0.8021,42,SYNTH
2026-04-21 13:55:55.802Z,0.8027,48,SYNTH
2026-04-21 13:55:56.574Z,0.8024,58,SYNTH
2026-04-21 13:55:57.821Z,0.8017,81,SYNTH
2026-04-21 13:55:58.139Z,0.8023,50,SYNTH
2026-04-21 13:55:59.442Z,0.8023,104,SYNTH
2026-04-21 13:56:00.517Z,0.8025,1186,SYNTH
2026-04-21 13:56:01.564Z,0.8018,759,SYNTH
2026-04-21 13:56:02.485Z,0.8023,909,SYNTH
2026-04-21 13:56:03.743Z,0.8027,908,SYNTH
2026-04-21 13:56:04.168Z,0.8015,1213,SYNTH
2026-04-21 13:56:05.163Z,0.8030,961,SYNTH
2026-04-21 13:56:06.189Z,0.8029,512,SYNTH
2026-04-21 13:56:07.437Z,0.8012,778,SYNTH
2026-04-21 13:56:08.025Z,0.8031,855,SYNTH
2026-04-21 13:56:09.172Z,0.8024,1077,SYNTH
2026-04-21 13:56:10.382Z,0.8019,800,SYNTH
2026-04-21 13:56:11.383Z,0.8028,1579,SYNTH
2026-04-21 13:56:12.403Z,0.8022,1965,SYNTH
2026-04-21 13:56:13.566Z,0.8023,2162,SYNTH
2026-04-21 13:56:14.453Z,0.8008,463,SYNTH
2026-04-21 13:56:15.809Z,0.8021,927,SYNTH
2026-04-21 13:56:16.823Z,0.8028,1386,SYNTH
2026-04-21 13:56:17.433Z,0.8026,1508,SYNTH
2026-04-21 13:56:18.809Z,0.8017,690,SYNTH
2026-04-21 13:56:19.288Z,0.8026,1625,SYNTH
2026-04-21 13:56:20.728Z,0.8024,789,SYNTH
2026-04-21 13:56:21.680Z,0.8030,801,SYNTH
2026-04-21 13:56:22.779Z,0.8023,780,SYNTH
2026-04-21 13:56:23.455Z,0.8032,797,SYNTH
2026-04-21 13:56:24.496Z,0.8036,640,SYNTH
2026-04-21 13:56:25.718Z,0.8041,443,SYNTH
2026-04-21 13:56:26.617Z,0.8042,631,SYNTH
2026-04-21 13:56:27.420Z,0.8040,420,SYNTH
2026-04-21 13:56:28.813Z,0.8051,828,SYNTH
2026-04-21 13:56:29.309Z,0.8050,416,SYNTH
2026-04-21 13:56:30.073Z,0.8052,354,SYNTH
2026-04-21 13:56:31.706Z,0.8044,439,SYNTH
2026-04-21 13:56:32.289Z,0.8056,605,SYNTH
2026-04-21 13:56:33.372Z,0.8056,782,SYNTH
2026-04-21 13:56:34.258Z,0.8059,645,SYNTH
2026-04-21 13:56:35.019Z,0.8062,517,SYNTH
2026-04-21 13:56:36.623Z,0.8068,368,SYNTH
2026-04-21 13:56:37.362Z,0.8066,1641,SYNTH
2026-04-21 13:56:38.234Z,0.8071,2188,SYNTH
2026-04-21 13:56:39.421Z,0.8056,1414,SYNTH
2026-04-21 13:56:40.189Z,0.8058,1679,SYNTH
2026-04-21 13:56:41.795Z,0.8070,813,SYNTH
2026-04-21 13:56:42.176Z,0.8054,422,SYNTH
2026-04-21 13:56:43.695Z,0.8049,614,SYNTH
2026-04-21 13:56:44.554Z,0.8054,652,SYNTH
2026-04-21 13:56:45.721Z,0.8060,1139,SYNTH
2026-04-21 13:56:46.701Z,0.8062,1090,SYNTH
2026-04-21 13:56:47.255Z,0.8047,1136,SYNTH
2026-04-21 13:56:48.099Z,0.8050,723,SYNTH
2026-04-21 13:56:49.383Z,0.8056,630,SYNTH
2026-04-21 13:56:50.540Z,0.8047,635,SYNTH
2026-04-21 13:56:51.620Z,0.8050,885,SYNTH
2026-04-21 13:56:52.556Z,0.8054,545,SYNTH
2026-04-21 13:56:53.053Z,0.8044,487,SYNTH
2026-04-21 13:56:54.832Z,0.8054,1046,SYNTH
2026-04-21 13:56:55.691Z,0.8040,1075,SYNTH
2026-04-21 13:56:56.070Z,0.8047,906,SYNTH
2026-04-21 13:56:57.123Z,0.8057,988,SYNTH
2026-04-21 13:56:58.525Z,0.8052,1282,SYNTH
2026-04-21 13:56:59.817Z,0.8046,590,SYNTH
2026-04-21 13:57:00.397Z,0.8049,43,SYNTH
2026-04-21 13:57:01.362Z,0.8035,53,SYNTH
2026-04-21 13:57:02.681Z,0.8042,37,SYNTH
2026-04-21 13:57:03.470Z,0.8043,50,SYNTH
2026-04-21 13:57:04.822Z,0.8032,44,SYNTH
2026-04-21 13:57:05.474Z,0.8041,48,SYNTH
2026-04-21 13:57:06.079Z,0.8052,43,SYNTH
2026-04-21 13:57:07.879Z,0.8036,54,SYNTH
2026-04-21 13:57:08.616Z,0.8031,27,SYNTH
2026-04-21 13:57:09.708Z,0.8045,54,SYNTH
2026-04-21 13:57:10.070Z,0.8046,50,SYNTH
2026-04-21 13:57:11.273Z,0.8031,132,SYNTH
2026-04-21 13:57:12.614Z,0.8049,139,SYNTH
2026-04-21 13:57:13.394Z,0.8048,111,SYNTH
2026-04-21 13:57:14.313Z,0.8034,28,SYNTH
2026-04-21 13:57:15.510Z,0.8043,27,SYNTH
2026-04-21 13:57:16.386Z,0.8031,47,SYNTH
2026-04-21 13:57:17.197Z,0.8042,86,SYNTH
2026-04-21 13:57:18.289Z,0.8051,76,SYNTH
2026-04-21 13:57:19.568Z,0.8035,64,SYNTH
2026-04-21 13:57:20.361Z,0.8050,40,SYNTH
2026-04-21 13:57:21.767Z,0.8036,28,SYNTH
2026-04-21 13:57:22.054Z,0.8043,50,SYNTH
2026-04-21 13:57:23.156Z,0.8041,32,SYNTH
2026-04-21 13:57:24.824Z,0.8042,28,SYNTH
2026-04-21 13:57:25.883Z,0.8047,44,SYNTH
2026-04-21 13:57:26.688Z,0.8030,32,SYNTH
2026-04-21 13:57:27.233Z,0.8048,47,SYNTH
2026-04-21 13:57:28.726Z,0.8032,36,SYNTH
2026-04-21 13:57:29.603Z,0.8047,46,SYNTH
2026-04-21 13:57:30.738Z,0.8041,41,SYNTH
2026-04-21 13:57:31.320Z,0.8045,23,SYNTH
2026-04-21 13:57:32.378Z,0.8035,39,SYNTH
2026-04-21 13:57:33.207Z,0.8046,27,SYNTH
2026-04-21 13:57:34.563Z,0.8047,31,SYNTH
2026-04-21 13:57:35.368Z,0.8039,21,SYNTH
2026-04-21 13:57:36.550Z,0.8048,48,SYNTH
2026-04-21 13:57:37.752Z,0.8037,91,SYNTH
2026-04-21 13:57:38.676Z,0.8032,105,SYNTH
2026-04-21 13:57:39.718Z,0.8042,67,SYNTH
2026-04-21 13:57:40.524Z,0.8043,93,SYNTH
2026-04-21 13:57:41.137Z,0.8048,42,SYNTH
2026-04-21 13:57:42.892Z,0.8039,38,SYNTH
2026-04-21 13:57:43.242Z,0.8035,30,SYNTH
2026-04-21 13:57:44.631Z,0.8038,37,SYNTH
2026-04-21 13:57:45.088Z,0.8051,80,SYNTH
2026-04-21 13:57:46.040Z,0.8046,52,SYNTH
2026-04-21 13:57:47.471Z,0.8044,59,SYNTH
2026-04-21 13:57:48.580Z,0.8050,32,SYNTH
2026-04-21 13:57:49.536Z,0.8033,55,SYNTH
2026-04-21 13:57:50.132Z,0.8047,49,SYNTH
2026-04-21 13:57:51.281Z,0.8047,26,SYNTH
2026-04-21 13:57:52.380Z,0.8045,28,SYNTH
2026-04-21 13:57:53.794Z,0.8036,49,SYNTH
2026-04-21 13:57:54.827Z,0.8043,65,SYNTH
2026-04-21 13:57:55.324Z,0.8037,30,SYNTH
2026-04-21 13:57:56.215Z,0.8046,64,SYNTH
2026-04-21 13:57:57.376Z,0.8041,66,SYNTH
2026-04-21 13:57:58.591Z,0.8047,52,SYNTH
2026-04-21 13:57:59.429Z,0.8047,63,SYNTH
2026-04-21 13:58:00.273Z,0.8068,66,SYNTH
2026-04-21 13:58:01.533Z,0.8070,73,SYNTH
2026-04-21 13:58:02.796Z,0.8070,75,SYNTH
2026-04-21 13:58:03.083Z,0.8056,44,SYNTH
2026-04-21 13:58:04.728Z,0.8048,48,SYNTH
2026-04-21 13:58:05.159Z,0.8056,59,SYNTH
2026-04-21 13:58:06.755Z,0.8065,66,SYNTH
2026-04-21 13:58:07.612Z,0.8049,71,SYNTH
2026-04-21 13:58:08.361Z,0.8049,50,SYNTH
2026-04-21 13:58:09.479Z,0.8043,43,SYNTH
2026-04-21 13:58:10.204Z,0.8058,72,SYNTH
2026-04-21 13:58:11.090Z,0.8040,174,SYNTH
2026-04-21 13:58:12.197Z,0.8052,157,SYNTH
2026-04-21 13:58:13.465Z,0.8041,108,SYNTH
2026-04-21 13:58:14.764Z,0.8053,53,SYNTH
2026-04-21 13:58:15.552Z,0.8043,28,SYNTH
2026-04-21 13:58:16.514Z,0.8056,103,SYNTH
2026-04-21 13:58:17.018Z,0.8041,85,SYNTH
2026-04-21 13:58:18.432Z,0.8052,90,SYNTH
2026-04-21 13:58:19.018Z,0.8053,105,SYNTH
2026-04-21 13:58:20.727Z,0.8059,51,SYNTH
2026-04-21 13:58:21.582Z,0.8042,29,SYNTH
2026-04-21 13:58:22.476Z,0.8053,55,SYNTH
2026-04-21 13:58:23.059Z,0.8060,48,SYNTH
2026-04-21 13:58:24.861Z,0.8047,35,SYNTH
2026-04-21 13:58:25.658Z,0.8058,55,SYNTH
2026-04-21 13:58:26.472Z,0.8057,33,SYNTH
2026-04-21 13:58:27.118Z,0.8061,36,SYNTH
2026-04-21 13:58:28.795Z,0.8048,26,SYNTH
2026-04-21 13:58:29.507Z,0.8063,46,SYNTH
2026-04-21 13:58:30.767Z,0.8068,27,SYNTH
2026-04-21 13:58:31.095Z,0.8066,30,SYNTH
2026-04-21 13:58:32.831Z,0.8052,42,SYNTH
2026-04-21 13:58:33.188Z,0.8067,41,SYNTH
2026-04-21 13:58:34.400Z,0.8071,40,SYNTH
2026-04-21 13:58:35.169Z,0.8073,56,SYNTH
2026-04-21 13:58:36.317Z,0.8054,61,SYNTH
2026-04-21 13:58:37.175Z,0.8069,111,SYNTH
2026-04-21 13:58:38.531Z,0.8071,106,SYNTH
2026-04-21 13:58:39.166Z,0.8071,142,SYNTH
2026-04-21 13:58:40.210Z,0.8071,158,SYNTH
2026-04-21 13:58:41.832Z,0.8059,54,SYNTH
2026-04-21 13:58:42.027Z,0.8071,29,SYNTH
2026-04-21 13:58:43.294Z,0.8072,45,SYNTH
2026-04-21 13:58:44.370Z,0.8061,28,SYNTH
2026-04-21 13:58:45.225Z,0.8060,99,SYNTH
2026-04-21 13:58:46.882Z,0.8067,67,SYNTH
2026-04-21 13:58:47.499Z,0.8069,81,SYNTH
2026-04-21 13:58:48.860Z,0.8068,36,SYNTH
2026-04-21 13:58:49.328Z,0.8067,60,SYNTH
2026-04-21 13:58:50.003Z,0.8060,37,SYNTH
2026-04-21 13:58:51.742Z,0.8063,65,SYNTH
2026-04-21 13:58:52.670Z,0.8068,42,SYNTH
2026-04-21 13:58:53.484Z,0.8053,69,SYNTH
2026-04-21 13:58:54.459Z,0.8067,35,SYNTH
2026-04-21 13:58:55.195Z,0.8060,55,SYNTH
2026-04-21 13:58:56.239Z,0.8064,84,SYNTH
2026-04-21 13:58:57.472Z,0.8070,73,SYNTH
2026-04-21 13:58:58.717Z,0.8056,54,SYNTH
2026-04-21 13:58:59.115Z,0.8071,76,SYNTH
2026-04-21 13:59:00.191Z,0.8071,578,SYNTH
2026-04-21 13:59:01.182Z,0.8073,960,SYNTH
2026-04-21 13:59:02.046Z,0.8056,938,SYNTH
2026-04-21 13:59:03.408Z,0.8073,972,SYNTH
2026-04-21 13:59:04.260Z,0.8058,1052,SYNTH
2026-04-21 13:59:05.299Z,0.8052,755,SYNTH
2026-04-21 13:59:06.597Z,0.8067,854,SYNTH
2026-04-21 13:59:07.167Z,0.8067,759,SYNTH
2026-04-21 13:59:08.419Z,0.8054,590,SYNTH
2026-04-21 13:59:09.022Z,0.8067,915,SYNTH
2026-04-21 13:59:10.265Z,0.8056,917,SYNTH
2026-04-21 13:59:11.195Z,0.8065,2131,SYNTH
2026-04-21 13:59:12.054Z,0.8054,2070,SYNTH
2026-04-21 13:59:13.458Z,0.8059,1153,SYNTH
2026-04-21 13:59:14.573Z,0.8071,704,SYNTH
2026-04-21 13:59:15.253Z,0.8053,657,SYNTH
2026-04-21 13:59:16.094Z,0.8068,1344,SYNTH
2026-04-21 13:59:17.579Z,0.8060,800,SYNTH
2026-04-21 13:59:18.480Z,0.8070,1014,SYNTH
2026-04-21 13:59:19.583Z,0.8060,1004,SYNTH
2026-04-21 13:59:20.517Z,0.8063,508,SYNTH
2026-04-21 13:59:21.718Z,0.8054,351,SYNTH
2026-04-21 13:59:22.138Z,0.8050,499,SYNTH
2026-04-21 13:59:23.009Z,0.8050,466,SYNTH
2026-04-21 13:59:24.733Z,0.8045,641,SYNTH
2026-04-21 13:59:25.537Z,0.8044,701,SYNTH
2026-04-21 13:59:26.635Z,0.8037,608,SYNTH
2026-04-21 13:59:27.879Z,0.8042,666,SYNTH
2026-04-21 13:59:28.225Z,0.8032,375,SYNTH
2026-04-21 13:59:29.093Z,0.8035,607,SYNTH
2026-04-21 13:59:30.767Z,0.8028,659,SYNTH
2026-04-21 13:59:31.366Z,0.8024,634,SYNTH
2026-04-21 13:59:32.764Z,0.8025,464,SYNTH
2026-04-21 13:59:33.184Z,0.8022,342,SYNTH
2026-04-21 13:59:34.133Z,0.8022,434,SYNTH
2026-04-21 13:59:35.895Z,0.8021,746,SYNTH
2026-04-21 13:59:36.285Z,0.8014,334,SYNTH
2026-04-21 13:59:37.452Z,0.8022,1059,SYNTH
2026-04-21 13:59:38.340Z,0.8009,782,SYNTH
2026-04-21 13:59:39.349Z,0.8027,1169,SYNTH
2026-04-21 13:59:40.155Z,0.8029,1334,SYNTH
2026-04-21 13:59:41.792Z,0.8027,633,SYNTH
2026-04-21 13:59:42.236Z,0.8026,407,SYNTH
2026-04-21 13:59:43.155Z,0.8032,495,SYNTH
2026-04-21 13:59:44.218Z,0.8016,735,SYNTH
2026-04-21 13:59:45.434Z,0.8031,1091,SYNTH
2026-04-21 13:59:46.617Z,0.8027,1073,SYNTH
2026-04-21 13:59:47.660Z,0.8016,812,SYNTH
2026-04-21 13:59:48.104Z,0.8030,518,SYNTH
2026-04-21 13:59:49.662Z,0.8015,762,SYNTH
2026-04-21 13:59:50.737Z,0.8028,897,SYNTH
2026-04-21 13:59:51.390Z,0.8027,451,SYNTH
2026-04-21 13:59:52.601Z,0.8018,769,SYNTH
2026-04-21 13:59:53.192Z,0.8020,559,SYNTH
2026-04-21 13:59:54.721Z,0.8030,820,SYNTH
2026-04-21 13:59:55.363Z,0.8015,882,SYNTH
2026-04-21 13:59:56.420Z,0.8029,826,SYNTH
2026-04-21 13:59:57.649Z,0.8011,1120,SYNTH
2026-04-21 13:59:58.529Z,0.8027,745,SYNTH
2026-04-21 13:59:59.376Z,0.8013,729,SYNTH
2026-04-21 14:00:00.695Z,0.8008,130,SYNTH
2026-04-21 14:00:01.672Z,0.7991,287,SYNTH
2026-04-21 14:00:02.856Z,0.8007,181,SYNTH
2026-04-21 14:00:03.268Z,0.8009,157,SYNTH
2026-04-21 14:00:04.509Z,0.8011,192,SYNTH
2026-04-21 14:00:05.279Z,0.8005,119,SYNTH
2026-04-21 14:00:06.005Z,0.8018,145,SYNTH
2026-04-21 14:00:07.358Z,0.8023,221,SYNTH
2026-04-21 14:00:08.032Z,0.8010,221,SYNTH
2026-04-21 14:00:09.102Z,0.8024,143,SYNTH
2026-04-21 14:00:10.330Z,0.8009,122,SYNTH
2026-04-21 14:00:11.346Z,0.8028,419,SYNTH
2026-04-21 14:00:12.223Z,0.8012,444,SYNTH
2026-04-21 14:00:13.592Z,0.8026,347,SYNTH
2026-04-21 14:00:14.579Z,0.8010,143,SYNTH
2026-04-21 14:00:15.394Z,0.8008,185,SYNTH
2026-04-21 14:00:16.198Z,0.8018,358,SYNTH
2026-04-21 14:00:17.381Z,0.8011,309,SYNTH
2026-04-21 14:00:18.598Z,0.8022,222,SYNTH
2026-04-21 14:00:19.826Z,0.8012,333,SYNTH
2026-04-21 14:00:20.804Z,0.8005,192,SYNTH
2026-04-21 14:00:21.299Z,0.8022,197,SYNTH
2026-04-21 14:00:22.296Z,0.8002,155,SYNTH
2026-04-21 14:00:23.741Z,0.8010,109,SYNTH
2026-04-21 14:00:24.803Z,0.7996,123,SYNTH
2026-04-21 14:00:25.800Z,0.7995,106,SYNTH
2026-04-21 14:00:26.638Z,0.8008,185,SYNTH
2026-04-21 14:00:27.136Z,0.7993,198,SYNTH
2026-04-21 14:00:28.655Z,0.7990,148,SYNTH
2026-04-21 14:00:29.165Z,0.7985,155,SYNTH
2026-04-21 14:00:30.082Z,0.7987,123,SYNTH
2026-04-21 14:00:31.102Z,0.7987,95,SYNTH
2026-04-21 14:00:32.299Z,0.7976,152,SYNTH
2026-04-21 14:00:33.026Z,0.7978,80,SYNTH
2026-04-21 14:00:34.275Z,0.7976,122,SYNTH
2026-04-21 14:00:35.049Z,0.7977,181,SYNTH
2026-04-21 14:00:36.829Z,0.7969,96,SYNTH
2026-04-21 14:00:37.556Z,0.7973,246,SYNTH
2026-04-21 14:00:38.640Z,0.7974,362,SYNTH
2026-04-21 14:00:39.400Z,0.7972,520,SYNTH
2026-04-21 14:00:40.320Z,0.7981,265,SYNTH
2026-04-21 14:00:41.793Z,0.7986,142,SYNTH
2026-04-21 14:00:42.531Z,0.7987,203,SYNTH
2026-04-21 14:00:43.433Z,0.7984,184,SYNTH
2026-04-21 14:00:44.735Z,0.7984,94,SYNTH
2026-04-21 14:00:45.885Z,0.7976,271,SYNTH
2026-04-21 14:00:46.365Z,0.7988,267,SYNTH
2026-04-21 14:00:47.371Z,0.7978,167,SYNTH
2026-04-21 14:00:48.640Z,0.7981,105,SYNTH
2026-04-21 14:00:49.101Z,0.7988,147,SYNTH
2026-04-21 14:00:50.291Z,0.7970,231,SYNTH
2026-04-21 14:00:51.255Z,0.7979,124,SYNTH
2026-04-21 14:00:52.704Z,0.7970,224,SYNTH
2026-04-21 14:00:53.214Z,0.7981,259,SYNTH
2026-04-21 14:00:54.269Z,0.7975,216,SYNTH
2026-04-21 14:00:55.844Z,0.7984,134,SYNTH
2026-04-21 14:00:56.556Z,0.7981,129,SYNTH
2026-04-21 14:00:57.830Z,0.7984,146,SYNTH
2026-04-21 14:00:58.406Z,0.7985,266,SYNTH
2026-04-21 14:00:59.064Z,0.7971,280,SYNTH
2026-04-21 14:01:00.751Z,0.8001,359,SYNTH
2026-04-21 14:01:01.033Z,0.7997,243,SYNTH
2026-04-21 14:01:02.775Z,0.7996,340,SYNTH
2026-04-21 14:01:03.279Z,0.7996,308,SYNTH
2026-04-21 14:01:04.540Z,0.8000,427,SYNTH
2026-04-21 14:01:05.360Z,0.8003,514,SYNTH
2026-04-21 14:01:06.262Z,0.8010,444,SYNTH
2026-04-21 14:01:07.621Z,0.8013,497,SYNTH
2026-04-21 14:01:08.200Z,0.8011,332,SYNTH
2026-04-21 14:01:09.094Z,0.8016,270,SYNTH
2026-04-21 14:01:10.592Z,0.8024,259,SYNTH
2026-04-21 14:01:11.083Z,0.8024,471,SYNTH
2026-04-21 14:01:12.026Z,0.8012,896,SYNTH
2026-04-21 14:01:13.351Z,0.8017,939,SYNTH
2026-04-21 14:01:14.255Z,0.8011,265,SYNTH
2026-04-21 14:01:15.826Z,0.8006,289,SYNTH
2026-04-21 14:01:16.521Z,0.8007,388,SYNTH
2026-04-21 14:01:17.843Z,0.8019,384,SYNTH
2026-04-21 14:01:18.161Z,0.8004,582,SYNTH
2026-04-21 14:01:19.501Z,0.8015,341,SYNTH
2026-04-21 14:01:20.649Z,0.8000,211,SYNTH
2026-04-21 14:01:21.643Z,0.7996,326,SYNTH
2026-04-21 14:01:22.759Z,0.7994,273,SYNTH
2026-04-21 14:01:23.159Z,0.7995,218,SYNTH
2026-04-21 14:01:24.231Z,0.7984,171,SYNTH
2026-04-21 14:01:25.654Z,0.7981,217,SYNTH
2026-04-21 14:01:26.084Z,0.7977,265,SYNTH
2026-04-21 14:01:27.378Z,0.7966,344,SYNTH
2026-04-21 14:01:28.653Z,0.7961,373,SYNTH
2026-04-21 14:01:29.636Z,0.7954,288,SYNTH
2026-04-21 14:01:30.724Z,0.7948,294,SYNTH
2026-04-21 14:01:31.097Z,0.7938,363,SYNTH
2026-04-21 14:01:32.275Z,0.7937,374,SYNTH
2026-04-21 14:01:33.486Z,0.7929,296,SYNTH
2026-04-21 14:01:34.396Z,0.7929,167,SYNTH
2026-04-21 14:01:35.444Z,0.7924,162,SYNTH
2026-04-21 14:01:36.249Z,0.7919,191,SYNTH
2026-04-21 14:01:37.609Z,0.7916,886,SYNTH
2026-04-21 14:01:38.813Z,0.7914,866,SYNTH
2026-04-21 14:01:39.787Z,0.7923,618,SYNTH
2026-04-21 14:01:40.745Z,0.7931,765,SYNTH
2026-04-21 14:01:41.608Z,0.7931,375,SYNTH
2026-04-21 14:01:42.686Z,0.7932,240,SYNTH
2026-04-21 14:01:43.660Z,0.7933,196,SYNTH
2026-04-21 14:01:44.442Z,0.7937,186,SYNTH
2026-04-21 14:01:45.753Z,0.7928,350,SYNTH
2026-04-21 14:01:46.538Z,0.7935,330,SYNTH
2026-04-21 14:01:47.786Z,0.7938,526,SYNTH
2026-04-21 14:01:48.889Z,0.7932,387,SYNTH
2026-04-21 14:01:49.654Z,0.7942,423,SYNTH
2026-04-21 14:01:50.048Z,0.7945,478,SYNTH
2026-04-21 14:01:51.287Z,0.7934,275,SYNTH
2026-04-21 14:01:52.078Z,0.7948,276,SYNTH
2026-04-21 14:01:53.580Z,0.7953,281,SYNTH
2026-04-21 14:01:54.544Z,0.7950,367,SYNTH
2026-04-21 14:01:55.732Z,0.7954,269,SYNTH
2026-04-21 14:01:56.089Z,0.7959,393,SYNTH
2026-04-21 14:01:57.654Z,0.7942,338,SYNTH
2026-04-21 14:01:58.128Z,0.7960,448,SYNTH
2026-04-21 14:01:59.263Z,0.7957,272,SYNTH
2026-04-21 14:02:00.605Z,0.7959,794,SYNTH
2026-04-21 14:02:01.568Z,0.7958,492,SYNTH
2026-04-21 14:02:02.118Z,0.7940,711,SYNTH
2026-04-21 14:02:03.427Z,0.7956,896,SYNTH
2026-04-21 14:02:04.541Z,0.7954,883,SYNTH
2026-04-21 14:02:05.465Z,0.7941,985,SYNTH
2026-04-21 14:02:06.855Z,0.7961,544,SYNTH
2026-04-21 14:02:07.294Z,0.7943,763,SYNTH
2026-04-21 14:02:08.849Z,0.7957,400,SYNTH
2026-04-21 14:02:09.022Z,0.7958,390,SYNTH
2026-04-21 14:02:10.537Z,0.7960,513,SYNTH
2026-04-21 14:02:11.127Z,0.7946,1244,SYNTH
2026-04-21 14:02:12.838Z,0.7950,1704,SYNTH
2026-04-21 14:02:13.012Z,0.7958,1679,SYNTH
2026-04-21 14:02:14.498Z,0.7953,728,SYNTH
2026-04-21 14:02:15.687Z,0.7959,729,SYNTH
2026-04-21 14:02:16.665Z,0.7948,729,SYNTH
2026-04-21 14:02:17.241Z,0.7947,1293,SYNTH
2026-04-21 14:02:18.506Z,0.7951,1395,SYNTH
2026-04-21 14:02:19.427Z,0.7953,1226,SYNTH
2026-04-21 14:02:20.380Z,0.7940,495,SYNTH
2026-04-21 14:02:21.338Z,0.7944,624,SYNTH
2026-04-21 14:02:22.316Z,0.7939,485,SYNTH
2026-04-21 14:02:23.411Z,0.7934,493,SYNTH
2026-04-21 14:02:24.388Z,0.7923,685,SYNTH
2026-04-21 14:02:25.375Z,0.7916,377,SYNTH
2026-04-21 14:02:26.784Z,0.7912,354,SYNTH
2026-04-21 14:02:27.442Z,0.7908,577,SYNTH
2026-04-21 14:02:28.045Z,0.7895,534,SYNTH
2026-04-21 14:02:29.049Z,0.7889,667,SYNTH
2026-04-21 14:02:30.189Z,0.7884,371,SYNTH
2026-04-21 14:02:31.384Z,0.7873,597,SYNTH
2026-04-21 14:02:32.643Z,0.7880,322,SYNTH
2026-04-21 14:02:33.175Z,0.7869,402,SYNTH
2026-04-21 14:02:34.248Z,0.7869,448,SYNTH
2026-04-21 14:02:35.581Z,0.7863,451,SYNTH
2026-04-21 14:02:36.239Z,0.7849,666,SYNTH
2026-04-21 14:02:37.498Z,0.7854,1681,SYNTH
2026-04-21 14:02:38.496Z,0.7865,764,SYNTH
2026-04-21 14:02:39.468Z,0.7849,1570,SYNTH
2026-04-21 14:02:40.709Z,0.7863,1120,SYNTH
2026-04-21 14:02:41.714Z,0.7861,763,SYNTH
2026-04-21 14:02:42.190Z,0.7870,363,SYNTH
2026-04-21 14:02:43.682Z,0.7870,717,SYNTH
2026-04-21 14:02:44.529Z,0.7873,564,SYNTH
2026-04-21 14:02:45.076Z,0.7872,1071,SYNTH
2026-04-21 14:02:46.611Z,0.7878,862,SYNTH
2026-04-21 14:02:47.264Z,0.7876,947,SYNTH
2026-04-21 14:02:48.434Z,0.7863,543,SYNTH
2026-04-21 14:02:49.739Z,0.7872,851,SYNTH
2026-04-21 14:02:50.332Z,0.7864,784,SYNTH
2026-04-21 14:02:51.839Z,0.7876,741,SYNTH
2026-04-21 14:02:52.066Z,0.7876,865,SYNTH
2026-04-21 14:02:53.314Z,0.7869,942,SYNTH
2026-04-21 14:02:54.262Z,0.7879,720,SYNTH
2026-04-21 14:02:55.354Z,0.7873,842,SYNTH
2026-04-21 14:02:56.445Z,0.7878,893,SYNTH
2026-04-21 14:02:57.431Z,0.7879,462,SYNTH
2026-04-21 14:02:58.452Z,0.7865,743,SYNTH
2026-04-21 14:02:59.560Z,0.7879,1026,SYNTH
2026-04-21 14:03:00.258Z,0.7885,618,SYNTH
2026-04-21 14:03:01.774Z,0.7879,566,SYNTH
2026-04-21 14:03:02.060Z,0.7872,392,SYNTH
2026-04-21 14:03:03.718Z,0.7883,310,SYNTH
2026-04-21 14:03:04.108Z,0.7867,486,SYNTH
2026-04-21 14:03:05.718Z,0.7887,292,SYNTH
2026-04-21 14:03:06.156Z,0.7874,546,SYNTH
2026-04-21 14:03:07.764Z,0.7884,520,SYNTH
2026-04-21 14:03:08.493Z,0.7883,361,SYNTH
2026-04-21 14:03:09.063Z,0.7869,315,SYNTH
2026-04-21 14:03:10.132Z,0.7867,476,SYNTH
2026-04-21 14:03:11.182Z,0.7880,537,SYNTH
2026-04-21 14:03:12.600Z,0.7864,575,SYNTH
2026-04-21 14:03:13.054Z,0.7881,579,SYNTH
2026-04-21 14:03:14.563Z,0.7867,409,SYNTH
2026-04-21 14:03:15.575Z,0.7886,226,SYNTH
2026-04-21 14:03:16.770Z,0.7882,442,SYNTH
2026-04-21 14:03:17.113Z,0.7880,579,SYNTH
2026-04-21 14:03:18.202Z,0.7879,742,SYNTH
2026-04-21 14:03:19.099Z,0.7881,527,SYNTH
2026-04-21 14:03:20.030Z,0.7876,356,SYNTH
2026-04-21 14:03:21.441Z,0.7886,226,SYNTH
2026-04-21 14:03:22.644Z,0.7890,276,SYNTH
2026-04-21 14:03:23.676Z,0.7900,218,SYNTH
2026-04-21 14:03:24.191Z,0.7905,317,SYNTH
2026-04-21 14:03:25.668Z,0.7905,388,SYNTH
2026-04-21 14:03:26.536Z,0.7918,302,SYNTH
2026-04-21 14:03:27.078Z,0.7924,183,SYNTH
2026-04-21 14:03:28.865Z,0.7923,191,SYNTH
2026-04-21 14:03:29.540Z,0.7934,373,SYNTH
2026-04-21 14:03:30.885Z,0.7940,185,SYNTH
2026-04-21 14:03:31.349Z,0.7950,266,SYNTH
2026-04-21 14:03:32.011Z,0.7952,285,SYNTH
2026-04-21 14:03:33.084Z,0.7965,341,SYNTH
2026-04-21 14:03:34.873Z,0.7961,401,SYNTH
2026-04-21 14:03:35.230Z,0.7969,243,SYNTH
2026-04-21 14:03:36.281Z,0.7971,282,SYNTH
2026-04-21 14:03:37.050Z,0.7973,985,SYNTH
2026-04-21 14:03:38.142Z,0.7980,658,SYNTH
2026-04-21 14:03:39.612Z,0.7981,1040,SYNTH
2026-04-21 14:03:40.240Z,0.7965,754,SYNTH
2026-04-21 14:03:41.179Z,0.7966,359,SYNTH
2026-04-21 14:03:42.184Z,0.7961,422,SYNTH
2026-04-21 14:03:43.641Z,0.7956,325,SYNTH
2026-04-21 14:03:44.849Z,0.7974,244,SYNTH
2026-04-21 14:03:45.898Z,0.7959,466,SYNTH
2026-04-21 14:03:46.777Z,0.7967,440,SYNTH
2026-04-21 14:03:47.028Z,0.7963,604,SYNTH
2026-04-21 14:03:48.353Z,0.7974,462,SYNTH
2026-04-21 14:03:49.343Z,0.7956,405,SYNTH
2026-04-21 14:03:50.468Z,0.7970,287,SYNTH
2026-04-21 14:03:51.192Z,0.7968,506,SYNTH
2026-04-21 14:03:52.150Z,0.7957,228,SYNTH
2026-04-21 14:03:53.545Z,0.7956,357,SYNTH
2026-04-21 14:03:54.138Z,0.7973,240,SYNTH
2026-04-21 14:03:55.841Z,0.7977,373,SYNTH
2026-04-21 14:03:56.062Z,0.7971,276,SYNTH
2026-04-21 14:03:57.194Z,0.7973,263,SYNTH
2026-04-21 14:03:58.879Z,0.7967,585,SYNTH
2026-04-21 14:03:59.038Z,0.7973,341,SYNTH
2026-04-21 14:04:00.202Z,0.7949,139,SYNTH
2026-04-21 14:04:01.328Z,0.7950,158,SYNTH
2026-04-21 14:04:02.176Z,0.7956,92,SYNTH
2026-04-21 14:04:03.199Z,0.7958,149,SYNTH
2026-04-21 14:04:04.516Z,0.7957,137,SYNTH
2026-04-21 14:04:05.359Z,0.7963,99,SYNTH
2026-04-21 14:04:06.267Z,0.7955,72,SYNTH
2026-04-21 14:04:07.372Z,0.7966,67,SYNTH
2026-04-21 14:04:08.607Z,0.7971,133,SYNTH
2026-04-21 14:04:09.486Z,0.7969,145,SYNTH
2026-04-21 14:04:10.231Z,0.7976,152,SYNTH
2026-04-21 14:04:11.384Z,0.7981,157,SYNTH
2026-04-21 14:04:12.482Z,0.7961,238,SYNTH
2026-04-21 14:04:13.465Z,0.7978,359,SYNTH
2026-04-21 14:04:14.123Z,0.7966,123,SYNTH
2026-04-21 14:04:15.056Z,0.7971,71,SYNTH
2026-04-21 14:04:16.265Z,0.7974,129,SYNTH
2026-04-21 14:04:17.679Z,0.7956,227,SYNTH
2026-04-21 14:04:18.449Z,0.7968,175,SYNTH
2026-04-21 14:04:19.731Z,0.7970,213,SYNTH
2026-04-21 14:04:20.856Z,0.7963,81,SYNTH
2026-04-21 14:04:21.147Z,0.7956,53,SYNTH
2026-04-21 14:04:22.875Z,0.7950,108,SYNTH
2026-04-21 14:04:23.518Z,0.7950,125,SYNTH
2026-04-21 14:04:24.563Z,0.7941,76,SYNTH
2026-04-21 14:04:25.597Z,0.7941,123,SYNTH
2026-04-21 14:04:26.607Z,0.7941,118,SYNTH
2026-04-21 14:04:27.419Z,0.7930,100,SYNTH
2026-04-21 14:04:28.098Z,0.7925,52,SYNTH
2026-04-21 14:04:29.784Z,0.7921,70,SYNTH
2026-04-21 14:04:30.604Z,0.7918,107,SYNTH
2026-04-21 14:04:31.811Z,0.7916,102,SYNTH
2026-04-21 14:04:32.613Z,0.7909,58,SYNTH
2026-04-21 14:04:33.423Z,0.7900,123,SYNTH
2026-04-21 14:04:34.781Z,0.7905,61,SYNTH
2026-04-21 14:04:35.058Z,0.7896,52,SYNTH
2026-04-21 14:04:36.808Z,0.7896,109,SYNTH
2026-04-21 14:04:37.176Z,0.7892,278,SYNTH
2026-04-21 14:04:38.155Z,0.7888,281,SYNTH
2026-04-21 14:04:39.492Z,0.7908,327,SYNTH
2026-04-21 14:04:40.398Z,0.7905,173,SYNTH
2026-04-21 14:04:41.079Z,0.7907,102,SYNTH
2026-04-21 14:04:42.496Z,0.7906,82,SYNTH
2026-04-21 14:04:43.633Z,0.7916,98,SYNTH
2026-04-21 14:04:44.589Z,0.7910,137,SYNTH
2026-04-21 14:04:45.103Z,0.7917,214,SYNTH
2026-04-21 14:04:46.847Z,0.7909,97,SYNTH
2026-04-21 14:04:47.012Z,0.7904,175,SYNTH
2026-04-21 14:04:48.334Z,0.7920,136,SYNTH
2026-04-21 14:04:49.247Z,0.7906,97,SYNTH
2026-04-21 14:04:50.719Z,0.7920,136,SYNTH
2026-04-21 14:04:51.296Z,0.7916,143,SYNTH
2026-04-21 14:04:52.733Z,0.7908,156,SYNTH
2026-04-21 14:04:53.652Z,0.7917,162,SYNTH
2026-04-21 14:04:54.249Z,0.7926,119,SYNTH
2026-04-21 14:04:55.584Z,0.7924,137,SYNTH
2026-04-21 14:04:56.869Z,0.7929,131,SYNTH
2026-04-21 14:04:57.857Z,0.7927,163,SYNTH
2026-04-21 14:04:58.711Z,0.7928,85,SYNTH
2026-04-21 14:04:59.116Z,0.7918,103,SYNTH
2026-04-21 14:05:00.387Z,0.7906,663,SYNTH
2026-04-21 14:05:01.343Z,0.7891,568,SYNTH
2026-04-21 14:05:02.252Z,0.7905,817,SYNTH
2026-04-21 14:05:03.122Z,0.7899,463,SYNTH
2026-04-21 14:05:04.050Z,0.7907,555,SYNTH
2026-04-21 14:05:05.295Z,0.7905,809,SYNTH
2026-04-21 14:05:06.102Z,0.7911,503,SYNTH
2026-04-21 14:05:07.540Z,0.7912,808,SYNTH
2026-04-21 14:05:08.270Z,0.7896,819,SYNTH
2026-04-21 14:05:09.109Z,0.7908,619,SYNTH
2026-04-21 14:05:10.309Z,0.7897,582,SYNTH
2026-04-21 14:05:11.614Z,0.7895,836,SYNTH
2026-04-21 14:05:12.313Z,0.7904,862,SYNTH
2026-04-21 14:05:13.293Z,0.7906,1208,SYNTH
2026-04-21 14:05:14.676Z,0.7893,462,SYNTH
2026-04-21 14:05:15.462Z,0.7905,367,SYNTH
2026-04-21 14:05:16.135Z,0.7897,1087,SYNTH
2026-04-21 14:05:17.712Z,0.7906,1051,SYNTH
2026-04-21 14:05:18.189Z,0.7888,655,SYNTH
2026-04-21 14:05:19.680Z,0.7901,1152,SYNTH
2026-04-21 14:05:20.293Z,0.7909,557,SYNTH
2026-04-21 14:05:21.195Z,0.7890,456,SYNTH
2026-04-21 14:05:22.559Z,0.7895,620,SYNTH
2026-04-21 14:05:23.182Z,0.7888,512,SYNTH
2026-04-21 14:05:24.847Z,0.7898,582,SYNTH
2026-04-21 14:05:25.403Z,0.7886,406,SYNTH
2026-04-21 14:05:26.243Z,0.7885,449,SYNTH
2026-04-21 14:05:27.680Z,0.7878,590,SYNTH
2026-04-21 14:05:28.064Z,0.7876,515,SYNTH
2026-04-21 14:05:29.632Z,0.7873,508,SYNTH
2026-04-21 14:05:30.329Z,0.7869,327,SYNTH
2026-04-21 14:05:31.179Z,0.7865,595,SYNTH
2026-04-21 14:05:32.170Z,0.7867,638,SYNTH
2026-04-21 14:05:33.770Z,0.7880,467,SYNTH
2026-04-21 14:05:34.896Z,0.7863,300,SYNTH
2026-04-21 14:05:35.706Z,0.7857,586,SYNTH
2026-04-21 14:05:36.429Z,0.7856,297,SYNTH
2026-04-21 14:05:37.509Z,0.7867,1436,SYNTH
2026-04-21 14:05:38.670Z,0.7855,830,SYNTH
2026-04-21 14:05:39.640Z,0.7870,985,SYNTH
2026-04-21 14:05:40.026Z,0.7857,1138,SYNTH
2026-04-21 14:05:41.885Z,0.7866,390,SYNTH
2026-04-21 14:05:42.493Z,0.7855,639,SYNTH
2026-04-21 14:05:43.879Z,0.7873,714,SYNTH
2026-04-21 14:05:44.761Z,0.7876,385,SYNTH
2026-04-21 14:05:45.296Z,0.7871,831,SYNTH
2026-04-21 14:05:46.463Z,0.7862,1033,SYNTH
2026-04-21 14:05:47.663Z,0.7877,584,SYNTH
2026-04-21 14:05:48.545Z,0.7861,501,SYNTH
2026-04-21 14:05:49.541Z,0.7874,404,SYNTH
2026-04-21 14:05:50.694Z,0.7865,502,SYNTH
2026-04-21 14:05:51.576Z,0.7872,485,SYNTH
2026-04-21 14:05:52.219Z,0.7872,574,SYNTH
2026-04-21 14:05:53.417Z,0.7862,873,SYNTH
2026-04-21 14:05:54.114Z,0.7862,543,SYNTH
2026-04-21 14:05:55.091Z,0.7877,759,SYNTH
2026-04-21 14:05:56.739Z,0.7861,867,SYNTH
2026-04-21 14:05:57.021Z,0.7877,870,SYNTH
2026-04-21 14:05:58.264Z,0.7881,992,SYNTH
2026-04-21 14:05:59.828Z,0.7862,506,SYNTH
2026-04-21 14:06:00.655Z,0.7872,917,SYNTH
2026-04-21 14:06:01.873Z,0.7866,802,SYNTH
2026-04-21 14:06:02.830Z,0.7866,941,SYNTH
2026-04-21 14:06:03.512Z,0.7863,802,SYNTH
2026-04-21 14:06:04.762Z,0.7864,561,SYNTH
2026-04-21 14:06:05.280Z,0.7873,832,SYNTH
2026-04-21 14:06:06.738Z,0.7876,828,SYNTH
2026-04-21 14:06:07.272Z,0.7863,370,SYNTH
2026-04-21 14:06:08.377Z,0.7877,436,SYNTH
2026-04-21 14:06:09.090Z,0.7878,542,SYNTH
2026-04-21 14:06:10.335Z,0.7869,335,SYNTH
2026-04-21 14:06:11.768Z,0.7877,1056,SYNTH
2026-04-21 14:06:12.383Z,0.7879,994,SYNTH
2026-04-21 14:06:13.798Z,0.7873,1697,SYNTH
2026-04-21 14:06:14.572Z,0.7862,508,SYNTH
2026-04-21 14:06:15.766Z,0.7865,423,SYNTH
2026-04-21 14:06:16.728Z,0.7871,1198,SYNTH
2026-04-21 14:06:17.200Z,0.7877,920,SYNTH
2026-04-21 14:06:18.584Z,0.7857,1042,SYNTH
2026-04-21 14:06:19.516Z,0.7861,815,SYNTH
2026-04-21 14:06:20.446Z,0.7868,607,SYNTH
2026-04-21 14:06:21.521Z,0.7875,446,SYNTH
2026-04-21 14:06:22.817Z,0.7874,617,SYNTH
2026-04-21 14:06:23.543Z,0.7857,352,SYNTH
2026-04-21 14:06:24.655Z,0.7857,423,SYNTH
2026-04-21 14:06:25.451Z,0.7871,565,SYNTH
2026-04-21 14:06:26.110Z,0.7860,465,SYNTH
2026-04-21 14:06:27.677Z,0.7857,518,SYNTH
2026-04-21 14:06:28.824Z,0.7859,534,SYNTH
2026-04-21 14:06:29.870Z,0.7874,619,SYNTH
2026-04-21 14:06:30.135Z,0.7859,320,SYNTH
2026-04-21 14:06:31.829Z,0.7858,541,SYNTH
2026-04-21 14:06:32.899Z,0.7864,306,SYNTH
2026-04-21 14:06:33.794Z,0.7863,288,SYNTH
2026-04-21 14:06:34.720Z,0.7850,475,SYNTH
2026-04-21 14:06:35.471Z,0.7848,291,SYNTH
2026-04-21 14:06:36.712Z,0.7863,486,SYNTH
2026-04-21 14:06:37.714Z,0.7848,1210,SYNTH
2026-04-21 14:06:38.578Z,0.7865,1210,SYNTH
2026-04-21 14:06:39.300Z,0.7866,1364,SYNTH
2026-04-21 14:06:40.178Z,0.7852,1607,SYNTH
2026-04-21 14:06:41.155Z,0.7864,575,SYNTH
2026-04-21 14:06:42.799Z,0.7862,342,SYNTH
2026-04-21 14:06:43.076Z,0.7869,367,SYNTH
2026-04-21 14:06:44.405Z,0.7865,565,SYNTH
2026-04-21 14:06:45.365Z,0.7854,590,SYNTH
2026-04-21 14:06:46.857Z,0.7861,804,SYNTH
2026-04-21 14:06:47.654Z,0.7860,458,SYNTH
2026-04-21 14:06:48.602Z,0.7866,407,SYNTH
2026-04-21 14:06:49.827Z,0.7853,338,SYNTH
2026-04-21 14:06:50.529Z,0.7866,746,SYNTH
2026-04-21 14:06:51.849Z,0.7851,733,SYNTH
2026-04-21 14:06:52.070Z,0.7866,403,SYNTH
2026-04-21 14:06:53.131Z,0.7867,838,SYNTH
2026-04-21 14:06:54.644Z,0.7855,623,SYNTH
2026-04-21 14:06:55.527Z,0.7867,756,SYNTH
2026-04-21 14:06:56.592Z,0.7867,633,SYNTH
2026-04-21 14:06:57.476Z,0.7859,936,SYNTH
2026-04-21 14:06:58.107Z,0.7867,712,SYNTH
2026-04-21 14:06:59.579Z,0.7855,632,SYNTH
2026-04-21 14:07:00.836Z,0.7864,84,SYNTH
2026-04-21 14:07:01.867Z,0.7868,135,SYNTH
2026-04-21 14:07:02.490Z,0.7857,139,SYNTH
2026-04-21 14:07:03.804Z,0.7868,99,SYNTH
2026-04-21 14:07:04.582Z,0.7864,104,SYNTH
2026-04-21 14:07:05.484Z,0.7851,118,SYNTH
2026-04-21 14:07:06.831Z,0.7863,84,SYNTH
2026-04-21 14:07:07.761Z,0.7865,118,SYNTH
2026-04-21 14:07:08.829Z,0.7872,125,SYNTH
2026-04-21 14:07:09.195Z,0.7869,63,SYNTH
2026-04-21 14:07:10.261Z,0.7868,91,SYNTH
2026-04-21 14:07:11.342Z,0.7853,215,SYNTH
2026-04-21 14:07:12.560Z,0.7873,164,SYNTH
2026-04-21 14:07:13.817Z,0.7861,252,SYNTH
2026-04-21 14:07:14.390Z,0.7868,78,SYNTH
2026-04-21 14:07:15.414Z,0.7873,93,SYNTH
2026-04-21 14:07:16.529Z,0.7860,120,SYNTH
2026-04-21 14:07:17.678Z,0.7867,163,SYNTH
2026-04-21 14:07:18.705Z,0.7873,154,SYNTH
2026-04-21 14:07:19.265Z,0.7852,84,SYNTH
2026-04-21 14:07:20.704Z,0.7863,98,SYNTH
2026-04-21 14:07:21.339Z,0.7872,45,SYNTH
2026-04-21 14:07:22.266Z,0.7864,61,SYNTH
2026-04-21 14:07:23.390Z,0.7856,95,SYNTH
2026-04-21 14:07:24.851Z,0.7870,91,SYNTH
2026-04-21 14:07:25.310Z,0.7867,40,SYNTH
2026-04-21 14:07:26.094Z,0.7871,73,SYNTH
2026-04-21 14:07:27.187Z,0.7853,56,SYNTH
2026-04-21 14:07:28.247Z,0.7857,94,SYNTH
2026-04-21 14:07:29.704Z,0.7867,93,SYNTH
2026-04-21 14:07:30.864Z,0.7857,79,SYNTH
2026-04-21 14:07:31.347Z,0.7867,70,SYNTH
2026-04-21 14:07:32.882Z,0.7866,54,SYNTH
2026-04-21 14:07:33.055Z,0.7866,46,SYNTH
2026-04-21 14:07:34.634Z,0.7852,48,SYNTH
2026-04-21 14:07:35.844Z,0.7867,78,SYNTH
2026-04-21 14:07:36.246Z,0.7848,94,SYNTH
2026-04-21 14:07:37.628Z,0.7859,104,SYNTH
2026-04-21 14:07:38.490Z,0.7863,119,SYNTH
2026-04-21 14:07:39.263Z,0.7853,206,SYNTH
2026-04-21 14:07:40.733Z,0.7870,220,SYNTH
2026-04-21 14:07:41.863Z,0.7861,48,SYNTH
2026-04-21 14:07:42.222Z,0.7849,81,SYNTH
2026-04-21 14:07:43.682Z,0.7866,49,SYNTH
2026-04-21 14:07:44.411Z,0.7853,47,SYNTH
2026-04-21 14:07:45.187Z,0.7858,78,SYNTH
2026-04-21 14:07:46.811Z,0.7864,152,SYNTH
2026-04-21 14:07:47.320Z,0.7850,116,SYNTH
2026-04-21 14:07:48.726Z,0.7866,113,SYNTH
2026-04-21 14:07:49.071Z,0.7859,59,SYNTH
2026-04-21 14:07:50.632Z,0.7865,127,SYNTH
2026-04-21 14:07:51.029Z,0.7870,99,SYNTH
2026-04-21 14:07:52.134Z,0.7868,131,SYNTH
2026-04-21 14:07:53.820Z,0.7856,107,SYNTH
2026-04-21 14:07:54.736Z,0.7864,100,SYNTH
2026-04-21 14:07:55.695Z,0.7853,117,SYNTH
2026-04-21 14:07:56.465Z,0.7864,107,SYNTH
2026-04-21 14:07:57.738Z,0.7856,141,SYNTH
2026-04-21 14:07:58.598Z,0.7868,146,SYNTH
2026-04-21 14:07:59.411Z,0.7850,83,SYNTH
2026-04-21 14:08:00.328Z,0.7860,569,SYNTH
2026-04-21 14:08:01.036Z,0.7856,671,SYNTH
2026-04-21 14:08:02.758Z,0.7848,449,SYNTH
2026-04-21 14:08:03.057Z,0.7859,489,SYNTH
2026-04-21 14:08:04.832Z,0.7848,481,SYNTH
2026-04-21 14:08:05.268Z,0.7861,451,SYNTH
2026-04-21 14:08:06.486Z,0.7856,552,SYNTH
2026-04-21 14:08:07.569Z,0.7849,822,SYNTH
2026-04-21 14:08:08.717Z,0.7852,794,SYNTH
2026-04-21 14:08:09.750Z,0.7844,633,SYNTH
2026-04-21 14:08:10.443Z,0.7849,355,SYNTH
2026-04-21 14:08:11.321Z,0.7858,826,SYNTH
2026-04-21 14:08:12.867Z,0.7859,1513,SYNTH
2026-04-21 14:08:13.538Z,0.7856,1757,SYNTH
2026-04-21 14:08:14.211Z,0.7856,342,SYNTH
2026-04-21 14:08:15.109Z,0.7849,326,SYNTH
2026-04-21 14:08:16.883Z,0.7860,700,SYNTH
2026-04-21 14:08:17.693Z,0.7859,518,SYNTH
2026-04-21 14:08:18.759Z,0.7848,1173,SYNTH
2026-04-21 14:08:19.242Z,0.7854,1139,SYNTH
2026-04-21 14:08:20.615Z,0.7862,390,SYNTH
2026-04-21 14:08:21.252Z,0.7857,432,SYNTH
2026-04-21 14:08:22.385Z,0.7861,560,SYNTH
2026-04-21 14:08:23.471Z,0.7860,603,SYNTH
2026-04-21 14:08:24.516Z,0.7849,262,SYNTH
2026-04-21 14:08:25.324Z,0.7857,537,SYNTH
2026-04-21 14:08:26.454Z,0.7854,319,SYNTH
2026-04-21 14:08:27.504Z,0.7846,496,SYNTH
2026-04-21 14:08:28.836Z,0.7857,504,SYNTH
2026-04-21 14:08:29.768Z,0.7850,263,SYNTH
2026-04-21 14:08:30.358Z,0.7859,601,SYNTH
2026-04-21 14:08:31.579Z,0.7858,338,SYNTH
2026-04-21 14:08:32.679Z,0.7857,369,SYNTH
2026-04-21 14:08:33.070Z,0.7868,607,SYNTH
2026-04-21 14:08:34.747Z,0.7865,530,SYNTH
2026-04-21 14:08:35.695Z,0.7866,563,SYNTH
2026-04-21 14:08:36.757Z,0.7855,436,SYNTH
2026-04-21 14:08:37.189Z,0.7859,1252,SYNTH
2026-04-21 14:08:38.502Z,0.7848,1454,SYNTH
2026-04-21 14:08:39.543Z,0.7861,760,SYNTH
2026-04-21 14:08:40.109Z,0.7867,1167,SYNTH
2026-04-21 14:08:41.234Z,0.7864,649,SYNTH
2026-04-21 14:08:42.009Z,0.7850,445,SYNTH
2026-04-21 14:08:43.279Z,0.7863,346,SYNTH
2026-04-21 14:08:44.222Z,0.7848,324,SYNTH
2026-04-21 14:08:45.005Z,0.7862,836,SYNTH
2026-04-21 14:08:46.090Z,0.7851,775,SYNTH
2026-04-21 14:08:47.179Z,0.7859,899,SYNTH
2026-04-21 14:08:48.803Z,0.7851,583,SYNTH
2026-04-21 14:08:49.367Z,0.7864,642,SYNTH
2026-04-21 14:08:50.208Z,0.7861,481,SYNTH
2026-04-21 14:08:51.255Z,0.7864,425,SYNTH
2026-04-21 14:08:52.328Z,0.7853,599,SYNTH
2026-04-21 14:08:53.081Z,0.7853,548,SYNTH
2026-04-21 14:08:54.841Z,0.7865,401,SYNTH
2026-04-21 14:08:55.236Z,0.7853,730,SYNTH
2026-04-21 14:08:56.190Z,0.7864,480,SYNTH
2026-04-21 14:08:57.052Z,0.7866,547,SYNTH
2026-04-21 14:08:58.612Z,0.7868,914,SYNTH
2026-04-21 14:08:59.038Z,0.7857,830,SYNTH
2026-04-21 14:09:00.067Z,0.7865,382,SYNTH
2026-04-21 14:09:01.242Z,0.7864,436,SYNTH
2026-04-21 14:09:02.135Z,0.7864,263,SYNTH
2026-04-21 14:09:03.173Z,0.7863,314,SYNTH
2026-04-21 14:09:04.102Z,0.7851,388,SYNTH
2026-04-21 14:09:05.842Z,0.7865,362,SYNTH
2026-04-21 14:09:06.810Z,0.7858,373,SYNTH
2026-04-21 14:09:07.639Z,0.7849,200,SYNTH
2026-04-21 14:09:08.262Z,0.7847,274,SYNTH
2026-04-21 14:09:09.859Z,0.7867,252,SYNTH
2026-04-21 14:09:10.490Z,0.7860,330,SYNTH
2026-04-21 14:09:11.889Z,0.7863,535,SYNTH
2026-04-21 14:09:12.378Z,0.7865,645,SYNTH
2026-04-21 14:09:13.607Z,0.7868,546,SYNTH
2026-04-21 14:09:14.158Z,0.7865,306,SYNTH
2026-04-21 14:09:15.316Z,0.7850,299,SYNTH
2026-04-21 14:09:16.028Z,0.7861,391,SYNTH
2026-04-21 14:09:17.240Z,0.7854,273,SYNTH
2026-04-21 14:09:18.777Z,0.7849,576,SYNTH
2026-04-21 14:09:19.534Z,0.7868,373,SYNTH
2026-04-21 14:09:20.310Z,0.7864,253,SYNTH
2026-04-21 14:09:21.289Z,0.7861,170,SYNTH
2026-04-21 14:09:22.401Z,0.7866,215,SYNTH
2026-04-21 14:09:23.458Z,0.7865,208,SYNTH
2026-04-21 14:09:24.039Z,0.7878,141,SYNTH
2026-04-21 14:09:25.056Z,0.7871,161,SYNTH
2026-04-21 14:09:26.131Z,0.7875,141,SYNTH
2026-04-21 14:09:27.575Z,0.7882,200,SYNTH
2026-04-21 14:09:28.115Z,0.7886,254,SYNTH
2026-04-21 14:09:29.882Z,0.7880,200,SYNTH
2026-04-21 14:09:30.310Z,0.7885,255,SYNTH
2026-04-21 14:09:31.889Z,0.7898,215,SYNTH
2026-04-21 14:09:32.704Z,0.7898,257,SYNTH
2026-04-21 14:09:33.717Z,0.7885,155,SYNTH
2026-04-21 14:09:34.649Z,0.7899,291,SYNTH
2026-04-21 14:09:35.169Z,0.7900,211,SYNTH
