TimestampUtc,Bid,Ask,BidSize,AskSize,SpreadBps
2026-03-09 13:30:00.105Z,3.4347,3.4453,100,100,30.8
2026-03-09 13:30:01.682Z,3.4363,3.4445,100,100,23.8
2026-03-09 13:30:02.578Z,3.4360,3.4452,100,100,26.7
2026-03-09 13:30:03.587Z,3.4355,3.4457,100,100,29.6
2026-03-09 13:30:04.727Z,3.4360,3.4444,100,100,24.4
2026-03-09 13:30:05.436Z,3.4348,3.4446,100,100,28.5
2026-03-09 13:30:06.238Z,3.4353,3.4455,100,100,29.6
2026-03-09 13:30:07.537Z,3.4337,3.4457,100,100,34.9
2026-03-09 13:30:08.286Z,3.4348,3.4452,100,100,30.2
2026-03-09 13:30:09.003Z,3.4350,3.4438,100,100,25.6
2026-03-09 13:30:10.854Z,3.4348,3.4444,100,100,27.9
2026-03-09 13:30:11.063Z,3.4345,3.4467,100,100,35.5
2026-03-09 13:30:12.347Z,3.4362,3.4452,100,100,26.2
2026-03-09 13:30:13.150Z,3.4340,3.4450,100,100,32.0
2026-03-09 13:30:14.687Z,3.4352,3.4450,100,100,28.5
2026-03-09 13:30:15.223Z,3.4348,3.4462,100,100,33.1
2026-03-09 13:30:16.324Z,3.4339,3.4459,100,100,34.9
2026-03-09 13:30:17.800Z,3.4352,3.4462,100,100,32.0
2026-03-09 13:30:18.637Z,3.4337,3.4457,100,100,34.9
2026-03-09 13:30:19.049Z,3.4363,3.4453,100,100,26.2
2026-03-09 13:30:20.358Z,3.4340,3.4458,100,100,34.3
2026-03-09 13:30:21.508Z,3.4358,3.4442,100,100,24.4
2026-03-09 13:30:22.252Z,3.4348,3.4460,100,100,32.6
2026-03-09 13:30:23.438Z,3.4344,3.4446,100,100,29.7
2026-03-09 13:30:24.480Z,3.4352,3.4456,100,100,30.2
2026-03-09 13:30:25.803Z,3.4344,3.4456,100,100,32.6
2026-03-09 13:30:26.088Z,3.4344,3.4456,100,100,32.6
2026-03-09 13:30:27.500Z,3.4334,3.4456,100,100,35.5
2026-03-09 13:30:28.724Z,3.4353,3.4449,100,100,27.9
2026-03-09 13:30:29.854Z,3.4336,3.4452,100,100,33.7
2026-03-09 13:30:30.536Z,3.4354,3.4436,100,100,23.8
2026-03-09 13:30:31.837Z,3.4363,3.4449,100,100,25.0
2026-03-09 13:30:32.735Z,3.4355,3.4445,100,100,26.2
2026-03-09 13:30:33.428Z,3.4354,3.4442,100,100,25.6
2026-03-09 13:30:34.476Z,3.4361,3.4455,100,100,27.3
2026-03-09 13:30:35.187Z,3.4358,3.4456,100,100,28.5
2026-03-09 13:30:36.099Z,3.4346,3.4448,100,100,29.7
2026-03-09 13:30:37.057Z,3.4356,3.4452,100,100,27.9
2026-03-09 13:30:38.459Z,3.4350,3.4444,100,100,27.3
2026-03-09 13:30:39.538Z,3.4347,3.4439,100,100,26.7
2026-03-09 13:30:40.681Z,3.4344,3.4442,100,100,28.5
2026-03-09 13:30:41.301Z,3.4348,3.4444,100,100,27.9
2026-03-09 13:30:42.442Z,3.4343,3.4451,100,100,31.4
2026-03-09 13:30:43.360Z,3.4337,3.4453,100,100,33.7
2026-03-09 13:30:44.160Z,3.4364,3.4450,100,100,25.0
2026-03-09 13:30:45.215Z,3.4359,3.4443,100,100,24.4
2026-03-09 13:30:46.864Z,3.4360,3.4446,100,100,25.0
2026-03-09 13:30:47.589Z,3.4339,3.4447,100,100,31.4
2026-03-09 13:30:48.649Z,3.4364,3.4452,100,100,25.6
2026-03-09 13:30:49.760Z,3.4348,3.4466,100,100,34.3
2026-03-09 13:30:50.641Z,3.4336,3.4448,100,100,32.6
2026-03-09 13:30:51.655Z,3.4353,3.4447,100,100,27.3
2026-03-09 13:30:52.277Z,3.4358,3.4442,100,100,24.4
2026-03-09 13:30:53.305Z,3.4352,3.4458,100,100,30.8
2026-03-09 13:30:54.739Z,3.4334,3.4454,100,100,34.9
2026-03-09 13:30:55.127Z,3.4340,3.4460,100,100,34.9
2026-03-09 13:30:56.289Z,3.4365,3.4451,100,100,25.0
2026-03-09 13:30:57.334Z,3.4344,3.4460,100,100,33.7
2026-03-09 13:30:58.354Z,3.4344,3.4442,100,100,28.5
2026-03-09 13:30:59.571Z,3.4346,3.4454,100,100,31.4
2026-03-09 13:35:00.144Z,3.3996,3.4104,100,100,31.7
2026-03-09 13:35:01.075Z,3.3995,3.4099,100,100,30.5
2026-03-09 13:35:02.151Z,3.4002,3.4088,100,100,25.3
2026-03-09 13:35:03.403Z,3.4005,3.4109,100,100,30.5
2026-03-09 13:35:04.615Z,3.3989,3.4097,100,100,31.7
2026-03-09 13:35:05.458Z,3.4007,3.4103,100,100,28.2
2026-03-09 13:35:06.606Z,3.4007,3.4109,100,100,29.9
2026-03-09 13:35:07.481Z,3.3989,3.4101,100,100,32.9
2026-03-09 13:35:08.857Z,3.4007,3.4103,100,100,28.2
2026-03-09 13:35:09.597Z,3.4012,3.4098,100,100,25.3
2026-03-09 13:35:10.351Z,3.4005,3.4111,100,100,31.1
2026-03-09 13:35:11.559Z,3.4006,3.4094,100,100,25.8
2026-03-09 13:35:12.747Z,3.4001,3.4107,100,100,31.1
2026-03-09 13:35:13.568Z,3.3988,3.4104,100,100,34.1
2026-03-09 13:35:14.746Z,3.4002,3.4094,100,100,27.0
2026-03-09 13:35:15.363Z,3.4007,3.4097,100,100,26.4
2026-03-09 13:35:16.311Z,3.4001,3.4089,100,100,25.8
2026-03-09 13:35:17.036Z,3.3983,3.4103,100,100,35.2
2026-03-09 13:35:18.376Z,3.3989,3.4111,100,100,35.8
2026-03-09 13:35:19.339Z,3.4007,3.4101,100,100,27.6
2026-03-09 13:35:20.806Z,3.3988,3.4098,100,100,32.3
2026-03-09 13:35:21.087Z,3.3997,3.4091,100,100,27.6
2026-03-09 13:35:22.378Z,3.3997,3.4115,100,100,34.6
2026-03-09 13:35:23.635Z,3.4005,3.4093,100,100,25.8
2026-03-09 13:35:24.614Z,3.3988,3.4102,100,100,33.5
2026-03-09 13:35:25.810Z,3.3990,3.4108,100,100,34.7
2026-03-09 13:35:26.095Z,3.3992,3.4104,100,100,32.9
2026-03-09 13:35:27.682Z,3.4010,3.4096,100,100,25.3
2026-03-09 13:35:28.620Z,3.3991,3.4111,100,100,35.2
2026-03-09 13:35:29.564Z,3.3995,3.4091,100,100,28.2
2026-03-09 13:35:30.225Z,3.3998,3.4092,100,100,27.6
2026-03-09 13:35:31.095Z,3.3989,3.4101,100,100,32.9
2026-03-09 13:35:32.200Z,3.4005,3.4101,100,100,28.2
2026-03-09 13:35:33.562Z,3.4017,3.4099,100,100,24.1
2026-03-09 13:35:34.549Z,3.3990,3.4108,100,100,34.7
2026-03-09 13:35:35.657Z,3.4003,3.4091,100,100,25.8
2026-03-09 13:35:36.543Z,3.3996,3.4108,100,100,32.9
2026-03-09 13:35:37.699Z,3.3984,3.4104,100,100,35.2
2026-03-09 13:35:38.876Z,3.3999,3.4095,100,100,28.2
2026-03-09 13:35:39.346Z,3.3992,3.4092,100,100,29.4
2026-03-09 13:35:40.545Z,3.4011,3.4101,100,100,26.4
2026-03-09 13:35:41.390Z,3.4002,3.4090,100,100,25.8
2026-03-09 13:35:42.816Z,3.4001,3.4095,100,100,27.6
2026-03-09 13:35:43.458Z,3.4009,3.4095,100,100,25.3
2026-03-09 13:35:44.670Z,3.4004,3.4092,100,100,25.8
2026-03-09 13:35:45.206Z,3.3989,3.4097,100,100,31.7
2026-03-09 13:35:46.256Z,3.3999,3.4097,100,100,28.8
2026-03-09 13:35:47.458Z,3.4011,3.4103,100,100,27.0
2026-03-09 13:35:48.619Z,3.4001,3.4091,100,100,26.4
2026-03-09 13:35:49.560Z,3.4003,3.4113,100,100,32.3
2026-03-09 13:35:50.239Z,3.4010,3.4094,100,100,24.7
2026-03-09 13:35:51.399Z,3.3995,3.4093,100,100,28.8
2026-03-09 13:35:52.698Z,3.4005,3.4097,100,100,27.0
2026-03-09 13:35:53.465Z,3.3990,3.4110,100,100,35.2
2026-03-09 13:35:54.260Z,3.4002,3.4090,100,100,25.8
2026-03-09 13:35:55.568Z,3.4004,3.4096,100,100,27.0
2026-03-09 13:35:56.561Z,3.4004,3.4096,100,100,27.0
2026-03-09 13:35:57.226Z,3.4013,3.4095,100,100,24.1
2026-03-09 13:35:58.116Z,3.3994,3.4112,100,100,34.7
2026-03-09 13:35:59.438Z,3.4002,3.4098,100,100,28.2
2026-03-09 13:38:00.156Z,3.3656,3.3744,100,100,26.1
2026-03-09 13:38:01.067Z,3.3638,3.3756,100,100,35.0
2026-03-09 13:38:02.757Z,3.3639,3.3755,100,100,34.4
2026-03-09 13:38:03.028Z,3.3639,3.3747,100,100,32.1
2026-03-09 13:38:04.090Z,3.3648,3.3766,100,100,35.0
2026-03-09 13:38:05.555Z,3.3658,3.3754,100,100,28.5
2026-03-09 13:38:06.004Z,3.3647,3.3761,100,100,33.8
2026-03-09 13:38:07.312Z,3.3655,3.3741,100,100,25.5
2026-03-09 13:38:08.612Z,3.3640,3.3750,100,100,32.6
2026-03-09 13:38:09.141Z,3.3652,3.3762,100,100,32.6
2026-03-09 13:38:10.078Z,3.3649,3.3757,100,100,32.0
2026-03-09 13:38:11.371Z,3.3650,3.3752,100,100,30.3
2026-03-09 13:38:12.627Z,3.3664,3.3750,100,100,25.5
2026-03-09 13:38:13.031Z,3.3651,3.3749,100,100,29.1
2026-03-09 13:38:14.830Z,3.3648,3.3766,100,100,35.0
2026-03-09 13:38:15.358Z,3.3651,3.3743,100,100,27.3
2026-03-09 13:38:16.003Z,3.3637,3.3749,100,100,33.2
2026-03-09 13:38:17.328Z,3.3655,3.3751,100,100,28.5
2026-03-09 13:38:18.746Z,3.3647,3.3753,100,100,31.5
2026-03-09 13:38:19.541Z,3.3628,3.3746,100,100,35.0
2026-03-09 13:38:20.705Z,3.3612,3.3736,100,100,36.8
2026-03-09 13:38:21.204Z,3.3606,3.3706,100,100,29.7
2026-03-09 13:38:22.200Z,3.3552,3.3678,100,100,37.5
2026-03-09 13:38:23.873Z,3.3516,3.3650,100,100,39.9
2026-03-09 13:38:24.682Z,3.3497,3.3603,100,100,31.6
2026-03-09 13:38:25.294Z,3.3443,3.3551,100,100,32.2
2026-03-09 13:38:26.573Z,3.3392,3.3508,100,100,34.7
2026-03-09 13:38:27.079Z,3.3341,3.3457,100,100,34.7
2026-03-09 13:38:28.052Z,3.3287,3.3407,100,100,36.0
2026-03-09 13:38:29.201Z,3.3240,3.3370,100,100,39.0
2026-03-09 13:38:30.634Z,3.3180,3.3308,100,100,38.5
2026-03-09 13:38:31.468Z,3.3137,3.3271,100,100,40.4
2026-03-09 13:38:32.097Z,3.3101,3.3211,100,100,33.2
2026-03-09 13:38:33.805Z,3.3047,3.3189,100,100,42.9
2026-03-09 13:38:34.584Z,3.3037,3.3137,100,100,30.2
2026-03-09 13:38:35.348Z,3.2979,3.3103,100,100,37.5
2026-03-09 13:38:36.561Z,3.2965,3.3071,100,100,32.1
2026-03-09 13:38:37.153Z,3.2954,3.3054,100,100,30.3
2026-03-09 13:38:38.265Z,3.2942,3.3054,100,100,33.9
2026-03-09 13:38:39.743Z,3.2955,3.3037,100,100,24.9
2026-03-09 13:38:40.205Z,3.2955,3.3045,100,100,27.3
2026-03-09 13:38:41.477Z,3.2962,3.3082,100,100,36.3
2026-03-09 13:38:42.894Z,3.2976,3.3068,100,100,27.9
2026-03-09 13:38:43.670Z,3.2971,3.3099,100,100,38.7
2026-03-09 13:38:44.515Z,3.2992,3.3100,100,100,32.7
2026-03-09 13:38:45.850Z,3.3007,3.3119,100,100,33.9
2026-03-09 13:38:46.317Z,3.3012,3.3122,100,100,33.3
2026-03-09 13:38:47.361Z,3.3018,3.3112,100,100,28.4
2026-03-09 13:38:48.414Z,3.3015,3.3117,100,100,30.8
2026-03-09 13:38:49.877Z,3.3005,3.3113,100,100,32.7
2026-03-09 13:38:50.744Z,3.3023,3.3115,100,100,27.8
2026-03-09 13:38:51.588Z,3.3021,3.3133,100,100,33.9
2026-03-09 13:38:52.871Z,3.3025,3.3135,100,100,33.3
2026-03-09 13:38:53.246Z,3.3038,3.3126,100,100,26.6
2026-03-09 13:38:54.390Z,3.3043,3.3137,100,100,28.4
2026-03-09 13:38:55.028Z,3.3047,3.3141,100,100,28.4
2026-03-09 13:38:56.281Z,3.3029,3.3149,100,100,36.3
2026-03-09 13:38:57.149Z,3.3060,3.3150,100,100,27.2
2026-03-09 13:38:58.630Z,3.3049,3.3141,100,100,27.8
2026-03-09 13:38:59.671Z,3.3049,3.3151,100,100,30.8
2026-03-09 13:40:00.829Z,3.2753,3.2847,100,100,28.7
2026-03-09 13:40:01.055Z,3.2758,3.2854,100,100,29.3
2026-03-09 13:40:02.207Z,3.2743,3.2851,100,100,32.9
2026-03-09 13:40:03.078Z,3.2741,3.2861,100,100,36.6
2026-03-09 13:40:04.848Z,3.2742,3.2854,100,100,34.1
2026-03-09 13:40:05.336Z,3.2754,3.2850,100,100,29.3
2026-03-09 13:40:06.486Z,3.2749,3.2853,100,100,31.7
2026-03-09 13:40:07.344Z,3.2756,3.2852,100,100,29.3
2026-03-09 13:40:08.855Z,3.2742,3.2854,100,100,34.1
2026-03-09 13:40:09.081Z,3.2733,3.2853,100,100,36.6
2026-03-09 13:40:10.397Z,3.2758,3.2856,100,100,29.9
2026-03-09 13:40:11.163Z,3.2757,3.2841,100,100,25.6
2026-03-09 13:40:12.625Z,3.2747,3.2843,100,100,29.3
2026-03-09 13:40:13.593Z,3.2737,3.2847,100,100,33.5
2026-03-09 13:40:14.659Z,3.2751,3.2843,100,100,28.1
2026-03-09 13:40:15.204Z,3.2748,3.2840,100,100,28.1
2026-03-09 13:40:16.394Z,3.2754,3.2846,100,100,28.0
2026-03-09 13:40:17.218Z,3.2759,3.2843,100,100,25.6
2026-03-09 13:40:18.306Z,3.2742,3.2848,100,100,32.3
2026-03-09 13:40:19.553Z,3.2740,3.2856,100,100,35.4
2026-03-09 13:40:20.331Z,3.2747,3.2857,100,100,33.5
2026-03-09 13:40:21.193Z,3.2770,3.2856,100,100,26.2
2026-03-09 13:40:22.808Z,3.2762,3.2846,100,100,25.6
2026-03-09 13:40:23.397Z,3.2766,3.2858,100,100,28.0
2026-03-09 13:40:24.520Z,3.2761,3.2867,100,100,32.3
2026-03-09 13:40:25.130Z,3.2774,3.2874,100,100,30.5
2026-03-09 13:40:26.314Z,3.2779,3.2899,100,100,36.5
2026-03-09 13:40:27.686Z,3.2805,3.2893,100,100,26.8
2026-03-09 13:40:28.172Z,3.2804,3.2898,100,100,28.6
2026-03-09 13:40:29.304Z,3.2818,3.2908,100,100,27.4
2026-03-09 13:40:30.348Z,3.2820,3.2906,100,100,26.2
2026-03-09 13:40:31.663Z,3.2817,3.2931,100,100,34.7
2026-03-09 13:40:32.768Z,3.2819,3.2929,100,100,33.5
2026-03-09 13:40:33.092Z,3.2832,3.2936,100,100,31.6
2026-03-09 13:40:34.319Z,3.2828,3.2946,100,100,35.9
2026-03-09 13:40:35.224Z,3.2841,3.2947,100,100,32.2
2026-03-09 13:40:36.036Z,3.2849,3.2947,100,100,29.8
2026-03-09 13:40:37.197Z,3.2853,3.2957,100,100,31.6
2026-03-09 13:40:38.050Z,3.2844,3.2964,100,100,36.5
2026-03-09 13:40:39.404Z,3.2852,3.2946,100,100,28.6
2026-03-09 13:40:40.775Z,3.2849,3.2939,100,100,27.4
2026-03-09 13:40:41.439Z,3.2836,3.2956,100,100,36.5
2026-03-09 13:40:42.154Z,3.2846,3.2942,100,100,29.2
2026-03-09 13:40:43.422Z,3.2840,3.2930,100,100,27.4
2026-03-09 13:40:44.510Z,3.2811,3.2937,100,100,38.3
2026-03-09 13:40:45.322Z,3.2826,3.2934,100,100,32.8
2026-03-09 13:40:46.866Z,3.2823,3.2921,100,100,29.8
2026-03-09 13:40:47.742Z,3.2813,3.2923,100,100,33.5
2026-03-09 13:40:48.209Z,3.2808,3.2928,100,100,36.5
2026-03-09 13:40:49.608Z,3.2820,3.2902,100,100,25.0
2026-03-09 13:40:50.271Z,3.2816,3.2912,100,100,29.2
2026-03-09 13:40:51.799Z,3.2793,3.2911,100,100,35.9
2026-03-09 13:40:52.801Z,3.2793,3.2883,100,100,27.4
2026-03-09 13:40:53.717Z,3.2783,3.2881,100,100,29.8
2026-03-09 13:40:54.680Z,3.2763,3.2881,100,100,36.0
2026-03-09 13:40:55.531Z,3.2776,3.2864,100,100,26.8
2026-03-09 13:40:56.321Z,3.2755,3.2875,100,100,36.6
2026-03-09 13:40:57.527Z,3.2748,3.2848,100,100,30.5
2026-03-09 13:40:58.017Z,3.2751,3.2853,100,100,31.1
2026-03-09 13:40:59.118Z,3.2751,3.2849,100,100,29.9
2026-03-09 13:45:00.015Z,3.2745,3.2859,100,100,34.8
2026-03-09 13:45:01.114Z,3.2753,3.2851,100,100,29.9
2026-03-09 13:45:02.029Z,3.2744,3.2858,100,100,34.8
2026-03-09 13:45:03.275Z,3.2755,3.2849,100,100,28.7
2026-03-09 13:45:04.349Z,3.2748,3.2852,100,100,31.7
2026-03-09 13:45:05.771Z,3.2753,3.2843,100,100,27.4
2026-03-09 13:45:06.642Z,3.2750,3.2850,100,100,30.5
2026-03-09 13:45:07.792Z,3.2754,3.2858,100,100,31.7
2026-03-09 13:45:08.750Z,3.2764,3.2846,100,100,25.0
2026-03-09 13:45:09.873Z,3.2747,3.2841,100,100,28.7
2026-03-09 13:45:10.350Z,3.2751,3.2851,100,100,30.5
2026-03-09 13:45:11.385Z,3.2748,3.2844,100,100,29.3
2026-03-09 13:45:12.823Z,3.2743,3.2861,100,100,36.0
2026-03-09 13:45:13.521Z,3.2750,3.2870,100,100,36.6
2026-03-09 13:45:14.710Z,3.2748,3.2846,100,100,29.9
2026-03-09 13:45:15.330Z,3.2746,3.2864,100,100,36.0
2026-03-09 13:45:16.578Z,3.2739,3.2859,100,100,36.6
2026-03-09 13:45:17.279Z,3.2754,3.2844,100,100,27.4
2026-03-09 13:45:18.505Z,3.2742,3.2862,100,100,36.6
2026-03-09 13:45:19.867Z,3.2752,3.2858,100,100,32.3
2026-03-09 13:45:20.085Z,3.2753,3.2863,100,100,33.5
2026-03-09 13:45:21.099Z,3.2741,3.2859,100,100,36.0
2026-03-09 13:45:22.532Z,3.2753,3.2849,100,100,29.3
2026-03-09 13:45:23.002Z,3.2749,3.2847,100,100,29.9
2026-03-09 13:45:24.289Z,3.2757,3.2841,100,100,25.6
2026-03-09 13:45:25.770Z,3.2755,3.2865,100,100,33.5
2026-03-09 13:45:26.676Z,3.2744,3.2858,100,100,34.8
2026-03-09 13:45:27.844Z,3.2749,3.2863,100,100,34.7
2026-03-09 13:45:28.435Z,3.2738,3.2854,100,100,35.4
2026-03-09 13:45:29.146Z,3.2744,3.2854,100,100,33.5
2026-03-09 13:45:30.505Z,3.2745,3.2845,100,100,30.5
2026-03-09 13:45:31.011Z,3.2762,3.2856,100,100,28.7
2026-03-09 13:45:32.463Z,3.2744,3.2858,100,100,34.8
2026-03-09 13:45:33.771Z,3.2753,3.2839,100,100,26.2
2026-03-09 13:45:34.189Z,3.2743,3.2853,100,100,33.5
2026-03-09 13:45:35.519Z,3.2744,3.2858,100,100,34.8
2026-03-09 13:45:36.128Z,3.2760,3.2840,100,100,24.4
2026-03-09 13:45:37.278Z,3.2751,3.2839,100,100,26.8
2026-03-09 13:45:38.668Z,3.2741,3.2853,100,100,34.1
2026-03-09 13:45:39.652Z,3.2744,3.2846,100,100,31.1
2026-03-09 13:45:40.051Z,3.2743,3.2855,100,100,34.1
2026-03-09 13:45:41.748Z,3.2744,3.2850,100,100,32.3
2026-03-09 13:45:42.188Z,3.2763,3.2857,100,100,28.6
2026-03-09 13:45:43.452Z,3.2742,3.2846,100,100,31.7
2026-03-09 13:45:44.647Z,3.2739,3.2851,100,100,34.2
2026-03-09 13:45:45.387Z,3.2757,3.2843,100,100,26.2
2026-03-09 13:45:46.040Z,3.2754,3.2850,100,100,29.3
2026-03-09 13:45:47.351Z,3.2753,3.2847,100,100,28.7
2026-03-09 13:45:48.596Z,3.2768,3.2852,100,100,25.6
2026-03-09 13:45:49.480Z,3.2757,3.2855,100,100,29.9
2026-03-09 13:45:50.285Z,3.2757,3.2849,100,100,28.0
2026-03-09 13:45:51.257Z,3.2754,3.2846,100,100,28.0
2026-03-09 13:45:52.652Z,3.2755,3.2845,100,100,27.4
2026-03-09 13:45:53.761Z,3.2763,3.2845,100,100,25.0
2026-03-09 13:45:54.147Z,3.2740,3.2860,100,100,36.6
2026-03-09 13:45:55.633Z,3.2753,3.2843,100,100,27.4
2026-03-09 13:45:56.033Z,3.2734,3.2854,100,100,36.6
2026-03-09 13:45:57.722Z,3.2743,3.2851,100,100,32.9
2026-03-09 13:45:58.106Z,3.2749,3.2845,100,100,29.3
2026-03-09 13:45:59.388Z,3.2743,3.2861,100,100,36.0
2026-03-09 13:57:00.714Z,3.2452,3.2548,100,100,29.5
2026-03-09 13:57:01.104Z,3.2433,3.2553,100,100,36.9
2026-03-09 13:57:02.766Z,3.2454,3.2558,100,100,32.0
2026-03-09 13:57:03.500Z,3.2450,3.2546,100,100,29.5
2026-03-09 13:57:04.730Z,3.2448,3.2558,100,100,33.8
2026-03-09 13:57:05.611Z,3.2446,3.2548,100,100,31.4
2026-03-09 13:57:06.798Z,3.2453,3.2551,100,100,30.2
2026-03-09 13:57:07.024Z,3.2447,3.2543,100,100,29.5
2026-03-09 13:57:08.638Z,3.2450,3.2536,100,100,26.5
2026-03-09 13:57:09.448Z,3.2449,3.2537,100,100,27.1
2026-03-09 13:57:10.026Z,3.2447,3.2543,100,100,29.5
2026-03-09 13:57:11.116Z,3.2453,3.2537,100,100,25.9
2026-03-09 13:57:12.588Z,3.2442,3.2564,100,100,37.5
2026-03-09 13:57:13.402Z,3.2453,3.2555,100,100,31.4
2026-03-09 13:57:14.234Z,3.2449,3.2545,100,100,29.5
2026-03-09 13:57:15.594Z,3.2444,3.2546,100,100,31.4
2026-03-09 13:57:16.440Z,3.2440,3.2550,100,100,33.9
2026-03-09 13:57:17.465Z,3.2438,3.2558,100,100,36.9
2026-03-09 13:57:18.854Z,3.2435,3.2555,100,100,36.9
2026-03-09 13:57:19.677Z,3.2441,3.2549,100,100,33.2
2026-03-09 13:57:20.874Z,3.2450,3.2544,100,100,28.9
2026-03-09 13:57:21.660Z,3.2445,3.2561,100,100,35.7
2026-03-09 13:57:22.563Z,3.2454,3.2540,100,100,26.5
2026-03-09 13:57:23.806Z,3.2454,3.2554,100,100,30.8
2026-03-09 13:57:24.432Z,3.2444,3.2546,100,100,31.4
2026-03-09 13:57:25.289Z,3.2444,3.2556,100,100,34.5
2026-03-09 13:57:26.849Z,3.2451,3.2561,100,100,33.8
2026-03-09 13:57:27.125Z,3.2435,3.2559,100,100,38.2
2026-03-09 13:57:28.610Z,3.2447,3.2565,100,100,36.3
2026-03-09 13:57:29.773Z,3.2465,3.2551,100,100,26.5
2026-03-09 13:57:30.315Z,3.2433,3.2553,100,100,36.9
2026-03-09 13:57:31.480Z,3.2459,3.2545,100,100,26.5
2026-03-09 13:57:32.888Z,3.2436,3.2550,100,100,35.1
2026-03-09 13:57:33.880Z,3.2446,3.2538,100,100,28.3
2026-03-09 13:57:34.822Z,3.2460,3.2548,100,100,27.1
2026-03-09 13:57:35.578Z,3.2453,3.2557,100,100,32.0
2026-03-09 13:57:36.189Z,3.2432,3.2554,100,100,37.5
2026-03-09 13:57:37.153Z,3.2451,3.2557,100,100,32.6
2026-03-09 13:57:38.083Z,3.2443,3.2543,100,100,30.8
2026-03-09 13:57:39.870Z,3.2451,3.2545,100,100,28.9
2026-03-09 13:57:40.499Z,3.2438,3.2552,100,100,35.1
2026-03-09 13:57:41.243Z,3.2461,3.2551,100,100,27.7
2026-03-09 13:57:42.859Z,3.2451,3.2539,100,100,27.1
2026-03-09 13:57:43.116Z,3.2438,3.2548,100,100,33.9
2026-03-09 13:57:44.413Z,3.2454,3.2538,100,100,25.8
2026-03-09 13:57:45.494Z,3.2444,3.2558,100,100,35.1
2026-03-09 13:57:46.333Z,3.2454,3.2540,100,100,26.5
2026-03-09 13:57:47.376Z,3.2447,3.2563,100,100,35.7
2026-03-09 13:57:48.018Z,3.2445,3.2541,100,100,29.5
2026-03-09 13:57:49.010Z,3.2445,3.2559,100,100,35.1
2026-03-09 13:57:50.203Z,3.2442,3.2544,100,100,31.4
2026-03-09 13:57:51.417Z,3.2452,3.2556,100,100,32.0
2026-03-09 13:57:52.444Z,3.2466,3.2548,100,100,25.2
2026-03-09 13:57:53.771Z,3.2451,3.2543,100,100,28.3
2026-03-09 13:57:54.299Z,3.2446,3.2562,100,100,35.7
2026-03-09 13:57:55.164Z,3.2449,3.2551,100,100,31.4
2026-03-09 13:57:56.722Z,3.2460,3.2548,100,100,27.1
2026-03-09 13:57:57.849Z,3.2440,3.2546,100,100,32.6
2026-03-09 13:57:58.879Z,3.2449,3.2541,100,100,28.3
2026-03-09 13:57:59.016Z,3.2458,3.2542,100,100,25.8
2026-03-09 14:02:00.038Z,3.2597,3.2681,100,100,25.7
2026-03-09 14:02:01.363Z,3.2587,3.2695,100,100,33.1
2026-03-09 14:02:02.823Z,3.2592,3.2682,100,100,27.6
2026-03-09 14:02:03.656Z,3.2596,3.2680,100,100,25.7
2026-03-09 14:02:04.743Z,3.2590,3.2684,100,100,28.8
2026-03-09 14:02:05.317Z,3.2597,3.2697,100,100,30.6
2026-03-09 14:02:06.774Z,3.2591,3.2701,100,100,33.7
2026-03-09 14:02:07.852Z,3.2580,3.2700,100,100,36.8
2026-03-09 14:02:08.756Z,3.2589,3.2705,100,100,35.5
2026-03-09 14:02:09.784Z,3.2570,3.2696,100,100,38.6
2026-03-09 14:02:10.403Z,3.2580,3.2692,100,100,34.3
2026-03-09 14:02:11.655Z,3.2580,3.2682,100,100,31.3
2026-03-09 14:02:12.015Z,3.2592,3.2688,100,100,29.4
2026-03-09 14:02:13.180Z,3.2593,3.2681,100,100,27.0
2026-03-09 14:02:14.735Z,3.2589,3.2695,100,100,32.5
2026-03-09 14:02:15.028Z,3.2596,3.2696,100,100,30.6
2026-03-09 14:02:16.387Z,3.2604,3.2686,100,100,25.1
2026-03-09 14:02:17.070Z,3.2598,3.2682,100,100,25.7
2026-03-09 14:02:18.413Z,3.2595,3.2679,100,100,25.7
2026-03-09 14:02:19.485Z,3.2584,3.2688,100,100,31.9
2026-03-09 14:02:20.627Z,3.2588,3.2696,100,100,33.1
2026-03-09 14:02:21.796Z,3.2599,3.2681,100,100,25.1
2026-03-09 14:02:22.264Z,3.2582,3.2688,100,100,32.5
2026-03-09 14:02:23.000Z,3.2583,3.2681,100,100,30.0
2026-03-09 14:02:24.144Z,3.2601,3.2691,100,100,27.6
2026-03-09 14:02:25.655Z,3.2583,3.2699,100,100,35.5
2026-03-09 14:02:26.391Z,3.2603,3.2687,100,100,25.7
2026-03-09 14:02:27.716Z,3.2585,3.2679,100,100,28.8
2026-03-09 14:02:28.058Z,3.2585,3.2681,100,100,29.4
2026-03-09 14:02:29.769Z,3.2592,3.2688,100,100,29.4
2026-03-09 14:02:30.129Z,3.2599,3.2687,100,100,27.0
2026-03-09 14:02:31.521Z,3.2596,3.2688,100,100,28.2
2026-03-09 14:02:32.061Z,3.2581,3.2687,100,100,32.5
2026-03-09 14:02:33.212Z,3.2582,3.2708,100,100,38.6
2026-03-09 14:02:34.704Z,3.2576,3.2698,100,100,37.4
2026-03-09 14:02:35.702Z,3.2582,3.2702,100,100,36.8
2026-03-09 14:02:36.356Z,3.2591,3.2701,100,100,33.7
2026-03-09 14:02:37.220Z,3.2578,3.2694,100,100,35.5
2026-03-09 14:02:38.475Z,3.2590,3.2690,100,100,30.6
2026-03-09 14:02:39.479Z,3.2579,3.2699,100,100,36.8
2026-03-09 14:02:40.799Z,3.2593,3.2699,100,100,32.5
2026-03-09 14:02:41.178Z,3.2594,3.2686,100,100,28.2
2026-03-09 14:02:42.597Z,3.2596,3.2678,100,100,25.1
2026-03-09 14:02:43.342Z,3.2594,3.2694,100,100,30.6
2026-03-09 14:02:44.447Z,3.2602,3.2690,100,100,27.0
2026-03-09 14:02:45.292Z,3.2597,3.2693,100,100,29.4
2026-03-09 14:02:46.716Z,3.2584,3.2704,100,100,36.8
2026-03-09 14:02:47.752Z,3.2581,3.2693,100,100,34.3
2026-03-09 14:02:48.019Z,3.2577,3.2695,100,100,36.2
2026-03-09 14:02:49.445Z,3.2582,3.2684,100,100,31.3
2026-03-09 14:02:50.096Z,3.2590,3.2674,100,100,25.7
2026-03-09 14:02:51.652Z,3.2586,3.2708,100,100,37.4
2026-03-09 14:02:52.739Z,3.2589,3.2677,100,100,27.0
2026-03-09 14:02:53.604Z,3.2586,3.2692,100,100,32.5
2026-03-09 14:02:54.620Z,3.2584,3.2688,100,100,31.9
2026-03-09 14:02:55.519Z,3.2578,3.2692,100,100,34.9
2026-03-09 14:02:56.739Z,3.2577,3.2697,100,100,36.8
2026-03-09 14:02:57.626Z,3.2577,3.2695,100,100,36.2
2026-03-09 14:02:58.890Z,3.2580,3.2698,100,100,36.2
2026-03-09 14:02:59.850Z,3.2597,3.2681,100,100,25.7
2026-03-09 14:09:00.698Z,3.2653,3.2747,100,100,28.7
2026-03-09 14:09:01.537Z,3.2639,3.2751,100,100,34.3
2026-03-09 14:09:02.497Z,3.2648,3.2750,100,100,31.2
2026-03-09 14:09:03.568Z,3.2659,3.2741,100,100,25.1
2026-03-09 14:09:04.105Z,3.2662,3.2746,100,100,25.7
2026-03-09 14:09:05.182Z,3.2641,3.2757,100,100,35.5
2026-03-09 14:09:06.058Z,3.2646,3.2756,100,100,33.6
2026-03-09 14:09:07.737Z,3.2659,3.2755,100,100,29.4
2026-03-09 14:09:08.170Z,3.2664,3.2748,100,100,25.7
2026-03-09 14:09:09.292Z,3.2650,3.2736,100,100,26.3
2026-03-09 14:09:10.548Z,3.2658,3.2752,100,100,28.7
2026-03-09 14:09:11.624Z,3.2642,3.2760,100,100,36.1
2026-03-09 14:09:12.701Z,3.2644,3.2766,100,100,37.3
2026-03-09 14:09:13.757Z,3.2662,3.2750,100,100,26.9
2026-03-09 14:09:14.263Z,3.2653,3.2747,100,100,28.7
2026-03-09 14:09:15.015Z,3.2652,3.2762,100,100,33.6
2026-03-09 14:09:16.176Z,3.2654,3.2762,100,100,33.0
2026-03-09 14:09:17.743Z,3.2640,3.2764,100,100,37.9
2026-03-09 14:09:18.840Z,3.2646,3.2762,100,100,35.5
2026-03-09 14:09:19.195Z,3.2652,3.2758,100,100,32.4
2026-03-09 14:09:20.141Z,3.2660,3.2752,100,100,28.1
2026-03-09 14:09:21.305Z,3.2646,3.2746,100,100,30.6
2026-03-09 14:09:22.014Z,3.2654,3.2742,100,100,26.9
2026-03-09 14:09:23.085Z,3.2644,3.2764,100,100,36.7
2026-03-09 14:09:24.769Z,3.2647,3.2749,100,100,31.2
2026-03-09 14:09:25.373Z,3.2656,3.2742,100,100,26.3
2026-03-09 14:09:26.327Z,3.2637,3.2753,100,100,35.5
2026-03-09 14:09:27.814Z,3.2645,3.2743,100,100,30.0
2026-03-09 14:09:28.396Z,3.2647,3.2751,100,100,31.8
2026-03-09 14:09:29.688Z,3.2637,3.2753,100,100,35.5
2026-03-09 14:09:30.286Z,3.2645,3.2747,100,100,31.2
2026-03-09 14:09:31.623Z,3.2642,3.2756,100,100,34.9
2026-03-09 14:09:32.185Z,3.2639,3.2751,100,100,34.3
2026-03-09 14:09:33.170Z,3.2648,3.2750,100,100,31.2
2026-03-09 14:09:34.580Z,3.2651,3.2763,100,100,34.2
2026-03-09 14:09:35.269Z,3.2636,3.2760,100,100,37.9
2026-03-09 14:09:36.498Z,3.2646,3.2754,100,100,33.0
2026-03-09 14:09:37.750Z,3.2642,3.2748,100,100,32.4
2026-03-09 14:09:38.079Z,3.2647,3.2767,100,100,36.7
2026-03-09 14:09:39.643Z,3.2657,3.2741,100,100,25.7
2026-03-09 14:09:40.247Z,3.2641,3.2749,100,100,33.0
2026-03-09 14:09:41.563Z,3.2643,3.2753,100,100,33.6
2026-03-09 14:09:42.635Z,3.2650,3.2740,100,100,27.5
2026-03-09 14:09:43.477Z,3.2664,3.2750,100,100,26.3
2026-03-09 14:09:44.554Z,3.2631,3.2757,100,100,38.5
2026-03-09 14:09:45.740Z,3.2650,3.2754,100,100,31.8
2026-03-09 14:09:46.249Z,3.2639,3.2747,100,100,33.0
2026-03-09 14:09:47.814Z,3.2657,3.2745,100,100,26.9
2026-03-09 14:09:48.128Z,3.2652,3.2746,100,100,28.7
2026-03-09 14:09:49.788Z,3.2643,3.2747,100,100,31.8
2026-03-09 14:09:50.614Z,3.2660,3.2746,100,100,26.3
2026-03-09 14:09:51.297Z,3.2657,3.2757,100,100,30.6
2026-03-09 14:09:52.135Z,3.2654,3.2756,100,100,31.2
2026-03-09 14:09:53.128Z,3.2642,3.2746,100,100,31.8
2026-03-09 14:09:54.369Z,3.2639,3.2761,100,100,37.3
2026-03-09 14:09:55.278Z,3.2663,3.2747,100,100,25.7
2026-03-09 14:09:56.261Z,3.2662,3.2748,100,100,26.3
2026-03-09 14:09:57.182Z,3.2655,3.2749,100,100,28.7
2026-03-09 14:09:58.407Z,3.2644,3.2744,100,100,30.6
2026-03-09 14:09:59.563Z,3.2646,3.2754,100,100,33.0
2026-03-09 14:12:00.266Z,3.2908,3.2992,100,100,25.5
2026-03-09 14:12:01.855Z,3.2899,3.2999,100,100,30.3
2026-03-09 14:12:02.407Z,3.2905,3.2993,100,100,26.7
2026-03-09 14:12:03.548Z,3.2893,3.3013,100,100,36.4
2026-03-09 14:12:04.521Z,3.2899,3.2987,100,100,26.7
2026-03-09 14:12:05.677Z,3.2900,3.2992,100,100,27.9
2026-03-09 14:12:06.470Z,3.2896,3.3010,100,100,34.6
2026-03-09 14:12:07.396Z,3.2890,3.2998,100,100,32.8
2026-03-09 14:12:08.079Z,3.2893,3.2999,100,100,32.2
2026-03-09 14:12:09.252Z,3.2895,3.3015,100,100,36.4
2026-03-09 14:12:10.570Z,3.2890,3.3004,100,100,34.6
2026-03-09 14:12:11.181Z,3.2883,3.3003,100,100,36.4
2026-03-09 14:12:12.595Z,3.2906,3.2996,100,100,27.3
2026-03-09 14:12:13.621Z,3.2896,3.2988,100,100,27.9
2026-03-09 14:12:14.028Z,3.2912,3.3002,100,100,27.3
2026-03-09 14:12:15.864Z,3.2909,3.3007,100,100,29.7
2026-03-09 14:12:16.805Z,3.2902,3.3010,100,100,32.8
2026-03-09 14:12:17.688Z,3.2888,3.2996,100,100,32.8
2026-03-09 14:12:18.444Z,3.2906,3.3004,100,100,29.7
2026-03-09 14:12:19.839Z,3.2906,3.2992,100,100,26.1
2026-03-09 14:12:20.075Z,3.2888,3.3004,100,100,35.2
2026-03-09 14:12:21.490Z,3.2900,3.3002,100,100,31.0
2026-03-09 14:12:22.686Z,3.2898,3.3008,100,100,33.4
2026-03-09 14:12:23.870Z,3.2895,3.2989,100,100,28.5
2026-03-09 14:12:24.140Z,3.2888,3.3006,100,100,35.8
2026-03-09 14:12:25.670Z,3.2900,3.3014,100,100,34.6
2026-03-09 14:12:26.790Z,3.2902,3.3010,100,100,32.8
2026-03-09 14:12:27.034Z,3.2900,3.2996,100,100,29.1
2026-03-09 14:12:28.244Z,3.2901,3.3005,100,100,31.6
2026-03-09 14:12:29.715Z,3.2887,3.3001,100,100,34.6
2026-03-09 14:12:30.631Z,3.2892,3.3002,100,100,33.4
2026-03-09 14:12:31.172Z,3.2888,3.3002,100,100,34.6
2026-03-09 14:12:32.750Z,3.2912,3.3004,100,100,27.9
2026-03-09 14:12:33.087Z,3.2897,3.3013,100,100,35.2
2026-03-09 14:12:34.600Z,3.2897,3.3015,100,100,35.8
2026-03-09 14:12:35.544Z,3.2882,3.3006,100,100,37.6
2026-03-09 14:12:36.005Z,3.2897,3.2995,100,100,29.7
2026-03-09 14:12:37.141Z,3.2902,3.2994,100,100,27.9
2026-03-09 14:12:38.173Z,3.2891,3.2997,100,100,32.2
2026-03-09 14:12:39.098Z,3.2892,3.2994,100,100,31.0
2026-03-09 14:12:40.837Z,3.2898,3.2998,100,100,30.4
2026-03-09 14:12:41.671Z,3.2902,3.3002,100,100,30.3
2026-03-09 14:12:42.232Z,3.2885,3.3007,100,100,37.0
2026-03-09 14:12:43.355Z,3.2910,3.2996,100,100,26.1
2026-03-09 14:12:44.754Z,3.2885,3.3001,100,100,35.2
2026-03-09 14:12:45.074Z,3.2909,3.2995,100,100,26.1
2026-03-09 14:12:46.062Z,3.2893,3.3009,100,100,35.2
2026-03-09 14:12:47.505Z,3.2901,3.2985,100,100,25.5
2026-03-09 14:12:48.633Z,3.2906,3.3000,100,100,28.5
2026-03-09 14:12:49.214Z,3.2896,3.3008,100,100,34.0
2026-03-09 14:12:50.048Z,3.2897,3.2989,100,100,27.9
2026-03-09 14:12:51.171Z,3.2905,3.2989,100,100,25.5
2026-03-09 14:12:52.624Z,3.2890,3.3008,100,100,35.8
2026-03-09 14:12:53.313Z,3.2912,3.3004,100,100,27.9
2026-03-09 14:12:54.342Z,3.2893,3.2999,100,100,32.2
2026-03-09 14:12:55.532Z,3.2894,3.3014,100,100,36.4
2026-03-09 14:12:56.257Z,3.2913,3.2995,100,100,24.9
2026-03-09 14:12:57.794Z,3.2906,3.2992,100,100,26.1
2026-03-09 14:12:58.435Z,3.2900,3.2996,100,100,29.1
2026-03-09 14:12:59.691Z,3.2900,3.3000,100,100,30.3
2026-03-09 14:15:00.796Z,3.2445,3.2555,100,100,33.8
2026-03-09 14:15:01.260Z,3.2445,3.2559,100,100,35.1
2026-03-09 14:15:02.676Z,3.2454,3.2542,100,100,27.1
2026-03-09 14:15:03.630Z,3.2459,3.2543,100,100,25.8
2026-03-09 14:15:04.747Z,3.2451,3.2561,100,100,33.8
2026-03-09 14:15:05.432Z,3.2443,3.2557,100,100,35.1
2026-03-09 14:15:06.086Z,3.2437,3.2553,100,100,35.7
2026-03-09 14:15:07.283Z,3.2446,3.2546,100,100,30.8
2026-03-09 14:15:08.382Z,3.2452,3.2542,100,100,27.7
2026-03-09 14:15:09.590Z,3.2461,3.2553,100,100,28.3
2026-03-09 14:15:10.036Z,3.2451,3.2555,100,100,32.0
2026-03-09 14:15:11.174Z,3.2451,3.2559,100,100,33.2
2026-03-09 14:15:12.471Z,3.2436,3.2556,100,100,36.9
2026-03-09 14:15:13.841Z,3.2443,3.2563,100,100,36.9
2026-03-09 14:15:14.200Z,3.2456,3.2554,100,100,30.1
2026-03-09 14:15:15.511Z,3.2440,3.2552,100,100,34.5
2026-03-09 14:15:16.252Z,3.2451,3.2555,100,100,32.0
2026-03-09 14:15:17.503Z,3.2459,3.2549,100,100,27.7
2026-03-09 14:15:18.562Z,3.2445,3.2547,100,100,31.4
2026-03-09 14:15:19.490Z,3.2460,3.2548,100,100,27.1
2026-03-09 14:15:20.665Z,3.2438,3.2548,100,100,33.9
2026-03-09 14:15:21.543Z,3.2465,3.2551,100,100,26.5
2026-03-09 14:15:22.468Z,3.2443,3.2551,100,100,33.2
2026-03-09 14:15:23.002Z,3.2433,3.2551,100,100,36.3
2026-03-09 14:15:24.637Z,3.2439,3.2545,100,100,32.6
2026-03-09 14:15:25.698Z,3.2450,3.2562,100,100,34.5
2026-03-09 14:15:26.394Z,3.2443,3.2541,100,100,30.2
2026-03-09 14:15:27.602Z,3.2448,3.2548,100,100,30.8
2026-03-09 14:15:28.496Z,3.2443,3.2543,100,100,30.8
2026-03-09 14:15:29.069Z,3.2460,3.2556,100,100,29.5
2026-03-09 14:15:30.611Z,3.2441,3.2563,100,100,37.5
2026-03-09 14:15:31.059Z,3.2454,3.2546,100,100,28.3
2026-03-09 14:15:32.898Z,3.2453,3.2537,100,100,25.9
2026-03-09 14:15:33.214Z,3.2443,3.2541,100,100,30.2
2026-03-09 14:15:34.523Z,3.2440,3.2556,100,100,35.7
2026-03-09 14:15:35.225Z,3.2453,3.2545,100,100,28.3
2026-03-09 14:15:36.486Z,3.2445,3.2543,100,100,30.2
2026-03-09 14:15:37.436Z,3.2448,3.2558,100,100,33.8
2026-03-09 14:15:38.374Z,3.2449,3.2535,100,100,26.5
2026-03-09 14:15:39.468Z,3.2456,3.2546,100,100,27.7
2026-03-09 14:15:40.577Z,3.2453,3.2541,100,100,27.1
2026-03-09 14:15:41.799Z,3.2449,3.2541,100,100,28.3
2026-03-09 14:15:42.684Z,3.2451,3.2535,100,100,25.9
2026-03-09 14:15:43.530Z,3.2457,3.2545,100,100,27.1
2026-03-09 14:15:44.556Z,3.2462,3.2544,100,100,25.2
2026-03-09 14:15:45.506Z,3.2457,3.2549,100,100,28.3
2026-03-09 14:15:46.081Z,3.2448,3.2542,100,100,28.9
2026-03-09 14:15:47.335Z,3.2452,3.2552,100,100,30.8
2026-03-09 14:15:48.187Z,3.2458,3.2556,100,100,30.1
2026-03-09 14:15:49.295Z,3.2446,3.2546,100,100,30.8
2026-03-09 14:15:50.366Z,3.2435,3.2555,100,100,36.9
2026-03-09 14:15:51.535Z,3.2456,3.2552,100,100,29.5
2026-03-09 14:15:52.525Z,3.2445,3.2547,100,100,31.4
2026-03-09 14:15:53.460Z,3.2447,3.2547,100,100,30.8
2026-03-09 14:15:54.168Z,3.2446,3.2544,100,100,30.2
2026-03-09 14:15:55.207Z,3.2448,3.2558,100,100,33.8
2026-03-09 14:15:56.160Z,3.2455,3.2541,100,100,26.5
2026-03-09 14:15:57.087Z,3.2446,3.2550,100,100,32.0
2026-03-09 14:15:58.089Z,3.2456,3.2546,100,100,27.7
2026-03-09 14:15:59.701Z,3.2454,3.2546,100,100,28.3
2026-03-09 14:17:00.029Z,3.2683,3.2789,100,100,32.4
2026-03-09 14:17:01.380Z,3.2690,3.2796,100,100,32.4
2026-03-09 14:17:02.103Z,3.2684,3.2788,100,100,31.8
2026-03-09 14:17:03.898Z,3.2682,3.2806,100,100,37.9
2026-03-09 14:17:04.576Z,3.2685,3.2777,100,100,28.1
2026-03-09 14:17:05.072Z,3.2679,3.2783,100,100,31.8
2026-03-09 14:17:06.292Z,3.2681,3.2793,100,100,34.2
2026-03-09 14:17:07.817Z,3.2683,3.2801,100,100,36.0
2026-03-09 14:17:08.157Z,3.2696,3.2792,100,100,29.3
2026-03-09 14:17:09.745Z,3.2690,3.2792,100,100,31.2
2026-03-09 14:17:10.173Z,3.2672,3.2784,100,100,34.2
2026-03-09 14:17:11.778Z,3.2689,3.2791,100,100,31.2
2026-03-09 14:17:12.748Z,3.2666,3.2790,100,100,37.9
2026-03-09 14:17:13.362Z,3.2687,3.2783,100,100,29.3
2026-03-09 14:17:14.107Z,3.2671,3.2793,100,100,37.3
2026-03-09 14:17:15.234Z,3.2682,3.2796,100,100,34.8
2026-03-09 14:17:16.514Z,3.2696,3.2790,100,100,28.7
2026-03-09 14:17:17.628Z,3.2681,3.2791,100,100,33.6
2026-03-09 14:17:18.461Z,3.2692,3.2794,100,100,31.2
2026-03-09 14:17:19.238Z,3.2685,3.2783,100,100,29.9
2026-03-09 14:17:20.437Z,3.2691,3.2783,100,100,28.1
2026-03-09 14:17:21.175Z,3.2682,3.2794,100,100,34.2
2026-03-09 14:17:22.095Z,3.2679,3.2799,100,100,36.7
2026-03-09 14:17:23.474Z,3.2700,3.2788,100,100,26.9
2026-03-09 14:17:24.660Z,3.2684,3.2792,100,100,33.0
2026-03-09 14:17:25.599Z,3.2682,3.2794,100,100,34.2
2026-03-09 14:17:26.832Z,3.2673,3.2783,100,100,33.6
2026-03-09 14:17:27.270Z,3.2685,3.2775,100,100,27.5
2026-03-09 14:17:28.803Z,3.2685,3.2801,100,100,35.4
2026-03-09 14:17:29.483Z,3.2694,3.2792,100,100,29.9
2026-03-09 14:17:30.101Z,3.2688,3.2788,100,100,30.5
2026-03-09 14:17:31.775Z,3.2669,3.2789,100,100,36.7
2026-03-09 14:17:32.359Z,3.2685,3.2779,100,100,28.7
2026-03-09 14:17:33.447Z,3.2694,3.2774,100,100,24.4
2026-03-09 14:17:34.259Z,3.2692,3.2784,100,100,28.1
2026-03-09 14:17:35.896Z,3.2687,3.2775,100,100,26.9
2026-03-09 14:17:36.216Z,3.2684,3.2802,100,100,36.0
2026-03-09 14:17:37.427Z,3.2684,3.2800,100,100,35.4
2026-03-09 14:17:38.381Z,3.2683,3.2803,100,100,36.6
2026-03-09 14:17:39.515Z,3.2685,3.2783,100,100,29.9
2026-03-09 14:17:40.481Z,3.2688,3.2786,100,100,29.9
2026-03-09 14:17:41.779Z,3.2674,3.2788,100,100,34.8
2026-03-09 14:17:42.680Z,3.2682,3.2776,100,100,28.7
2026-03-09 14:17:43.543Z,3.2677,3.2787,100,100,33.6
2026-03-09 14:17:44.564Z,3.2675,3.2787,100,100,34.2
2026-03-09 14:17:45.263Z,3.2675,3.2783,100,100,33.0
2026-03-09 14:17:46.581Z,3.2674,3.2786,100,100,34.2
2026-03-09 14:17:47.741Z,3.2681,3.2805,100,100,37.9
2026-03-09 14:17:48.651Z,3.2676,3.2796,100,100,36.7
2026-03-09 14:17:49.094Z,3.2692,3.2784,100,100,28.1
2026-03-09 14:17:50.765Z,3.2691,3.2791,100,100,30.5
2026-03-09 14:17:51.680Z,3.2675,3.2791,100,100,35.4
2026-03-09 14:17:52.188Z,3.2672,3.2790,100,100,36.1
2026-03-09 14:17:53.860Z,3.2684,3.2786,100,100,31.2
2026-03-09 14:17:54.604Z,3.2674,3.2790,100,100,35.4
2026-03-09 14:17:55.669Z,3.2690,3.2794,100,100,31.8
2026-03-09 14:17:56.005Z,3.2682,3.2782,100,100,30.6
2026-03-09 14:17:57.168Z,3.2679,3.2795,100,100,35.4
2026-03-09 14:17:58.035Z,3.2693,3.2775,100,100,25.1
2026-03-09 14:17:59.711Z,3.2688,3.2784,100,100,29.3
2026-03-09 14:21:00.760Z,3.2457,3.2543,100,100,26.5
2026-03-09 14:21:01.199Z,3.2451,3.2551,100,100,30.8
2026-03-09 14:21:02.138Z,3.2454,3.2562,100,100,33.2
2026-03-09 14:21:03.874Z,3.2460,3.2556,100,100,29.5
2026-03-09 14:21:04.249Z,3.2452,3.2542,100,100,27.7
2026-03-09 14:21:05.642Z,3.2453,3.2551,100,100,30.2
2026-03-09 14:21:06.369Z,3.2442,3.2550,100,100,33.2
2026-03-09 14:21:07.798Z,3.2457,3.2541,100,100,25.8
2026-03-09 14:21:08.755Z,3.2446,3.2546,100,100,30.8
2026-03-09 14:21:09.817Z,3.2449,3.2563,100,100,35.1
2026-03-09 14:21:10.112Z,3.2437,3.2561,100,100,38.2
2026-03-09 14:21:11.621Z,3.2451,3.2545,100,100,28.9
2026-03-09 14:21:12.769Z,3.2451,3.2547,100,100,29.5
2026-03-09 14:21:13.490Z,3.2460,3.2550,100,100,27.7
2026-03-09 14:21:14.826Z,3.2460,3.2554,100,100,28.9
2026-03-09 14:21:15.736Z,3.2451,3.2553,100,100,31.4
2026-03-09 14:21:16.886Z,3.2452,3.2542,100,100,27.7
2026-03-09 14:21:17.370Z,3.2448,3.2562,100,100,35.1
2026-03-09 14:21:18.476Z,3.2449,3.2539,100,100,27.7
2026-03-09 14:21:19.384Z,3.2443,3.2567,100,100,38.1
2026-03-09 14:21:20.665Z,3.2454,3.2542,100,100,27.1
2026-03-09 14:21:21.721Z,3.2435,3.2555,100,100,36.9
2026-03-09 14:21:22.180Z,3.2437,3.2553,100,100,35.7
2026-03-09 14:21:23.580Z,3.2458,3.2548,100,100,27.7
2026-03-09 14:21:24.705Z,3.2449,3.2535,100,100,26.5
2026-03-09 14:21:25.725Z,3.2462,3.2550,100,100,27.1
2026-03-09 14:21:26.788Z,3.2459,3.2543,100,100,25.8
2026-03-09 14:21:27.785Z,3.2434,3.2552,100,100,36.3
2026-03-09 14:21:28.393Z,3.2441,3.2555,100,100,35.1
2026-03-09 14:21:29.553Z,3.2451,3.2563,100,100,34.5
2026-03-09 14:21:30.240Z,3.2432,3.2558,100,100,38.8
2026-03-09 14:21:31.619Z,3.2459,3.2557,100,100,30.1
2026-03-09 14:21:32.658Z,3.2447,3.2537,100,100,27.7
2026-03-09 14:21:33.148Z,3.2457,3.2549,100,100,28.3
2026-03-09 14:21:34.726Z,3.2465,3.2551,100,100,26.5
2026-03-09 14:21:35.897Z,3.2442,3.2556,100,100,35.1
2026-03-09 14:21:36.093Z,3.2458,3.2554,100,100,29.5
2026-03-09 14:21:37.804Z,3.2450,3.2546,100,100,29.5
2026-03-09 14:21:38.514Z,3.2450,3.2562,100,100,34.5
2026-03-09 14:21:39.325Z,3.2436,3.2554,100,100,36.3
2026-03-09 14:21:40.388Z,3.2441,3.2557,100,100,35.7
2026-03-09 14:21:41.172Z,3.2452,3.2536,100,100,25.9
2026-03-09 14:21:42.845Z,3.2439,3.2559,100,100,36.9
2026-03-09 14:21:43.368Z,3.2442,3.2546,100,100,32.0
2026-03-09 14:21:44.753Z,3.2440,3.2562,100,100,37.5
2026-03-09 14:21:45.097Z,3.2458,3.2540,100,100,25.2
2026-03-09 14:21:46.189Z,3.2460,3.2550,100,100,27.7
2026-03-09 14:21:47.246Z,3.2457,3.2559,100,100,31.4
2026-03-09 14:21:48.760Z,3.2451,3.2561,100,100,33.8
2026-03-09 14:21:49.575Z,3.2455,3.2553,100,100,30.2
2026-03-09 14:21:50.750Z,3.2444,3.2548,100,100,32.0
2026-03-09 14:21:51.452Z,3.2459,3.2555,100,100,29.5
2026-03-09 14:21:52.144Z,3.2447,3.2549,100,100,31.4
2026-03-09 14:21:53.677Z,3.2453,3.2557,100,100,32.0
2026-03-09 14:21:54.829Z,3.2458,3.2556,100,100,30.1
2026-03-09 14:21:55.112Z,3.2446,3.2546,100,100,30.8
2026-03-09 14:21:56.605Z,3.2447,3.2549,100,100,31.4
2026-03-09 14:21:57.625Z,3.2446,3.2548,100,100,31.4
2026-03-09 14:21:58.888Z,3.2451,3.2563,100,100,34.5
2026-03-09 14:21:59.379Z,3.2453,3.2547,100,100,28.9
2026-03-09 14:23:00.087Z,3.2891,3.3009,100,100,35.8
2026-03-09 14:23:01.049Z,3.2904,3.2990,100,100,26.1
2026-03-09 14:23:02.344Z,3.2907,3.2997,100,100,27.3
2026-03-09 14:23:03.299Z,3.2899,3.2997,100,100,29.7
2026-03-09 14:23:04.742Z,3.2894,3.3006,100,100,34.0
2026-03-09 14:23:05.758Z,3.2892,3.3002,100,100,33.4
2026-03-09 14:23:06.200Z,3.2894,3.3010,100,100,35.2
2026-03-09 14:23:07.591Z,3.2889,3.3003,100,100,34.6
2026-03-09 14:23:08.157Z,3.2899,3.2989,100,100,27.3
2026-03-09 14:23:09.515Z,3.2911,3.3001,100,100,27.3
2026-03-09 14:23:10.009Z,3.2902,3.3006,100,100,31.6
2026-03-09 14:23:11.272Z,3.2896,3.3002,100,100,32.2
2026-03-09 14:23:12.295Z,3.2898,3.3008,100,100,33.4
2026-03-09 14:23:13.509Z,3.2897,3.3007,100,100,33.4
2026-03-09 14:23:14.504Z,3.2895,3.3005,100,100,33.4
2026-03-09 14:23:15.528Z,3.2894,3.3016,100,100,37.0
2026-03-09 14:23:16.659Z,3.2909,3.2995,100,100,26.1
2026-03-09 14:23:17.586Z,3.2893,3.3001,100,100,32.8
2026-03-09 14:23:18.044Z,3.2888,3.3002,100,100,34.6
2026-03-09 14:23:19.413Z,3.2893,3.3007,100,100,34.6
2026-03-09 14:23:20.739Z,3.2885,3.3007,100,100,37.0
2026-03-09 14:23:21.240Z,3.2893,3.3019,100,100,38.2
2026-03-09 14:23:22.298Z,3.2887,3.3009,100,100,37.0
2026-03-09 14:23:23.169Z,3.2889,3.3003,100,100,34.6
2026-03-09 14:23:24.846Z,3.2906,3.2994,100,100,26.7
2026-03-09 14:23:25.668Z,3.2891,3.2995,100,100,31.6
2026-03-09 14:23:26.724Z,3.2913,3.2999,100,100,26.1
2026-03-09 14:23:27.672Z,3.2904,3.2990,100,100,26.1
2026-03-09 14:23:28.587Z,3.2903,3.3009,100,100,32.2
2026-03-09 14:23:29.119Z,3.2889,3.2995,100,100,32.2
2026-03-09 14:23:30.552Z,3.2887,3.3007,100,100,36.4
2026-03-09 14:23:31.579Z,3.2911,3.3001,100,100,27.3
2026-03-09 14:23:32.695Z,3.2895,3.3007,100,100,34.0
2026-03-09 14:23:33.267Z,3.2910,3.3000,100,100,27.3
2026-03-09 14:23:34.100Z,3.2892,3.3006,100,100,34.6
2026-03-09 14:23:35.349Z,3.2899,3.3005,100,100,32.2
2026-03-09 14:23:36.253Z,3.2886,3.3000,100,100,34.6
2026-03-09 14:23:37.784Z,3.2891,3.2999,100,100,32.8
2026-03-09 14:23:38.522Z,3.2886,3.3004,100,100,35.8
2026-03-09 14:23:39.816Z,3.2900,3.2992,100,100,27.9
2026-03-09 14:23:40.855Z,3.2905,3.2993,100,100,26.7
2026-03-09 14:23:41.749Z,3.2885,3.3003,100,100,35.8
2026-03-09 14:23:42.019Z,3.2908,3.2990,100,100,24.9
2026-03-09 14:23:43.028Z,3.2901,3.2987,100,100,26.1
2026-03-09 14:23:44.565Z,3.2907,3.3007,100,100,30.3
2026-03-09 14:23:45.128Z,3.2891,3.3009,100,100,35.8
2026-03-09 14:23:46.085Z,3.2891,3.3001,100,100,33.4
2026-03-09 14:23:47.102Z,3.2906,3.3004,100,100,29.7
2026-03-09 14:23:48.005Z,3.2900,3.3014,100,100,34.6
2026-03-09 14:23:49.509Z,3.2895,3.3003,100,100,32.8
2026-03-09 14:23:50.720Z,3.2897,3.3009,100,100,34.0
2026-03-09 14:23:51.534Z,3.2908,3.3002,100,100,28.5
2026-03-09 14:23:52.888Z,3.2889,3.2995,100,100,32.2
2026-03-09 14:23:53.274Z,3.2895,3.3009,100,100,34.6
2026-03-09 14:23:54.597Z,3.2910,3.2994,100,100,25.5
2026-03-09 14:23:55.721Z,3.2903,3.2987,100,100,25.5
2026-03-09 14:23:56.502Z,3.2905,3.3011,100,100,32.2
2026-03-09 14:23:57.317Z,3.2890,3.3004,100,100,34.6
2026-03-09 14:23:58.698Z,3.2896,3.3018,100,100,37.0
2026-03-09 14:23:59.448Z,3.2904,3.2996,100,100,27.9
2026-03-09 14:28:00.818Z,3.2757,3.2843,100,100,26.2
2026-03-09 14:28:01.510Z,3.2743,3.2849,100,100,32.3
2026-03-09 14:28:02.119Z,3.2741,3.2861,100,100,36.6
2026-03-09 14:28:03.545Z,3.2753,3.2853,100,100,30.5
2026-03-09 14:28:04.882Z,3.2762,3.2852,100,100,27.4
2026-03-09 14:28:05.410Z,3.2736,3.2850,100,100,34.8
2026-03-09 14:28:06.537Z,3.2764,3.2850,100,100,26.2
2026-03-09 14:28:07.528Z,3.2741,3.2859,100,100,36.0
2026-03-09 14:28:08.041Z,3.2754,3.2848,100,100,28.7
2026-03-09 14:28:09.760Z,3.2759,3.2849,100,100,27.4
2026-03-09 14:28:10.854Z,3.2749,3.2835,100,100,26.2
2026-03-09 14:28:11.651Z,3.2743,3.2855,100,100,34.1
2026-03-09 14:28:12.827Z,3.2756,3.2838,100,100,25.0
2026-03-09 14:28:13.103Z,3.2752,3.2848,100,100,29.3
2026-03-09 14:28:14.693Z,3.2733,3.2853,100,100,36.6
2026-03-09 14:28:15.591Z,3.2741,3.2863,100,100,37.2
2026-03-09 14:28:16.205Z,3.2749,3.2845,100,100,29.3
2026-03-09 14:28:17.517Z,3.2753,3.2855,100,100,31.1
2026-03-09 14:28:18.798Z,3.2744,3.2860,100,100,35.4
2026-03-09 14:28:19.004Z,3.2741,3.2851,100,100,33.5
2026-03-09 14:28:20.414Z,3.2745,3.2843,100,100,29.9
2026-03-09 14:28:21.028Z,3.2747,3.2837,100,100,27.4
2026-03-09 14:28:22.734Z,3.2755,3.2859,100,100,31.7
2026-03-09 14:28:23.521Z,3.2758,3.2850,100,100,28.0
2026-03-09 14:28:24.582Z,3.2741,3.2855,100,100,34.8
2026-03-09 14:28:25.816Z,3.2747,3.2869,100,100,37.2
2026-03-09 14:28:26.898Z,3.2733,3.2851,100,100,36.0
2026-03-09 14:28:27.710Z,3.2750,3.2848,100,100,29.9
2026-03-09 14:28:28.310Z,3.2751,3.2851,100,100,30.5
2026-03-09 14:28:29.440Z,3.2756,3.2852,100,100,29.3
2026-03-09 14:28:30.669Z,3.2753,3.2845,100,100,28.0
2026-03-09 14:28:31.624Z,3.2741,3.2853,100,100,34.1
2026-03-09 14:28:32.128Z,3.2753,3.2861,100,100,32.9
2026-03-09 14:28:33.077Z,3.2756,3.2846,100,100,27.4
2026-03-09 14:28:34.177Z,3.2743,3.2845,100,100,31.1
2026-03-09 14:28:35.156Z,3.2754,3.2836,100,100,25.0
2026-03-09 14:28:36.493Z,3.2754,3.2844,100,100,27.4
2026-03-09 14:28:37.693Z,3.2742,3.2842,100,100,30.5
2026-03-09 14:28:38.017Z,3.2754,3.2844,100,100,27.4
2026-03-09 14:28:39.697Z,3.2761,3.2845,100,100,25.6
2026-03-09 14:28:40.286Z,3.2742,3.2858,100,100,35.4
2026-03-09 14:28:41.237Z,3.2747,3.2869,100,100,37.2
2026-03-09 14:28:42.604Z,3.2745,3.2853,100,100,32.9
2026-03-09 14:28:43.824Z,3.2735,3.2849,100,100,34.8
2026-03-09 14:28:44.620Z,3.2753,3.2861,100,100,32.9
2026-03-09 14:28:45.006Z,3.2737,3.2855,100,100,36.0
2026-03-09 14:28:46.108Z,3.2758,3.2844,100,100,26.2
2026-03-09 14:28:47.604Z,3.2754,3.2844,100,100,27.4
2026-03-09 14:28:48.748Z,3.2745,3.2853,100,100,32.9
2026-03-09 14:28:49.388Z,3.2761,3.2843,100,100,25.0
2026-03-09 14:28:50.001Z,3.2750,3.2866,100,100,35.4
2026-03-09 14:28:51.743Z,3.2743,3.2853,100,100,33.5
2026-03-09 14:28:52.421Z,3.2748,3.2854,100,100,32.3
2026-03-09 14:28:53.524Z,3.2757,3.2847,100,100,27.4
2026-03-09 14:28:54.617Z,3.2758,3.2854,100,100,29.3
2026-03-09 14:28:55.009Z,3.2753,3.2843,100,100,27.4
2026-03-09 14:28:56.002Z,3.2741,3.2853,100,100,34.1
2026-03-09 14:28:57.287Z,3.2750,3.2860,100,100,33.5
2026-03-09 14:28:58.051Z,3.2737,3.2857,100,100,36.6
2026-03-09 14:28:59.194Z,3.2749,3.2851,100,100,31.1
2026-03-09 14:30:00.656Z,3.2462,3.2560,100,100,30.1
2026-03-09 14:30:01.660Z,3.2452,3.2566,100,100,35.1
2026-03-09 14:30:02.231Z,3.2452,3.2568,100,100,35.7
2026-03-09 14:30:03.658Z,3.2467,3.2557,100,100,27.7
2026-03-09 14:30:04.123Z,3.2462,3.2554,100,100,28.3
2026-03-09 14:30:05.426Z,3.2447,3.2551,100,100,32.0
2026-03-09 14:30:06.319Z,3.2464,3.2562,100,100,30.1
2026-03-09 14:30:07.125Z,3.2469,3.2555,100,100,26.5
2026-03-09 14:30:08.102Z,3.2444,3.2566,100,100,37.5
2026-03-09 14:30:09.420Z,3.2456,3.2562,100,100,32.6
2026-03-09 14:30:10.001Z,3.2444,3.2542,100,100,30.2
2026-03-09 14:30:11.442Z,3.2451,3.2561,100,100,33.8
2026-03-09 14:30:12.235Z,3.2444,3.2546,100,100,31.4
2026-03-09 14:30:13.873Z,3.2445,3.2561,100,100,35.7
2026-03-09 14:30:14.546Z,3.2453,3.2553,100,100,30.8
2026-03-09 14:30:15.149Z,3.2454,3.2560,100,100,32.6
2026-03-09 14:30:16.776Z,3.2456,3.2550,100,100,28.9
2026-03-09 14:30:17.075Z,3.2440,3.2554,100,100,35.1
2026-03-09 14:30:18.488Z,3.2451,3.2569,100,100,36.3
2026-03-09 14:30:19.632Z,3.2466,3.2554,100,100,27.1
2026-03-09 14:30:20.627Z,3.2454,3.2558,100,100,32.0
2026-03-09 14:30:21.470Z,3.2459,3.2555,100,100,29.5
2026-03-09 14:30:22.817Z,3.2472,3.2568,100,100,29.5
2026-03-09 14:30:23.859Z,3.2465,3.2581,100,100,35.7
2026-03-09 14:30:24.169Z,3.2483,3.2577,100,100,28.9
2026-03-09 14:30:25.737Z,3.2479,3.2583,100,100,32.0
2026-03-09 14:30:26.865Z,3.2489,3.2597,100,100,33.2
2026-03-09 14:30:27.267Z,3.2507,3.2591,100,100,25.8
2026-03-09 14:30:28.644Z,3.2503,3.2599,100,100,29.5
2026-03-09 14:30:29.264Z,3.2521,3.2607,100,100,26.4
2026-03-09 14:30:30.767Z,3.2507,3.2625,100,100,36.2
2026-03-09 14:30:31.397Z,3.2512,3.2634,100,100,37.5
2026-03-09 14:30:32.825Z,3.2525,3.2643,100,100,36.2
2026-03-09 14:30:33.304Z,3.2538,3.2642,100,100,31.9
2026-03-09 14:30:34.811Z,3.2534,3.2640,100,100,32.5
2026-03-09 14:30:35.722Z,3.2546,3.2644,100,100,30.1
2026-03-09 14:30:36.725Z,3.2559,3.2647,100,100,27.0
2026-03-09 14:30:37.024Z,3.2543,3.2663,100,100,36.8
2026-03-09 14:30:38.297Z,3.2553,3.2657,104,100,31.9
2026-03-09 14:30:39.809Z,3.2554,3.2650,100,100,29.4
2026-03-09 14:30:40.713Z,3.2544,3.2650,100,100,32.5
2026-03-09 14:30:41.202Z,3.2546,3.2646,100,100,30.7
2026-03-09 14:30:42.096Z,3.2549,3.2647,100,100,30.1
2026-03-09 14:30:43.740Z,3.2545,3.2633,100,100,27.0
2026-03-09 14:30:44.313Z,3.2546,3.2652,100,100,32.5
2026-03-09 14:30:45.316Z,3.2539,3.2651,100,100,34.4
2026-03-09 14:30:46.401Z,3.2538,3.2648,100,100,33.7
2026-03-09 14:30:47.220Z,3.2556,3.2642,100,100,26.4
2026-03-09 14:30:48.499Z,3.2550,3.2638,100,100,27.0
2026-03-09 14:30:49.835Z,3.2545,3.2647,100,100,31.3
2026-03-09 14:30:50.717Z,3.2539,3.2657,100,100,36.2
2026-03-09 14:30:51.229Z,3.2553,3.2651,100,100,30.1
2026-03-09 14:30:52.417Z,3.2542,3.2660,100,100,36.2
2026-03-09 14:30:53.367Z,3.2542,3.2644,100,100,31.3
2026-03-09 14:30:54.648Z,3.2559,3.2641,100,100,25.2
2026-03-09 14:30:55.172Z,3.2544,3.2638,100,100,28.8
2026-03-09 14:30:56.726Z,3.2545,3.2651,100,100,32.5
2026-03-09 14:30:57.480Z,3.2543,3.2661,100,100,36.2
2026-03-09 14:30:58.776Z,3.2560,3.2650,100,100,27.6
2026-03-09 14:30:59.547Z,3.2553,3.2647,100,100,28.8
2026-03-09 14:33:00.456Z,3.2860,3.2968,100,100,32.8
2026-03-09 14:33:01.854Z,3.2864,3.2950,100,100,26.1
2026-03-09 14:33:02.556Z,3.2862,3.2956,100,100,28.6
2026-03-09 14:33:03.652Z,3.2857,3.2981,100,100,37.7
2026-03-09 14:33:04.807Z,3.2846,3.2972,100,100,38.3
2026-03-09 14:33:05.648Z,3.2857,3.2961,100,100,31.6
2026-03-09 14:33:06.308Z,3.2869,3.2953,100,100,25.5
2026-03-09 14:33:07.531Z,3.2865,3.2959,100,100,28.6
2026-03-09 14:33:08.125Z,3.2860,3.2984,100,100,37.7
2026-03-09 14:33:09.478Z,3.2851,3.2969,100,100,35.9
2026-03-09 14:33:10.369Z,3.2849,3.2963,100,100,34.6
2026-03-09 14:33:11.468Z,3.2857,3.2979,100,100,37.1
2026-03-09 14:33:12.303Z,3.2862,3.2974,100,100,34.0
2026-03-09 14:33:13.480Z,3.2862,3.2980,100,100,35.8
2026-03-09 14:33:14.339Z,3.2851,3.2971,100,100,36.5
2026-03-09 14:33:15.866Z,3.2861,3.2977,100,100,35.2
2026-03-09 14:33:16.858Z,3.2858,3.2956,100,100,29.8
2026-03-09 14:33:17.509Z,3.2850,3.2970,100,100,36.5
2026-03-09 14:33:18.640Z,3.2866,3.2962,100,100,29.2
2026-03-09 14:33:19.327Z,3.2869,3.2955,100,100,26.1
2026-03-09 14:33:20.584Z,3.2842,3.2958,100,100,35.3
2026-03-09 14:33:21.497Z,3.2821,3.2945,100,100,37.7
2026-03-09 14:33:22.644Z,3.2838,3.2924,100,100,26.2
2026-03-09 14:33:23.013Z,3.2787,3.2921,100,100,40.8
2026-03-09 14:33:24.508Z,3.2779,3.2891,100,100,34.1
2026-03-09 14:33:25.041Z,3.2747,3.2875,100,100,39.0
2026-03-09 14:33:26.759Z,3.2725,3.2857,100,100,40.3
2026-03-09 14:33:27.204Z,3.2694,3.2816,100,100,37.2
2026-03-09 14:33:28.636Z,3.2689,3.2789,100,100,30.5
2026-03-09 14:33:29.541Z,3.2658,3.2754,100,100,29.4
2026-03-09 14:33:30.381Z,3.2624,3.2750,100,100,38.5
2026-03-09 14:33:31.087Z,3.2614,3.2712,100,100,30.0
2026-03-09 14:33:32.645Z,3.2565,3.2697,100,100,40.5
2026-03-09 14:33:33.655Z,3.2569,3.2659,100,100,27.6
2026-03-09 14:33:34.386Z,3.2529,3.2641,100,100,34.4
2026-03-09 14:33:35.243Z,3.2517,3.2637,100,100,36.8
2026-03-09 14:33:36.004Z,3.2517,3.2619,100,100,31.3
2026-03-09 14:33:37.870Z,3.2494,3.2618,100,100,38.1
2026-03-09 14:33:38.023Z,3.2500,3.2596,100,100,29.5
2026-03-09 14:33:39.758Z,3.2494,3.2614,100,100,36.9
2026-03-09 14:33:40.468Z,3.2500,3.2608,100,100,33.2
2026-03-09 14:33:41.896Z,3.2502,3.2620,100,100,36.2
2026-03-09 14:33:42.206Z,3.2511,3.2623,100,100,34.4
2026-03-09 14:33:43.239Z,3.2525,3.2619,100,100,28.9
2026-03-09 14:33:44.741Z,3.2529,3.2611,100,100,25.2
2026-03-09 14:33:45.107Z,3.2521,3.2641,100,100,36.8
2026-03-09 14:33:46.343Z,3.2525,3.2635,100,100,33.8
2026-03-09 14:33:47.281Z,3.2525,3.2647,100,100,37.4
2026-03-09 14:33:48.103Z,3.2524,3.2628,100,100,31.9
2026-03-09 14:33:49.295Z,3.2534,3.2618,100,100,25.8
2026-03-09 14:33:50.516Z,3.2525,3.2629,100,100,31.9
2026-03-09 14:33:51.451Z,3.2536,3.2620,100,100,25.8
2026-03-09 14:33:52.147Z,3.2507,3.2623,100,100,35.6
2026-03-09 14:33:53.448Z,3.2517,3.2623,100,100,32.5
2026-03-09 14:33:54.294Z,3.2507,3.2621,100,100,35.0
2026-03-09 14:33:55.310Z,3.2494,3.2614,100,100,36.9
2026-03-09 14:33:56.899Z,3.2500,3.2596,100,100,29.5
2026-03-09 14:33:57.712Z,3.2505,3.2607,100,100,31.3
2026-03-09 14:33:58.218Z,3.2489,3.2601,100,100,34.4
2026-03-09 14:33:59.347Z,3.2502,3.2598,100,100,29.5
2026-03-09 14:37:00.700Z,3.2458,3.2542,100,100,25.8
2026-03-09 14:37:01.137Z,3.2460,3.2544,100,100,25.8
2026-03-09 14:37:02.305Z,3.2444,3.2564,100,100,36.9
2026-03-09 14:37:03.739Z,3.2457,3.2553,100,100,29.5
2026-03-09 14:37:04.384Z,3.2450,3.2556,100,100,32.6
2026-03-09 14:37:05.861Z,3.2433,3.2553,100,100,36.9
2026-03-09 14:37:06.345Z,3.2438,3.2550,100,100,34.5
2026-03-09 14:37:07.024Z,3.2447,3.2553,100,100,32.6
2026-03-09 14:37:08.103Z,3.2447,3.2557,100,100,33.8
2026-03-09 14:37:09.686Z,3.2436,3.2554,100,100,36.3
2026-03-09 14:37:10.894Z,3.2442,3.2560,100,100,36.3
2026-03-09 14:37:11.120Z,3.2459,3.2553,100,100,28.9
2026-03-09 14:37:12.261Z,3.2453,3.2551,100,100,30.2
2026-03-09 14:37:13.511Z,3.2459,3.2551,100,100,28.3
2026-03-09 14:37:14.205Z,3.2434,3.2556,100,100,37.5
2026-03-09 14:37:15.624Z,3.2444,3.2570,100,100,38.8
2026-03-09 14:37:16.114Z,3.2438,3.2548,100,100,33.9
2026-03-09 14:37:17.459Z,3.2450,3.2558,100,100,33.2
2026-03-09 14:37:18.654Z,3.2446,3.2538,100,100,28.3
2026-03-09 14:37:19.630Z,3.2438,3.2550,100,100,34.5
2026-03-09 14:37:20.445Z,3.2442,3.2546,100,100,32.0
2026-03-09 14:37:21.083Z,3.2443,3.2543,100,100,30.8
2026-03-09 14:37:22.130Z,3.2446,3.2562,100,100,35.7
2026-03-09 14:37:23.660Z,3.2462,3.2544,100,100,25.2
2026-03-09 14:37:24.899Z,3.2451,3.2535,100,100,25.9
2026-03-09 14:37:25.052Z,3.2452,3.2538,100,100,26.5
2026-03-09 14:37:26.823Z,3.2454,3.2552,100,100,30.2
2026-03-09 14:37:27.466Z,3.2437,3.2553,100,100,35.7
2026-03-09 14:37:28.012Z,3.2445,3.2539,100,100,28.9
2026-03-09 14:37:29.859Z,3.2457,3.2541,100,100,25.8
2026-03-09 14:37:30.594Z,3.2458,3.2548,100,100,27.7
2026-03-09 14:37:31.437Z,3.2455,3.2557,100,100,31.4
2026-03-09 14:37:32.886Z,3.2442,3.2550,100,100,33.2
2026-03-09 14:37:33.718Z,3.2453,3.2553,100,100,30.8
2026-03-09 14:37:34.829Z,3.2447,3.2561,100,100,35.1
2026-03-09 14:37:35.631Z,3.2457,3.2559,100,100,31.4
2026-03-09 14:37:36.040Z,3.2449,3.2551,100,100,31.4
2026-03-09 14:37:37.629Z,3.2462,3.2550,100,100,27.1
2026-03-09 14:37:38.009Z,3.2450,3.2540,100,100,27.7
2026-03-09 14:37:39.384Z,3.2448,3.2550,100,100,31.4
2026-03-09 14:37:40.495Z,3.2442,3.2554,100,100,34.5
2026-03-09 14:37:41.731Z,3.2443,3.2547,100,100,32.0
2026-03-09 14:37:42.875Z,3.2450,3.2540,100,100,27.7
2026-03-09 14:37:43.478Z,3.2452,3.2534,100,100,25.2
2026-03-09 14:37:44.616Z,3.2442,3.2546,100,100,32.0
2026-03-09 14:37:45.703Z,3.2454,3.2558,100,100,32.0
2026-03-09 14:37:46.185Z,3.2436,3.2554,100,100,36.3
2026-03-09 14:37:47.226Z,3.2444,3.2564,100,100,36.9
2026-03-09 14:37:48.105Z,3.2438,3.2554,100,100,35.7
2026-03-09 14:37:49.662Z,3.2454,3.2544,100,100,27.7
2026-03-09 14:37:50.359Z,3.2451,3.2549,100,100,30.2
2026-03-09 14:37:51.862Z,3.2456,3.2544,100,100,27.1
2026-03-09 14:37:52.325Z,3.2457,3.2559,100,100,31.4
2026-03-09 14:37:53.156Z,3.2450,3.2556,100,100,32.6
2026-03-09 14:37:54.610Z,3.2451,3.2543,100,100,28.3
2026-03-09 14:37:55.826Z,3.2446,3.2560,100,100,35.1
2026-03-09 14:37:56.526Z,3.2458,3.2556,100,100,30.1
2026-03-09 14:37:57.694Z,3.2440,3.2548,100,100,33.2
2026-03-09 14:37:58.063Z,3.2448,3.2562,100,100,35.1
2026-03-09 14:37:59.586Z,3.2444,3.2558,100,100,35.1
2026-03-09 14:39:00.339Z,3.2753,3.2847,100,100,28.7
2026-03-09 14:39:01.831Z,3.2741,3.2843,100,100,31.1
2026-03-09 14:39:02.442Z,3.2743,3.2851,100,100,32.9
2026-03-09 14:39:03.499Z,3.2744,3.2846,100,100,31.1
2026-03-09 14:39:04.390Z,3.2756,3.2838,100,100,25.0
2026-03-09 14:39:05.402Z,3.2738,3.2854,100,100,35.4
2026-03-09 14:39:06.141Z,3.2742,3.2854,100,100,34.1
2026-03-09 14:39:07.293Z,3.2764,3.2850,100,100,26.2
2026-03-09 14:39:08.097Z,3.2734,3.2856,100,100,37.2
2026-03-09 14:39:09.497Z,3.2739,3.2863,100,100,37.8
2026-03-09 14:39:10.252Z,3.2743,3.2851,100,100,32.9
2026-03-09 14:39:11.292Z,3.2754,3.2840,100,100,26.2
2026-03-09 14:39:12.039Z,3.2744,3.2854,100,100,33.5
2026-03-09 14:39:13.650Z,3.2761,3.2853,100,100,28.0
2026-03-09 14:39:14.445Z,3.2744,3.2856,100,100,34.1
2026-03-09 14:39:15.484Z,3.2760,3.2844,100,100,25.6
2026-03-09 14:39:16.404Z,3.2747,3.2837,100,100,27.4
2026-03-09 14:39:17.467Z,3.2751,3.2853,100,100,31.1
2026-03-09 14:39:18.150Z,3.2759,3.2845,100,100,26.2
2026-03-09 14:39:19.346Z,3.2762,3.2846,100,100,25.6
2026-03-09 14:39:20.305Z,3.2753,3.2845,100,100,28.0
2026-03-09 14:39:21.503Z,3.2752,3.2850,100,100,29.9
2026-03-09 14:39:22.228Z,3.2736,3.2848,100,100,34.2
2026-03-09 14:39:23.790Z,3.2750,3.2866,100,100,35.4
2026-03-09 14:39:24.276Z,3.2752,3.2852,100,100,30.5
2026-03-09 14:39:25.292Z,3.2743,3.2847,100,100,31.7
2026-03-09 14:39:26.419Z,3.2750,3.2860,100,100,33.5
2026-03-09 14:39:27.192Z,3.2757,3.2855,100,100,29.9
2026-03-09 14:39:28.094Z,3.2733,3.2855,100,100,37.2
2026-03-09 14:39:29.448Z,3.2759,3.2847,100,100,26.8
2026-03-09 14:39:30.618Z,3.2742,3.2844,100,100,31.1
2026-03-09 14:39:31.813Z,3.2751,3.2845,100,100,28.7
2026-03-09 14:39:32.039Z,3.2743,3.2863,100,100,36.6
2026-03-09 14:39:33.588Z,3.2738,3.2850,100,100,34.2
2026-03-09 14:39:34.402Z,3.2762,3.2850,100,100,26.8
2026-03-09 14:39:35.368Z,3.2762,3.2852,100,100,27.4
2026-03-09 14:39:36.217Z,3.2731,3.2853,100,100,37.2
2026-03-09 14:39:37.017Z,3.2740,3.2862,100,100,37.2
2026-03-09 14:39:38.819Z,3.2740,3.2858,100,100,36.0
2026-03-09 14:39:39.178Z,3.2743,3.2849,100,100,32.3
2026-03-09 14:39:40.748Z,3.2756,3.2842,100,100,26.2
2026-03-09 14:39:41.537Z,3.2743,3.2853,100,100,33.5
2026-03-09 14:39:42.600Z,3.2745,3.2863,100,100,36.0
2026-03-09 14:39:43.195Z,3.2752,3.2848,100,100,29.3
2026-03-09 14:39:44.661Z,3.2749,3.2847,100,100,29.9
2026-03-09 14:39:45.491Z,3.2741,3.2853,100,100,34.1
2026-03-09 14:39:46.698Z,3.2740,3.2860,100,100,36.6
2026-03-09 14:39:47.132Z,3.2736,3.2854,100,100,36.0
2026-03-09 14:39:48.276Z,3.2736,3.2852,100,100,35.4
2026-03-09 14:39:49.057Z,3.2753,3.2835,100,100,25.0
2026-03-09 14:39:50.755Z,3.2745,3.2871,100,100,38.4
2026-03-09 14:39:51.347Z,3.2751,3.2863,100,100,34.1
2026-03-09 14:39:52.729Z,3.2747,3.2863,100,100,35.4
2026-03-09 14:39:53.646Z,3.2736,3.2860,100,100,37.8
2026-03-09 14:39:54.293Z,3.2761,3.2855,100,100,28.7
2026-03-09 14:39:55.783Z,3.2740,3.2844,100,100,31.7
2026-03-09 14:39:56.444Z,3.2761,3.2855,100,100,28.7
2026-03-09 14:39:57.761Z,3.2744,3.2852,100,100,32.9
2026-03-09 14:39:58.315Z,3.2743,3.2859,100,100,35.4
2026-03-09 14:39:59.379Z,3.2753,3.2847,100,100,28.7
2026-03-09 14:40:00.182Z,3.2750,3.2850,100,100,30.5
2026-03-09 14:40:01.881Z,3.2760,3.2842,100,100,25.0
2026-03-09 14:40:02.214Z,3.2751,3.2851,100,100,30.5
2026-03-09 14:40:03.657Z,3.2757,3.2847,100,100,27.4
2026-03-09 14:40:04.846Z,3.2743,3.2859,100,100,35.4
2026-03-09 14:40:05.473Z,3.2749,3.2861,100,100,34.1
2026-03-09 14:40:06.760Z,3.2750,3.2840,100,100,27.4
2026-03-09 14:40:07.814Z,3.2741,3.2851,100,100,33.5
2026-03-09 14:40:08.629Z,3.2754,3.2862,100,100,32.9
2026-03-09 14:40:09.520Z,3.2748,3.2842,100,100,28.7
2026-03-09 14:40:10.504Z,3.2752,3.2842,100,100,27.4
2026-03-09 14:40:11.274Z,3.2743,3.2847,100,100,31.7
2026-03-09 14:40:12.191Z,3.2740,3.2850,100,100,33.5
2026-03-09 14:40:13.066Z,3.2749,3.2855,100,100,32.3
2026-03-09 14:40:14.882Z,3.2747,3.2843,100,100,29.3
2026-03-09 14:40:15.335Z,3.2758,3.2856,100,100,29.9
2026-03-09 14:40:16.285Z,3.2751,3.2841,100,100,27.4
2026-03-09 14:40:17.567Z,3.2751,3.2845,100,100,28.7
2026-03-09 14:40:18.293Z,3.2734,3.2854,100,100,36.6
2026-03-09 14:40:19.843Z,3.2757,3.2855,100,100,29.9
2026-03-09 14:40:20.019Z,3.2753,3.2843,100,100,27.4
2026-03-09 14:40:21.226Z,3.2759,3.2841,100,100,25.0
2026-03-09 14:40:22.890Z,3.2754,3.2838,100,100,25.6
2026-03-09 14:40:23.083Z,3.2758,3.2842,100,100,25.6
2026-03-09 14:40:24.674Z,3.2746,3.2866,100,100,36.6
2026-03-09 14:40:25.040Z,3.2745,3.2865,100,100,36.6
2026-03-09 14:40:26.067Z,3.2767,3.2849,100,100,25.0
2026-03-09 14:40:27.144Z,3.2735,3.2853,100,100,36.0
2026-03-09 14:40:28.542Z,3.2745,3.2857,100,100,34.1
2026-03-09 14:40:29.219Z,3.2737,3.2851,100,100,34.8
2026-03-09 14:40:30.801Z,3.2741,3.2847,100,100,32.3
2026-03-09 14:40:31.118Z,3.2737,3.2855,100,100,36.0
2026-03-09 14:40:32.240Z,3.2745,3.2855,100,100,33.5
2026-03-09 14:40:33.876Z,3.2742,3.2858,100,100,35.4
2026-03-09 14:40:34.305Z,3.2752,3.2848,100,100,29.3
2026-03-09 14:40:35.052Z,3.2735,3.2851,100,100,35.4
2026-03-09 14:40:36.271Z,3.2739,3.2845,100,100,32.3
2026-03-09 14:40:37.403Z,3.2755,3.2859,100,100,31.7
2026-03-09 14:40:38.206Z,3.2739,3.2855,100,100,35.4
2026-03-09 14:40:39.825Z,3.2743,3.2867,100,100,37.8
2026-03-09 14:40:40.315Z,3.2752,3.2864,100,100,34.1
2026-03-09 14:40:41.425Z,3.2738,3.2860,100,100,37.2
2026-03-09 14:40:42.305Z,3.2744,3.2854,100,100,33.5
2026-03-09 14:40:43.580Z,3.2739,3.2849,100,100,33.5
2026-03-09 14:40:44.492Z,3.2748,3.2852,100,100,31.7
2026-03-09 14:40:45.532Z,3.2738,3.2850,100,100,34.2
2026-03-09 14:40:46.068Z,3.2747,3.2849,100,100,31.1
2026-03-09 14:40:47.480Z,3.2753,3.2861,100,100,32.9
2026-03-09 14:40:48.480Z,3.2748,3.2842,100,100,28.7
2026-03-09 14:40:49.426Z,3.2754,3.2842,100,100,26.8
2026-03-09 14:40:50.230Z,3.2751,3.2833,100,100,25.0
2026-03-09 14:40:51.728Z,3.2746,3.2842,100,100,29.3
2026-03-09 14:40:52.674Z,3.2745,3.2849,100,100,31.7
2026-03-09 14:40:53.754Z,3.2737,3.2855,100,100,36.0
2026-03-09 14:40:54.050Z,3.2750,3.2856,100,100,32.3
2026-03-09 14:40:55.281Z,3.2750,3.2840,100,100,27.4
2026-03-09 14:40:56.384Z,3.2755,3.2839,100,100,25.6
2026-03-09 14:40:57.061Z,3.2750,3.2838,100,100,26.8
2026-03-09 14:40:58.163Z,3.2754,3.2854,100,100,30.5
2026-03-09 14:40:59.865Z,3.2751,3.2849,100,100,29.9
2026-03-09 14:54:00.431Z,3.2755,3.2845,100,100,27.4
2026-03-09 14:54:01.373Z,3.2743,3.2851,100,100,32.9
2026-03-09 14:54:02.316Z,3.2750,3.2846,100,100,29.3
2026-03-09 14:54:03.273Z,3.2746,3.2860,100,100,34.8
2026-03-09 14:54:04.307Z,3.2757,3.2857,100,100,30.5
2026-03-09 14:54:05.685Z,3.2763,3.2847,100,100,25.6
2026-03-09 14:54:06.198Z,3.2755,3.2841,100,100,26.2
2026-03-09 14:54:07.747Z,3.2745,3.2841,100,100,29.3
2026-03-09 14:54:08.078Z,3.2759,3.2845,100,100,26.2
2026-03-09 14:54:09.430Z,3.2755,3.2859,100,100,31.7
2026-03-09 14:54:10.196Z,3.2745,3.2857,100,100,34.1
2026-03-09 14:54:11.013Z,3.2752,3.2836,100,100,25.6
2026-03-09 14:54:12.319Z,3.2760,3.2850,100,100,27.4
2026-03-09 14:54:13.265Z,3.2758,3.2848,100,100,27.4
2026-03-09 14:54:14.881Z,3.2753,3.2841,100,100,26.8
2026-03-09 14:54:15.259Z,3.2761,3.2853,100,100,28.0
2026-03-09 14:54:16.192Z,3.2747,3.2847,100,100,30.5
2026-03-09 14:54:17.446Z,3.2745,3.2853,100,100,32.9
2026-03-09 14:54:18.739Z,3.2745,3.2861,100,100,35.4
2026-03-09 14:54:19.861Z,3.2745,3.2841,100,100,29.3
2026-03-09 14:54:20.227Z,3.2741,3.2831,100,100,27.5
2026-03-09 14:54:21.081Z,3.2747,3.2833,100,100,26.2
2026-03-09 14:54:22.724Z,3.2733,3.2825,100,100,28.1
2026-03-09 14:54:23.864Z,3.2714,3.2826,100,100,34.2
2026-03-09 14:54:24.581Z,3.2707,3.2799,100,100,28.1
2026-03-09 14:54:25.100Z,3.2692,3.2792,100,100,30.5
2026-03-09 14:54:26.891Z,3.2681,3.2789,100,100,33.0
2026-03-09 14:54:27.032Z,3.2660,3.2778,100,100,36.1
2026-03-09 14:54:28.366Z,3.2647,3.2767,100,100,36.7
2026-03-09 14:54:29.586Z,3.2637,3.2745,100,100,33.0
2026-03-09 14:54:30.257Z,3.2598,3.2730,100,100,40.4
2026-03-09 14:54:31.113Z,3.2596,3.2714,100,100,36.1
2026-03-09 14:54:32.632Z,3.2591,3.2687,100,100,29.4
2026-03-09 14:54:33.193Z,3.2571,3.2691,100,100,36.8
2026-03-09 14:54:34.196Z,3.2569,3.2689,100,100,36.8
2026-03-09 14:54:35.746Z,3.2577,3.2665,100,100,27.0
2026-03-09 14:54:36.557Z,3.2555,3.2663,100,100,33.1
2026-03-09 14:54:37.072Z,3.2542,3.2648,100,100,32.5
2026-03-09 14:54:38.199Z,3.2535,3.2653,100,100,36.2
2026-03-09 14:54:39.157Z,3.2553,3.2641,100,100,27.0
2026-03-09 14:54:40.706Z,3.2559,3.2641,100,100,25.2
2026-03-09 14:54:41.269Z,3.2562,3.2662,100,100,30.7
2026-03-09 14:54:42.893Z,3.2554,3.2648,100,100,28.8
2026-03-09 14:54:43.150Z,3.2546,3.2668,100,100,37.4
2026-03-09 14:54:44.675Z,3.2561,3.2677,100,100,35.6
2026-03-09 14:54:45.238Z,3.2554,3.2664,100,100,33.7
2026-03-09 14:54:46.582Z,3.2573,3.2669,100,100,29.4
2026-03-09 14:54:47.554Z,3.2567,3.2679,100,100,34.3
2026-03-09 14:54:48.643Z,3.2560,3.2674,100,100,35.0
2026-03-09 14:54:49.896Z,3.2558,3.2668,100,100,33.7
2026-03-09 14:54:50.171Z,3.2557,3.2653,100,100,29.4
2026-03-09 14:54:51.061Z,3.2557,3.2679,100,100,37.4
2026-03-09 14:54:52.603Z,3.2564,3.2658,100,100,28.8
2026-03-09 14:54:53.669Z,3.2560,3.2650,100,100,27.6
2026-03-09 14:54:54.353Z,3.2567,3.2659,100,100,28.2
2026-03-09 14:54:55.874Z,3.2545,3.2661,100,100,35.6
2026-03-09 14:54:56.527Z,3.2549,3.2663,100,100,35.0
2026-03-09 14:54:57.284Z,3.2548,3.2660,100,100,34.4
2026-03-09 14:54:58.691Z,3.2548,3.2648,100,100,30.7
2026-03-09 14:54:59.419Z,3.2556,3.2644,100,100,27.0
2026-03-09 14:57:00.805Z,3.2743,3.2857,100,100,34.8
2026-03-09 14:57:01.255Z,3.2750,3.2848,100,100,29.9
2026-03-09 14:57:02.285Z,3.2754,3.2856,100,100,31.1
2026-03-09 14:57:03.511Z,3.2748,3.2868,100,100,36.6
2026-03-09 14:57:04.842Z,3.2737,3.2849,100,100,34.2
2026-03-09 14:57:05.791Z,3.2747,3.2853,100,100,32.3
2026-03-09 14:57:06.169Z,3.2752,3.2862,100,100,33.5
2026-03-09 14:57:07.106Z,3.2755,3.2843,100,100,26.8
2026-03-09 14:57:08.205Z,3.2745,3.2849,100,100,31.7
2026-03-09 14:57:09.306Z,3.2751,3.2843,100,100,28.1
2026-03-09 14:57:10.783Z,3.2753,3.2849,100,100,29.3
2026-03-09 14:57:11.282Z,3.2746,3.2860,100,100,34.8
2026-03-09 14:57:12.669Z,3.2750,3.2844,100,100,28.7
2026-03-09 14:57:13.603Z,3.2746,3.2866,100,100,36.6
2026-03-09 14:57:14.426Z,3.2760,3.2848,100,100,26.8
2026-03-09 14:57:15.307Z,3.2745,3.2861,100,100,35.4
2026-03-09 14:57:16.521Z,3.2748,3.2860,100,100,34.1
2026-03-09 14:57:17.771Z,3.2750,3.2858,100,100,32.9
2026-03-09 14:57:18.277Z,3.2753,3.2863,100,100,33.5
2026-03-09 14:57:19.855Z,3.2745,3.2853,100,100,32.9
2026-03-09 14:57:20.414Z,3.2753,3.2859,100,100,32.3
2026-03-09 14:57:21.602Z,3.2756,3.2846,100,100,27.4
2026-03-09 14:57:22.369Z,3.2747,3.2851,100,100,31.7
2026-03-09 14:57:23.860Z,3.2763,3.2851,100,100,26.8
2026-03-09 14:57:24.891Z,3.2739,3.2845,100,100,32.3
2026-03-09 14:57:25.678Z,3.2754,3.2850,100,100,29.3
2026-03-09 14:57:26.664Z,3.2743,3.2849,100,100,32.3
2026-03-09 14:57:27.014Z,3.2748,3.2868,100,100,36.6
2026-03-09 14:57:28.588Z,3.2756,3.2854,100,100,29.9
2026-03-09 14:57:29.651Z,3.2745,3.2843,100,100,29.9
2026-03-09 14:57:30.773Z,3.2749,3.2867,100,100,36.0
2026-03-09 14:57:31.880Z,3.2750,3.2860,100,100,33.5
2026-03-09 14:57:32.344Z,3.2742,3.2844,100,100,31.1
2026-03-09 14:57:33.755Z,3.2752,3.2858,100,100,32.3
2026-03-09 14:57:34.122Z,3.2747,3.2851,100,100,31.7
2026-03-09 14:57:35.503Z,3.2732,3.2852,100,100,36.6
2026-03-09 14:57:36.381Z,3.2740,3.2848,100,100,32.9
2026-03-09 14:57:37.886Z,3.2756,3.2848,100,100,28.0
2026-03-09 14:57:38.255Z,3.2739,3.2853,100,100,34.8
2026-03-09 14:57:39.240Z,3.2737,3.2857,100,100,36.6
2026-03-09 14:57:40.185Z,3.2757,3.2853,100,100,29.3
2026-03-09 14:57:41.300Z,3.2742,3.2862,100,100,36.6
2026-03-09 14:57:42.084Z,3.2742,3.2862,100,100,36.6
2026-03-09 14:57:43.643Z,3.2747,3.2851,100,100,31.7
2026-03-09 14:57:44.575Z,3.2748,3.2864,100,100,35.4
2026-03-09 14:57:45.351Z,3.2750,3.2852,100,100,31.1
2026-03-09 14:57:46.507Z,3.2743,3.2851,100,100,32.9
2026-03-09 14:57:47.106Z,3.2759,3.2853,100,100,28.7
2026-03-09 14:57:48.015Z,3.2761,3.2845,100,100,25.6
2026-03-09 14:57:49.263Z,3.2758,3.2842,100,100,25.6
2026-03-09 14:57:50.619Z,3.2755,3.2855,100,100,30.5
2026-03-09 14:57:51.360Z,3.2765,3.2845,100,100,24.4
2026-03-09 14:57:52.741Z,3.2749,3.2867,100,100,36.0
2026-03-09 14:57:53.420Z,3.2750,3.2846,100,100,29.3
2026-03-09 14:57:54.402Z,3.2755,3.2859,100,100,31.7
2026-03-09 14:57:55.506Z,3.2757,3.2851,100,100,28.7
2026-03-09 14:57:56.282Z,3.2736,3.2850,100,100,34.8
2026-03-09 14:57:57.121Z,3.2761,3.2851,100,100,27.4
2026-03-09 14:57:58.097Z,3.2748,3.2868,100,100,36.6
2026-03-09 14:57:59.087Z,3.2740,3.2860,100,100,36.6
2026-03-09 15:00:00.140Z,3.2756,3.2844,100,100,26.8
2026-03-09 15:00:01.360Z,3.2747,3.2839,100,100,28.1
2026-03-09 15:00:02.212Z,3.2753,3.2837,100,100,25.6
2026-03-09 15:00:03.689Z,3.2744,3.2846,100,100,31.1
2026-03-09 15:00:04.102Z,3.2754,3.2860,100,100,32.3
2026-03-09 15:00:05.296Z,3.2743,3.2841,100,100,29.9
2026-03-09 15:00:06.710Z,3.2750,3.2862,100,100,34.1
2026-03-09 15:00:07.767Z,3.2743,3.2855,100,100,34.1
2026-03-09 15:00:08.652Z,3.2741,3.2847,100,100,32.3
2026-03-09 15:00:09.572Z,3.2750,3.2846,100,100,29.3
2026-03-09 15:00:10.636Z,3.2742,3.2846,100,100,31.7
2026-03-09 15:00:11.586Z,3.2749,3.2835,100,100,26.2
2026-03-09 15:00:12.099Z,3.2740,3.2848,100,100,32.9
2026-03-09 15:00:13.569Z,3.2745,3.2843,100,100,29.9
2026-03-09 15:00:14.059Z,3.2761,3.2845,100,100,25.6
2026-03-09 15:00:15.457Z,3.2750,3.2864,100,100,34.7
2026-03-09 15:00:16.859Z,3.2741,3.2847,100,100,32.3
2026-03-09 15:00:17.238Z,3.2752,3.2844,100,100,28.1
2026-03-09 15:00:18.641Z,3.2744,3.2852,100,100,32.9
2026-03-09 15:00:19.051Z,3.2758,3.2840,100,100,25.0
2026-03-09 15:00:20.182Z,3.2753,3.2835,100,100,25.0
2026-03-09 15:00:21.614Z,3.2740,3.2854,100,100,34.8
2026-03-09 15:00:22.769Z,3.2747,3.2859,100,100,34.1
2026-03-09 15:00:23.539Z,3.2742,3.2856,100,100,34.8
2026-03-09 15:00:24.348Z,3.2739,3.2849,100,100,33.5
2026-03-09 15:00:25.313Z,3.2758,3.2854,100,100,29.3
2026-03-09 15:00:26.419Z,3.2739,3.2845,100,100,32.3
2026-03-09 15:00:27.844Z,3.2744,3.2872,100,100,39.0
2026-03-09 15:00:28.407Z,3.2746,3.2860,100,100,34.8
2026-03-09 15:00:29.015Z,3.2738,3.2848,100,100,33.5
2026-03-09 15:00:30.245Z,3.2739,3.2861,100,100,37.2
2026-03-09 15:00:31.461Z,3.2754,3.2848,100,100,28.7
2026-03-09 15:00:32.385Z,3.2749,3.2857,100,100,32.9
2026-03-09 15:00:33.340Z,3.2748,3.2840,100,100,28.1
2026-03-09 15:00:34.592Z,3.2749,3.2867,100,100,36.0
2026-03-09 15:00:35.554Z,3.2741,3.2847,100,100,32.3
2026-03-09 15:00:36.642Z,3.2753,3.2835,100,100,25.0
2026-03-09 15:00:37.453Z,3.2756,3.2860,100,100,31.7
2026-03-09 15:00:38.541Z,3.2750,3.2840,100,100,27.4
2026-03-09 15:00:39.684Z,3.2741,3.2845,100,100,31.7
2026-03-09 15:00:40.714Z,3.2762,3.2852,100,100,27.4
2026-03-09 15:00:41.473Z,3.2745,3.2849,100,100,31.7
2026-03-09 15:00:42.022Z,3.2744,3.2860,100,100,35.4
2026-03-09 15:00:43.332Z,3.2750,3.2858,100,100,32.9
2026-03-09 15:00:44.840Z,3.2759,3.2853,100,100,28.7
2026-03-09 15:00:45.494Z,3.2747,3.2849,100,100,31.1
2026-03-09 15:00:46.058Z,3.2750,3.2852,100,100,31.1
2026-03-09 15:00:47.548Z,3.2747,3.2847,100,100,30.5
2026-03-09 15:00:48.021Z,3.2752,3.2844,100,100,28.1
2026-03-09 15:00:49.717Z,3.2757,3.2857,100,100,30.5
2026-03-09 15:00:50.081Z,3.2738,3.2848,100,100,33.5
2026-03-09 15:00:51.407Z,3.2758,3.2850,100,100,28.0
2026-03-09 15:00:52.079Z,3.2752,3.2838,100,100,26.2
2026-03-09 15:00:53.449Z,3.2752,3.2850,100,100,29.9
2026-03-09 15:00:54.838Z,3.2746,3.2838,100,100,28.1
2026-03-09 15:00:55.586Z,3.2755,3.2843,100,100,26.8
2026-03-09 15:00:56.134Z,3.2743,3.2853,100,100,33.5
2026-03-09 15:00:57.458Z,3.2747,3.2861,100,100,34.8
2026-03-09 15:00:58.401Z,3.2732,3.2854,100,100,37.2
2026-03-09 15:00:59.873Z,3.2738,3.2862,100,100,37.8
2026-03-09 15:05:00.738Z,3.2841,3.2959,100,100,35.9
2026-03-09 15:05:01.484Z,3.2836,3.2948,100,100,34.1
2026-03-09 15:05:02.344Z,3.2853,3.2953,100,100,30.4
2026-03-09 15:05:03.438Z,3.2865,3.2949,100,100,25.5
2026-03-09 15:05:04.030Z,3.2854,3.2944,100,100,27.4
2026-03-09 15:05:05.430Z,3.2844,3.2940,100,100,29.2
2026-03-09 15:05:06.468Z,3.2852,3.2964,100,100,34.0
2026-03-09 15:05:07.732Z,3.2854,3.2952,100,100,29.8
2026-03-09 15:05:08.335Z,3.2843,3.2951,100,100,32.8
2026-03-09 15:05:09.479Z,3.2840,3.2958,100,100,35.9
2026-03-09 15:05:10.419Z,3.2846,3.2968,100,100,37.1
2026-03-09 15:05:11.588Z,3.2842,3.2956,100,100,34.7
2026-03-09 15:05:12.218Z,3.2842,3.2964,100,100,37.1
2026-03-09 15:05:13.697Z,3.2842,3.2952,100,100,33.4
2026-03-09 15:05:14.075Z,3.2858,3.2954,100,100,29.2
2026-03-09 15:05:15.363Z,3.2830,3.2954,100,100,37.7
2026-03-09 15:05:16.495Z,3.2838,3.2960,100,100,37.1
2026-03-09 15:05:17.508Z,3.2854,3.2954,100,100,30.4
2026-03-09 15:05:18.075Z,3.2849,3.2959,100,100,33.4
2026-03-09 15:05:19.345Z,3.2838,3.2960,100,100,37.1
2026-03-09 15:05:20.761Z,3.2846,3.2946,100,100,30.4
2026-03-09 15:05:21.153Z,3.2847,3.2953,100,100,32.2
2026-03-09 15:05:22.690Z,3.2844,3.2964,100,100,36.5
2026-03-09 15:05:23.246Z,3.2847,3.2937,100,100,27.4
2026-03-09 15:05:24.303Z,3.2838,3.2954,100,100,35.3
2026-03-09 15:05:25.287Z,3.2847,3.2941,100,100,28.6
2026-03-09 15:05:26.377Z,3.2854,3.2940,100,100,26.1
2026-03-09 15:05:27.067Z,3.2860,3.2942,100,100,24.9
2026-03-09 15:05:28.850Z,3.2854,3.2952,100,100,29.8
2026-03-09 15:05:29.119Z,3.2843,3.2953,100,100,33.4
2026-03-09 15:05:30.250Z,3.2852,3.2956,100,100,31.6
2026-03-09 15:05:31.888Z,3.2844,3.2962,100,100,35.9
2026-03-09 15:05:32.762Z,3.2850,3.2958,100,100,32.8
2026-03-09 15:05:33.593Z,3.2858,3.2944,100,100,26.1
2026-03-09 15:05:34.235Z,3.2840,3.2956,100,100,35.3
2026-03-09 15:05:35.811Z,3.2849,3.2941,100,100,28.0
2026-03-09 15:05:36.554Z,3.2858,3.2944,100,100,26.1
2026-03-09 15:05:37.819Z,3.2837,3.2953,100,100,35.3
2026-03-09 15:05:38.104Z,3.2850,3.2936,100,100,26.1
2026-03-09 15:05:39.216Z,3.2844,3.2964,100,100,36.5
2026-03-09 15:05:40.892Z,3.2859,3.2955,100,100,29.2
2026-03-09 15:05:41.382Z,3.2863,3.2951,100,100,26.7
2026-03-09 15:05:42.642Z,3.2845,3.2955,100,100,33.4
2026-03-09 15:05:43.703Z,3.2856,3.2960,100,100,31.6
2026-03-09 15:05:44.760Z,3.2861,3.2955,100,100,28.6
2026-03-09 15:05:45.101Z,3.2856,3.2944,100,100,26.7
2026-03-09 15:05:46.039Z,3.2844,3.2952,100,100,32.8
2026-03-09 15:05:47.234Z,3.2846,3.2940,100,100,28.6
2026-03-09 15:05:48.621Z,3.2850,3.2938,100,100,26.8
2026-03-09 15:05:49.428Z,3.2846,3.2970,100,100,37.7
2026-03-09 15:05:50.672Z,3.2850,3.2944,100,100,28.6
2026-03-09 15:05:51.564Z,3.2851,3.2939,100,100,26.8
2026-03-09 15:05:52.272Z,3.2847,3.2945,100,100,29.8
2026-03-09 15:05:53.024Z,3.2862,3.2954,100,100,28.0
2026-03-09 15:05:54.443Z,3.2848,3.2946,100,100,29.8
2026-03-09 15:05:55.610Z,3.2851,3.2961,100,100,33.4
2026-03-09 15:05:56.210Z,3.2834,3.2958,100,100,37.7
2026-03-09 15:05:57.725Z,3.2859,3.2947,100,100,26.7
2026-03-09 15:05:58.058Z,3.2847,3.2957,100,100,33.4
2026-03-09 15:05:59.212Z,3.2856,3.2944,100,100,26.7
2026-03-09 15:07:00.000Z,3.2965,3.3047,100,100,24.8
2026-03-09 15:07:01.108Z,3.2953,3.3065,100,100,33.9
2026-03-09 15:07:02.665Z,3.2965,3.3055,100,100,27.3
2026-03-09 15:07:03.545Z,3.2952,3.3056,100,100,31.5
2026-03-09 15:07:04.489Z,3.2947,3.3061,100,100,34.5
2026-03-09 15:07:05.834Z,3.2947,3.3051,100,100,31.5
2026-03-09 15:07:06.109Z,3.2953,3.3067,100,100,34.5
2026-03-09 15:07:07.325Z,3.2959,3.3047,100,100,26.7
2026-03-09 15:07:08.577Z,3.2955,3.3073,100,100,35.7
2026-03-09 15:07:09.304Z,3.2947,3.3069,100,100,37.0
2026-03-09 15:07:10.794Z,3.2951,3.3071,100,100,36.4
2026-03-09 15:07:11.157Z,3.2956,3.3056,100,100,30.3
2026-03-09 15:07:12.517Z,3.2952,3.3072,100,100,36.4
2026-03-09 15:07:13.025Z,3.2955,3.3053,100,100,29.7
2026-03-09 15:07:14.424Z,3.2942,3.3058,100,100,35.2
2026-03-09 15:07:15.652Z,3.2953,3.3061,100,100,32.7
2026-03-09 15:07:16.881Z,3.2945,3.3061,100,100,35.1
2026-03-09 15:07:17.149Z,3.2949,3.3073,100,100,37.6
2026-03-09 15:07:18.837Z,3.2962,3.3064,100,100,30.9
2026-03-09 15:07:19.671Z,3.2952,3.3050,100,100,29.7
2026-03-09 15:07:20.892Z,3.2967,3.3055,100,100,26.7
2026-03-09 15:07:21.016Z,3.2945,3.3057,100,100,33.9
2026-03-09 15:07:22.510Z,3.2949,3.3071,100,100,37.0
2026-03-09 15:07:23.665Z,3.2953,3.3067,100,100,34.5
2026-03-09 15:07:24.056Z,3.2961,3.3059,100,100,29.7
2026-03-09 15:07:25.844Z,3.2959,3.3043,100,100,25.5
2026-03-09 15:07:26.361Z,3.2959,3.3045,100,100,26.1
2026-03-09 15:07:27.784Z,3.2960,3.3052,100,100,27.9
2026-03-09 15:07:28.457Z,3.2951,3.3061,100,100,33.3
2026-03-09 15:07:29.007Z,3.2949,3.3053,100,100,31.5
2026-03-09 15:07:30.814Z,3.2961,3.3055,100,100,28.5
2026-03-09 15:07:31.470Z,3.2956,3.3046,100,100,27.3
2026-03-09 15:07:32.004Z,3.2948,3.3072,100,100,37.6
2026-03-09 15:07:33.398Z,3.2959,3.3065,100,100,32.1
2026-03-09 15:07:34.423Z,3.2945,3.3061,100,100,35.1
2026-03-09 15:07:35.283Z,3.2955,3.3061,100,100,32.1
2026-03-09 15:07:36.369Z,3.2969,3.3051,100,100,24.8
2026-03-09 15:07:37.130Z,3.2959,3.3057,100,100,29.7
2026-03-09 15:07:38.633Z,3.2950,3.3060,100,100,33.3
2026-03-09 15:07:39.491Z,3.2937,3.3061,100,100,37.6
2026-03-09 15:07:40.350Z,3.2948,3.3056,100,100,32.7
2026-03-09 15:07:41.134Z,3.2945,3.3065,100,100,36.4
2026-03-09 15:07:42.847Z,3.2947,3.3061,100,100,34.5
2026-03-09 15:07:43.889Z,3.2948,3.3062,100,100,34.5
2026-03-09 15:07:44.016Z,3.2955,3.3071,100,100,35.1
2026-03-09 15:07:45.699Z,3.2942,3.3058,100,100,35.2
2026-03-09 15:07:46.284Z,3.2960,3.3062,100,100,30.9
2026-03-09 15:07:47.673Z,3.2954,3.3070,100,100,35.1
2026-03-09 15:07:48.164Z,3.2944,3.3054,100,100,33.3
2026-03-09 15:07:49.787Z,3.2955,3.3061,100,100,32.1
2026-03-09 15:07:50.618Z,3.2950,3.3050,100,100,30.3
2026-03-09 15:07:51.523Z,3.2950,3.3052,100,100,30.9
2026-03-09 15:07:52.402Z,3.2952,3.3064,100,100,33.9
2026-03-09 15:07:53.485Z,3.2953,3.3045,100,100,27.9
2026-03-09 15:07:54.087Z,3.2961,3.3053,100,100,27.9
2026-03-09 15:07:55.392Z,3.2959,3.3051,100,100,27.9
2026-03-09 15:07:56.225Z,3.2956,3.3072,100,100,35.1
2026-03-09 15:07:57.819Z,3.2963,3.3065,100,100,30.9
2026-03-09 15:07:58.185Z,3.2965,3.3053,100,100,26.7
2026-03-09 15:07:59.408Z,3.2952,3.3060,100,100,32.7
2026-03-09 15:08:00.020Z,3.2843,3.2957,100,100,34.7
2026-03-09 15:08:01.462Z,3.2842,3.2948,100,100,32.2
2026-03-09 15:08:02.708Z,3.2858,3.2954,100,100,29.2
2026-03-09 15:08:03.348Z,3.2851,3.2949,100,100,29.8
2026-03-09 15:08:04.442Z,3.2851,3.2937,100,100,26.1
2026-03-09 15:08:05.750Z,3.2843,3.2965,100,100,37.1
2026-03-09 15:08:06.597Z,3.2844,3.2952,100,100,32.8
2026-03-09 15:08:07.698Z,3.2845,3.2961,100,100,35.3
2026-03-09 15:08:08.481Z,3.2842,3.2952,100,100,33.4
2026-03-09 15:08:09.439Z,3.2833,3.2953,100,100,36.5
2026-03-09 15:08:10.724Z,3.2848,3.2962,100,100,34.6
2026-03-09 15:08:11.850Z,3.2857,3.2941,100,100,25.5
2026-03-09 15:08:12.527Z,3.2853,3.2957,100,100,31.6
2026-03-09 15:08:13.159Z,3.2856,3.2950,100,100,28.6
2026-03-09 15:08:14.509Z,3.2851,3.2941,100,100,27.4
2026-03-09 15:08:15.758Z,3.2864,3.2950,100,100,26.1
2026-03-09 15:08:16.813Z,3.2845,3.2959,100,100,34.6
2026-03-09 15:08:17.871Z,3.2851,3.2961,100,100,33.4
2026-03-09 15:08:18.646Z,3.2855,3.2961,100,100,32.2
2026-03-09 15:08:19.021Z,3.2847,3.2953,100,100,32.2
2026-03-09 15:08:20.135Z,3.2848,3.2960,100,100,34.0
2026-03-09 15:08:21.588Z,3.2846,3.2958,100,100,34.0
2026-03-09 15:08:22.826Z,3.2857,3.2939,100,100,24.9
2026-03-09 15:08:23.710Z,3.2861,3.2953,100,100,28.0
2026-03-09 15:08:24.426Z,3.2855,3.2947,100,100,28.0
2026-03-09 15:08:25.835Z,3.2840,3.2946,100,100,32.2
2026-03-09 15:08:26.249Z,3.2845,3.2949,100,100,31.6
2026-03-09 15:08:27.136Z,3.2844,3.2944,100,100,30.4
2026-03-09 15:08:28.194Z,3.2855,3.2953,100,100,29.8
2026-03-09 15:08:29.635Z,3.2838,3.2958,100,100,36.5
2026-03-09 15:08:30.727Z,3.2847,3.2955,100,100,32.8
2026-03-09 15:08:31.842Z,3.2856,3.2958,100,100,31.0
2026-03-09 15:08:32.089Z,3.2849,3.2963,100,100,34.6
2026-03-09 15:08:33.322Z,3.2858,3.2946,100,100,26.7
2026-03-09 15:08:34.287Z,3.2844,3.2954,100,100,33.4
2026-03-09 15:08:35.134Z,3.2847,3.2945,100,100,29.8
2026-03-09 15:08:36.897Z,3.2851,3.2937,100,100,26.1
2026-03-09 15:08:37.538Z,3.2853,3.2947,100,100,28.6
2026-03-09 15:08:38.587Z,3.2854,3.2956,100,100,31.0
2026-03-09 15:08:39.333Z,3.2854,3.2956,100,100,31.0
2026-03-09 15:08:40.480Z,3.2853,3.2941,100,100,26.8
2026-03-09 15:08:41.100Z,3.2849,3.2949,100,100,30.4
2026-03-09 15:08:42.476Z,3.2852,3.2952,100,100,30.4
2026-03-09 15:08:43.853Z,3.2848,3.2940,100,100,28.0
2026-03-09 15:08:44.063Z,3.2837,3.2957,100,100,36.5
2026-03-09 15:08:45.728Z,3.2841,3.2949,100,100,32.8
2026-03-09 15:08:46.520Z,3.2849,3.2949,100,100,30.4
2026-03-09 15:08:47.787Z,3.2839,3.2947,100,100,32.8
2026-03-09 15:08:48.099Z,3.2845,3.2945,100,100,30.4
2026-03-09 15:08:49.191Z,3.2854,3.2954,100,100,30.4
2026-03-09 15:08:50.162Z,3.2847,3.2945,100,100,29.8
2026-03-09 15:08:51.506Z,3.2850,3.2936,100,100,26.1
2026-03-09 15:08:52.384Z,3.2856,3.2960,100,100,31.6
2026-03-09 15:08:53.064Z,3.2849,3.2939,100,100,27.4
2026-03-09 15:08:54.275Z,3.2860,3.2952,100,100,28.0
2026-03-09 15:08:55.536Z,3.2862,3.2946,100,100,25.5
2026-03-09 15:08:56.370Z,3.2853,3.2959,100,100,32.2
2026-03-09 15:08:57.214Z,3.2852,3.2962,100,100,33.4
2026-03-09 15:08:58.689Z,3.2854,3.2960,100,100,32.2
2026-03-09 15:08:59.618Z,3.2849,3.2951,100,100,31.0
2026-03-09 15:16:00.765Z,3.2842,3.2958,100,100,35.3
2026-03-09 15:16:01.074Z,3.2860,3.2952,100,100,28.0
2026-03-09 15:16:02.005Z,3.2845,3.2951,100,100,32.2
2026-03-09 15:16:03.457Z,3.2844,3.2940,100,100,29.2
2026-03-09 15:16:04.711Z,3.2847,3.2965,100,100,35.9
2026-03-09 15:16:05.827Z,3.2839,3.2947,100,100,32.8
2026-03-09 15:16:06.348Z,3.2837,3.2951,100,100,34.7
2026-03-09 15:16:07.379Z,3.2854,3.2946,100,100,28.0
2026-03-09 15:16:08.099Z,3.2857,3.2943,100,100,26.1
2026-03-09 15:16:09.592Z,3.2859,3.2955,100,100,29.2
2026-03-09 15:16:10.793Z,3.2854,3.2940,100,100,26.1
2026-03-09 15:16:11.075Z,3.2851,3.2961,100,100,33.4
2026-03-09 15:16:12.471Z,3.2844,3.2958,100,100,34.6
2026-03-09 15:16:13.164Z,3.2858,3.2952,100,100,28.6
2026-03-09 15:16:14.255Z,3.2848,3.2966,100,100,35.9
2026-03-09 15:16:15.564Z,3.2856,3.2956,100,100,30.4
2026-03-09 15:16:16.545Z,3.2851,3.2949,100,100,29.8
2026-03-09 15:16:17.301Z,3.2835,3.2953,100,100,35.9
2026-03-09 15:16:18.730Z,3.2851,3.2943,100,100,28.0
2026-03-09 15:16:19.301Z,3.2851,3.2955,100,100,31.6
2026-03-09 15:16:20.323Z,3.2853,3.2957,100,100,31.6
2026-03-09 15:16:21.849Z,3.2851,3.2947,100,100,29.2
2026-03-09 15:16:22.524Z,3.2864,3.2950,100,100,26.1
2026-03-09 15:16:23.144Z,3.2852,3.2952,100,100,30.4
2026-03-09 15:16:24.273Z,3.2850,3.2958,100,100,32.8
2026-03-09 15:16:25.011Z,3.2852,3.2956,100,100,31.6
2026-03-09 15:16:26.090Z,3.2846,3.2956,100,100,33.4
2026-03-09 15:16:27.040Z,3.2846,3.2940,100,100,28.6
2026-03-09 15:16:28.023Z,3.2845,3.2943,100,100,29.8
2026-03-09 15:16:29.659Z,3.2842,3.2956,100,100,34.7
2026-03-09 15:16:30.791Z,3.2849,3.2957,100,100,32.8
2026-03-09 15:16:31.611Z,3.2856,3.2958,100,100,31.0
2026-03-09 15:16:32.325Z,3.2842,3.2964,100,100,37.1
2026-03-09 15:16:33.778Z,3.2848,3.2950,100,100,31.0
2026-03-09 15:16:34.794Z,3.2843,3.2955,100,100,34.0
2026-03-09 15:16:35.773Z,3.2846,3.2960,100,100,34.6
2026-03-09 15:16:36.205Z,3.2857,3.2951,100,100,28.6
2026-03-09 15:16:37.393Z,3.2858,3.2950,100,100,28.0
2026-03-09 15:16:38.490Z,3.2852,3.2944,100,100,28.0
2026-03-09 15:16:39.043Z,3.2850,3.2956,100,100,32.2
2026-03-09 15:16:40.215Z,3.2843,3.2949,100,100,32.2
2026-03-09 15:16:41.076Z,3.2835,3.2951,100,100,35.3
2026-03-09 15:16:42.800Z,3.2850,3.2966,100,100,35.2
2026-03-09 15:16:43.001Z,3.2863,3.2947,100,100,25.5
2026-03-09 15:16:44.502Z,3.2849,3.2947,100,100,29.8
2026-03-09 15:16:45.595Z,3.2857,3.2943,100,100,26.1
2026-03-09 15:16:46.236Z,3.2853,3.2937,100,100,25.5
2026-03-09 15:16:47.621Z,3.2842,3.2952,100,100,33.4
2026-03-09 15:16:48.533Z,3.2861,3.2949,100,100,26.7
2026-03-09 15:16:49.761Z,3.2847,3.2957,100,100,33.4
2026-03-09 15:16:50.875Z,3.2839,3.2947,100,100,32.8
2026-03-09 15:16:51.790Z,3.2844,3.2950,100,100,32.2
2026-03-09 15:16:52.859Z,3.2852,3.2946,100,100,28.6
2026-03-09 15:16:53.756Z,3.2841,3.2955,100,100,34.7
2026-03-09 15:16:54.232Z,3.2840,3.2948,100,100,32.8
2026-03-09 15:16:55.417Z,3.2857,3.2949,100,100,28.0
2026-03-09 15:16:56.858Z,3.2855,3.2959,100,100,31.6
2026-03-09 15:16:57.617Z,3.2848,3.2960,100,100,34.0
2026-03-09 15:16:58.075Z,3.2836,3.2956,100,100,36.5
2026-03-09 15:16:59.217Z,3.2854,3.2946,100,100,28.0
2026-03-09 15:17:00.702Z,3.2750,3.2850,100,100,30.5
2026-03-09 15:17:01.287Z,3.2732,3.2852,100,100,36.6
2026-03-09 15:17:02.619Z,3.2753,3.2849,100,100,29.3
2026-03-09 15:17:03.737Z,3.2739,3.2855,100,100,35.4
2026-03-09 15:17:04.437Z,3.2752,3.2848,100,100,29.3
2026-03-09 15:17:05.468Z,3.2753,3.2845,100,100,28.0
2026-03-09 15:17:06.233Z,3.2752,3.2856,100,100,31.7
2026-03-09 15:17:07.301Z,3.2759,3.2845,100,100,26.2
2026-03-09 15:17:08.514Z,3.2753,3.2853,100,100,30.5
2026-03-09 15:17:09.007Z,3.2753,3.2861,100,100,32.9
2026-03-09 15:17:10.433Z,3.2748,3.2838,100,100,27.4
2026-03-09 15:17:11.362Z,3.2757,3.2843,100,100,26.2
2026-03-09 15:17:12.027Z,3.2750,3.2842,100,114,28.1
2026-03-09 15:17:13.116Z,3.2738,3.2860,135,100,37.2
2026-03-09 15:17:14.614Z,3.2756,3.2850,100,100,28.7
2026-03-09 15:17:15.891Z,3.2736,3.2856,100,100,36.6
2026-03-09 15:17:16.776Z,3.2735,3.2853,100,100,36.0
2026-03-09 15:17:17.133Z,3.2742,3.2846,100,100,31.7
2026-03-09 15:17:18.221Z,3.2735,3.2851,100,100,35.4
2026-03-09 15:17:19.292Z,3.2758,3.2858,100,100,30.5
2026-03-09 15:17:20.012Z,3.2759,3.2849,100,100,27.4
2026-03-09 15:17:21.167Z,3.2746,3.2856,100,100,33.5
2026-03-09 15:17:22.460Z,3.2756,3.2852,100,100,29.3
2026-03-09 15:17:23.118Z,3.2748,3.2848,100,100,30.5
2026-03-09 15:17:24.488Z,3.2740,3.2854,100,100,34.8
2026-03-09 15:17:25.722Z,3.2738,3.2856,100,100,36.0
2026-03-09 15:17:26.605Z,3.2745,3.2845,100,100,30.5
2026-03-09 15:17:27.607Z,3.2751,3.2835,100,100,25.6
2026-03-09 15:17:28.378Z,3.2747,3.2843,100,100,29.3
2026-03-09 15:17:29.806Z,3.2758,3.2846,100,100,26.8
2026-03-09 15:17:30.823Z,3.2746,3.2846,100,100,30.5
2026-03-09 15:17:31.178Z,3.2761,3.2845,100,100,25.6
2026-03-09 15:17:32.209Z,3.2746,3.2856,100,100,33.5
2026-03-09 15:17:33.021Z,3.2764,3.2848,100,100,25.6
2026-03-09 15:17:34.036Z,3.2755,3.2839,100,100,25.6
2026-03-09 15:17:35.141Z,3.2749,3.2855,100,100,32.3
2026-03-09 15:17:36.597Z,3.2739,3.2845,100,100,32.3
2026-03-09 15:17:37.243Z,3.2734,3.2854,100,100,36.6
2026-03-09 15:17:38.579Z,3.2741,3.2849,100,100,32.9
2026-03-09 15:17:39.614Z,3.2747,3.2847,100,100,30.5
2026-03-09 15:17:40.764Z,3.2734,3.2852,100,112,36.0
2026-03-09 15:17:41.816Z,3.2736,3.2856,100,100,36.6
2026-03-09 15:17:42.562Z,3.2736,3.2852,100,100,35.4
2026-03-09 15:17:43.646Z,3.2739,3.2849,100,100,33.5
2026-03-09 15:17:44.057Z,3.2761,3.2849,100,100,26.8
2026-03-09 15:17:45.339Z,3.2746,3.2864,100,100,36.0
2026-03-09 15:17:46.635Z,3.2749,3.2849,100,100,30.5
2026-03-09 15:17:47.691Z,3.2741,3.2851,100,100,33.5
2026-03-09 15:17:48.275Z,3.2754,3.2848,100,100,28.7
2026-03-09 15:17:49.715Z,3.2731,3.2853,100,100,37.2
2026-03-09 15:17:50.857Z,3.2749,3.2849,100,100,30.5
2026-03-09 15:17:51.667Z,3.2743,3.2851,100,100,32.9
2026-03-09 15:17:52.882Z,3.2751,3.2833,100,100,25.0
2026-03-09 15:17:53.177Z,3.2732,3.2852,100,100,36.6
2026-03-09 15:17:54.029Z,3.2737,3.2859,100,100,37.2
2026-03-09 15:17:55.691Z,3.2744,3.2862,100,100,36.0
2026-03-09 15:17:56.413Z,3.2736,3.2858,100,100,37.2
2026-03-09 15:17:57.256Z,3.2745,3.2845,100,100,30.5
2026-03-09 15:17:58.083Z,3.2744,3.2840,100,100,29.3
2026-03-09 15:17:59.260Z,3.2744,3.2856,100,100,34.1
2026-03-09 15:19:00.246Z,3.2747,3.2853,100,100,32.3
2026-03-09 15:19:01.897Z,3.2755,3.2849,100,100,28.7
2026-03-09 15:19:02.866Z,3.2730,3.2854,100,100,37.8
2026-03-09 15:19:03.695Z,3.2755,3.2861,100,100,32.3
2026-03-09 15:19:04.806Z,3.2752,3.2864,100,100,34.1
2026-03-09 15:19:05.321Z,3.2748,3.2862,100,100,34.8
2026-03-09 15:19:06.707Z,3.2746,3.2864,100,100,36.0
2026-03-09 15:19:07.650Z,3.2764,3.2848,100,100,25.6
2026-03-09 15:19:08.602Z,3.2747,3.2865,100,100,36.0
2026-03-09 15:19:09.772Z,3.2745,3.2843,100,100,29.9
2026-03-09 15:19:10.129Z,3.2746,3.2846,100,100,30.5
2026-03-09 15:19:11.410Z,3.2747,3.2865,100,100,36.0
2026-03-09 15:19:12.175Z,3.2739,3.2861,100,100,37.2
2026-03-09 15:19:13.007Z,3.2744,3.2840,100,100,29.3
2026-03-09 15:19:14.597Z,3.2743,3.2849,100,100,32.3
2026-03-09 15:19:15.863Z,3.2748,3.2854,100,100,32.3
2026-03-09 15:19:16.042Z,3.2744,3.2864,100,100,36.6
2026-03-09 15:19:17.262Z,3.2745,3.2849,100,100,31.7
2026-03-09 15:19:18.823Z,3.2750,3.2858,100,100,32.9
2026-03-09 15:19:19.648Z,3.2732,3.2852,100,100,36.6
2026-03-09 15:19:20.493Z,3.2754,3.2840,100,100,26.2
2026-03-09 15:19:21.496Z,3.2741,3.2845,100,100,31.7
2026-03-09 15:19:22.779Z,3.2738,3.2860,100,100,37.2
2026-03-09 15:19:23.194Z,3.2754,3.2852,100,100,29.9
2026-03-09 15:19:24.429Z,3.2744,3.2852,100,100,32.9
2026-03-09 15:19:25.056Z,3.2747,3.2863,100,100,35.4
2026-03-09 15:19:26.099Z,3.2747,3.2841,100,100,28.7
2026-03-09 15:19:27.848Z,3.2745,3.2865,100,100,36.6
2026-03-09 15:19:28.650Z,3.2730,3.2856,100,100,38.4
2026-03-09 15:19:29.865Z,3.2753,3.2845,100,100,28.0
2026-03-09 15:19:30.303Z,3.2742,3.2856,100,100,34.8
2026-03-09 15:19:31.824Z,3.2746,3.2862,100,100,35.4
2026-03-09 15:19:32.665Z,3.2743,3.2857,100,100,34.8
2026-03-09 15:19:33.574Z,3.2755,3.2837,100,100,25.0
2026-03-09 15:19:34.349Z,3.2759,3.2847,100,100,26.8
2026-03-09 15:19:35.434Z,3.2734,3.2854,100,100,36.6
2026-03-09 15:19:36.732Z,3.2760,3.2856,100,100,29.3
2026-03-09 15:19:37.256Z,3.2737,3.2847,100,100,33.5
2026-03-09 15:19:38.098Z,3.2746,3.2848,100,100,31.1
2026-03-09 15:19:39.856Z,3.2761,3.2843,100,100,25.0
2026-03-09 15:19:40.835Z,3.2733,3.2855,100,100,37.2
2026-03-09 15:19:41.187Z,3.2742,3.2860,100,100,36.0
2026-03-09 15:19:42.036Z,3.2759,3.2851,100,100,28.0
2026-03-09 15:19:43.439Z,3.2758,3.2856,100,100,29.9
2026-03-09 15:19:44.082Z,3.2744,3.2842,100,100,29.9
2026-03-09 15:19:45.809Z,3.2749,3.2859,100,100,33.5
2026-03-09 15:19:46.420Z,3.2737,3.2851,100,100,34.8
2026-03-09 15:19:47.806Z,3.2740,3.2844,100,100,31.7
2026-03-09 15:19:48.384Z,3.2734,3.2852,100,100,36.0
2026-03-09 15:19:49.751Z,3.2734,3.2854,100,100,36.6
2026-03-09 15:19:50.484Z,3.2752,3.2856,100,100,31.7
2026-03-09 15:19:51.588Z,3.2745,3.2863,100,100,36.0
2026-03-09 15:19:52.538Z,3.2740,3.2862,100,100,37.2
2026-03-09 15:19:53.296Z,3.2758,3.2852,100,100,28.7
2026-03-09 15:19:54.803Z,3.2751,3.2861,100,100,33.5
2026-03-09 15:19:55.155Z,3.2738,3.2850,100,100,34.2
2026-03-09 15:19:56.831Z,3.2750,3.2838,100,100,26.8
2026-03-09 15:19:57.890Z,3.2754,3.2842,100,100,26.8
2026-03-09 15:19:58.854Z,3.2752,3.2852,100,100,30.5
2026-03-09 15:19:59.387Z,3.2750,3.2850,100,100,30.5
2026-03-09 15:20:00.514Z,3.2708,3.2792,100,100,25.6
2026-03-09 15:20:01.239Z,3.2702,3.2806,100,100,31.8
2026-03-09 15:20:02.858Z,3.2701,3.2799,100,100,29.9
2026-03-09 15:20:03.786Z,3.2710,3.2800,100,100,27.5
2026-03-09 15:20:04.180Z,3.2707,3.2799,100,100,28.1
2026-03-09 15:20:05.671Z,3.2712,3.2796,100,100,25.6
2026-03-09 15:20:06.609Z,3.2699,3.2797,100,100,29.9
2026-03-09 15:20:07.259Z,3.2701,3.2785,100,100,25.7
2026-03-09 15:20:08.861Z,3.2690,3.2794,100,100,31.8
2026-03-09 15:20:09.701Z,3.2695,3.2793,100,100,29.9
2026-03-09 15:20:10.153Z,3.2706,3.2810,100,100,31.7
2026-03-09 15:20:11.255Z,3.2697,3.2795,100,100,29.9
2026-03-09 15:20:12.140Z,3.2709,3.2805,100,100,29.3
2026-03-09 15:20:13.536Z,3.2692,3.2804,100,100,34.2
2026-03-09 15:20:14.741Z,3.2702,3.2786,100,100,25.7
2026-03-09 15:20:15.557Z,3.2692,3.2814,100,100,37.2
2026-03-09 15:20:16.308Z,3.2699,3.2799,100,100,30.5
2026-03-09 15:20:17.203Z,3.2700,3.2808,100,100,33.0
2026-03-09 15:20:18.887Z,3.2692,3.2798,100,100,32.4
2026-03-09 15:20:19.601Z,3.2691,3.2797,100,100,32.4
2026-03-09 15:20:20.071Z,3.2702,3.2808,100,100,32.4
2026-03-09 15:20:21.109Z,3.2701,3.2795,100,100,28.7
2026-03-09 15:20:22.348Z,3.2692,3.2802,100,100,33.6
2026-03-09 15:20:23.653Z,3.2699,3.2799,100,100,30.5
2026-03-09 15:20:24.861Z,3.2684,3.2804,100,100,36.6
2026-03-09 15:20:25.266Z,3.2693,3.2821,100,100,39.1
2026-03-09 15:20:26.890Z,3.2706,3.2798,100,100,28.1
2026-03-09 15:20:27.737Z,3.2714,3.2802,100,100,26.9
2026-03-09 15:20:28.879Z,3.2702,3.2806,100,100,31.8
2026-03-09 15:20:29.232Z,3.2716,3.2800,100,100,25.6
2026-03-09 15:20:30.173Z,3.2692,3.2802,100,100,33.6
2026-03-09 15:20:31.127Z,3.2699,3.2789,100,100,27.5
2026-03-09 15:20:32.115Z,3.2693,3.2799,100,100,32.4
2026-03-09 15:20:33.116Z,3.2712,3.2804,100,100,28.1
2026-03-09 15:20:34.538Z,3.2683,3.2809,100,100,38.5
2026-03-09 15:20:35.351Z,3.2687,3.2801,100,100,34.8
2026-03-09 15:20:36.209Z,3.2699,3.2793,100,100,28.7
2026-03-09 15:20:37.347Z,3.2698,3.2810,100,100,34.2
2026-03-09 15:20:38.530Z,3.2696,3.2798,100,100,31.1
2026-03-09 15:20:39.319Z,3.2702,3.2794,100,100,28.1
2026-03-09 15:20:40.087Z,3.2697,3.2813,100,100,35.4
2026-03-09 15:20:41.178Z,3.2693,3.2795,100,100,31.2
2026-03-09 15:20:42.307Z,3.2700,3.2784,100,100,25.7
2026-03-09 15:20:43.708Z,3.2704,3.2806,100,100,31.1
2026-03-09 15:20:44.412Z,3.2695,3.2803,100,100,33.0
2026-03-09 15:20:45.114Z,3.2694,3.2802,100,100,33.0
2026-03-09 15:20:46.108Z,3.2703,3.2813,100,100,33.6
2026-03-09 15:20:47.372Z,3.2704,3.2806,100,100,31.1
2026-03-09 15:20:48.865Z,3.2694,3.2800,100,100,32.4
2026-03-09 15:20:49.469Z,3.2710,3.2798,100,100,26.9
2026-03-09 15:20:50.861Z,3.2691,3.2799,100,100,33.0
2026-03-09 15:20:51.419Z,3.2693,3.2815,100,100,37.2
2026-03-09 15:20:52.441Z,3.2709,3.2801,100,100,28.1
2026-03-09 15:20:53.642Z,3.2695,3.2801,100,100,32.4
2026-03-09 15:20:54.254Z,3.2698,3.2788,100,100,27.5
2026-03-09 15:20:55.804Z,3.2707,3.2795,100,100,26.9
2026-03-09 15:20:56.013Z,3.2694,3.2804,100,100,33.6
2026-03-09 15:20:57.468Z,3.2682,3.2804,100,100,37.3
2026-03-09 15:20:58.455Z,3.2709,3.2795,100,100,26.3
2026-03-09 15:20:59.588Z,3.2700,3.2800,100,100,30.5
2026-03-09 15:27:00.056Z,3.2694,3.2806,100,100,34.2
2026-03-09 15:27:01.750Z,3.2703,3.2793,100,100,27.5
2026-03-09 15:27:02.460Z,3.2697,3.2799,100,100,31.1
2026-03-09 15:27:03.599Z,3.2696,3.2812,100,100,35.4
2026-03-09 15:27:04.635Z,3.2681,3.2803,100,100,37.3
2026-03-09 15:27:05.635Z,3.2705,3.2793,100,100,26.9
2026-03-09 15:27:06.031Z,3.2706,3.2792,100,100,26.3
2026-03-09 15:27:07.274Z,3.2712,3.2800,100,100,26.9
2026-03-09 15:27:08.375Z,3.2697,3.2797,100,100,30.5
2026-03-09 15:27:09.345Z,3.2709,3.2803,100,100,28.7
2026-03-09 15:27:10.727Z,3.2694,3.2796,100,100,31.1
2026-03-09 15:27:11.146Z,3.2700,3.2784,100,100,25.7
2026-03-09 15:27:12.638Z,3.2693,3.2803,100,100,33.6
2026-03-09 15:27:13.339Z,3.2701,3.2807,100,100,32.4
2026-03-09 15:27:14.498Z,3.2703,3.2803,100,100,30.5
2026-03-09 15:27:15.291Z,3.2706,3.2800,100,100,28.7
2026-03-09 15:27:16.410Z,3.2708,3.2798,100,100,27.5
2026-03-09 15:27:17.547Z,3.2699,3.2813,100,100,34.8
2026-03-09 15:27:18.234Z,3.2711,3.2797,100,100,26.3
2026-03-09 15:27:19.681Z,3.2701,3.2803,100,100,31.1
2026-03-09 15:27:20.750Z,3.2698,3.2818,100,100,36.6
2026-03-09 15:27:21.295Z,3.2685,3.2807,100,100,37.3
2026-03-09 15:27:22.748Z,3.2694,3.2810,100,100,35.4
2026-03-09 15:27:23.411Z,3.2690,3.2802,100,100,34.2
2026-03-09 15:27:24.531Z,3.2702,3.2792,100,100,27.5
2026-03-09 15:27:25.372Z,3.2709,3.2805,100,100,29.3
2026-03-09 15:27:26.701Z,3.2693,3.2805,100,100,34.2
2026-03-09 15:27:27.498Z,3.2693,3.2805,100,100,34.2
2026-03-09 15:27:28.653Z,3.2694,3.2802,100,100,33.0
2026-03-09 15:27:29.388Z,3.2696,3.2788,100,100,28.1
2026-03-09 15:27:30.043Z,3.2709,3.2795,100,100,26.3
2026-03-09 15:27:31.553Z,3.2711,3.2801,100,100,27.5
2026-03-09 15:27:32.043Z,3.2692,3.2800,100,100,33.0
2026-03-09 15:27:33.140Z,3.2694,3.2796,100,100,31.1
2026-03-09 15:27:34.608Z,3.2700,3.2794,100,100,28.7
2026-03-09 15:27:35.816Z,3.2686,3.2806,100,100,36.6
2026-03-09 15:27:36.145Z,3.2707,3.2809,100,100,31.1
2026-03-09 15:27:37.653Z,3.2700,3.2814,100,100,34.8
2026-03-09 15:27:38.327Z,3.2700,3.2800,100,100,30.5
2026-03-09 15:27:39.153Z,3.2704,3.2796,100,100,28.1
2026-03-09 15:27:40.796Z,3.2691,3.2809,100,100,36.0
2026-03-09 15:27:41.641Z,3.2694,3.2804,100,100,33.6
2026-03-09 15:27:42.555Z,3.2698,3.2818,100,100,36.6
2026-03-09 15:27:43.585Z,3.2699,3.2807,100,100,33.0
2026-03-09 15:27:44.268Z,3.2711,3.2801,100,100,27.5
2026-03-09 15:27:45.242Z,3.2701,3.2811,100,100,33.6
2026-03-09 15:27:46.568Z,3.2702,3.2790,100,100,26.9
2026-03-09 15:27:47.175Z,3.2683,3.2801,100,100,36.0
2026-03-09 15:27:48.883Z,3.2711,3.2803,100,100,28.1
2026-03-09 15:27:49.427Z,3.2701,3.2809,100,100,33.0
2026-03-09 15:27:50.493Z,3.2697,3.2799,100,100,31.1
2026-03-09 15:27:51.618Z,3.2703,3.2801,100,100,29.9
2026-03-09 15:27:52.859Z,3.2695,3.2809,100,100,34.8
2026-03-09 15:27:53.485Z,3.2694,3.2800,100,100,32.4
2026-03-09 15:27:54.701Z,3.2697,3.2815,100,100,36.0
2026-03-09 15:27:55.140Z,3.2692,3.2798,100,100,32.4
2026-03-09 15:27:56.548Z,3.2699,3.2809,100,100,33.6
2026-03-09 15:27:57.151Z,3.2687,3.2801,100,100,34.8
2026-03-09 15:27:58.723Z,3.2701,3.2797,100,100,29.3
2026-03-09 15:27:59.099Z,3.2693,3.2807,100,100,34.8
2026-03-09 15:32:00.375Z,3.2556,3.2644,100,100,27.0
2026-03-09 15:32:01.515Z,3.2542,3.2656,100,100,35.0
2026-03-09 15:32:02.740Z,3.2539,3.2653,100,100,35.0
2026-03-09 15:32:03.716Z,3.2548,3.2660,100,100,34.4
2026-03-09 15:32:04.843Z,3.2556,3.2654,100,100,30.1
2026-03-09 15:32:05.126Z,3.2551,3.2663,100,100,34.3
2026-03-09 15:32:06.107Z,3.2542,3.2658,100,100,35.6
2026-03-09 15:32:07.313Z,3.2555,3.2657,100,100,31.3
2026-03-09 15:32:08.096Z,3.2540,3.2650,100,100,33.7
2026-03-09 15:32:09.463Z,3.2551,3.2651,100,100,30.7
2026-03-09 15:32:10.181Z,3.2552,3.2640,100,100,27.0
2026-03-09 15:32:11.865Z,3.2551,3.2659,100,100,33.1
2026-03-09 15:32:12.737Z,3.2547,3.2655,100,100,33.1
2026-03-09 15:32:13.035Z,3.2544,3.2650,100,100,32.5
2026-03-09 15:32:14.282Z,3.2563,3.2649,100,100,26.4
2026-03-09 15:32:15.285Z,3.2548,3.2666,100,100,36.2
2026-03-09 15:32:16.653Z,3.2556,3.2660,100,100,31.9
2026-03-09 15:32:17.876Z,3.2551,3.2639,100,100,27.0
2026-03-09 15:32:18.706Z,3.2552,3.2660,100,100,33.1
2026-03-09 15:32:19.431Z,3.2540,3.2660,100,100,36.8
2026-03-09 15:32:20.818Z,3.2539,3.2649,100,100,33.7
2026-03-09 15:32:21.110Z,3.2552,3.2638,100,100,26.4
2026-03-09 15:32:22.004Z,3.2557,3.2645,100,100,27.0
2026-03-09 15:32:23.189Z,3.2547,3.2651,100,100,31.9
2026-03-09 15:32:24.881Z,3.2541,3.2651,100,100,33.7
2026-03-09 15:32:25.662Z,3.2549,3.2655,100,100,32.5
2026-03-09 15:32:26.357Z,3.2540,3.2656,100,100,35.6
2026-03-09 15:32:27.037Z,3.2555,3.2649,100,100,28.8
2026-03-09 15:32:28.755Z,3.2551,3.2643,100,100,28.2
2026-03-09 15:32:29.577Z,3.2556,3.2640,100,100,25.8
2026-03-09 15:32:30.813Z,3.2541,3.2659,100,100,36.2
2026-03-09 15:32:31.180Z,3.2541,3.2645,100,100,31.9
2026-03-09 15:32:32.504Z,3.2558,3.2642,100,100,25.8
2026-03-09 15:32:33.126Z,3.2542,3.2654,100,100,34.4
2026-03-09 15:32:34.821Z,3.2557,3.2643,100,100,26.4
2026-03-09 15:32:35.662Z,3.2541,3.2661,100,100,36.8
2026-03-09 15:32:36.595Z,3.2543,3.2645,100,100,31.3
2026-03-09 15:32:37.406Z,3.2563,3.2647,100,100,25.8
2026-03-09 15:32:38.481Z,3.2550,3.2644,100,100,28.8
2026-03-09 15:32:39.713Z,3.2549,3.2661,100,100,34.4
2026-03-09 15:32:40.802Z,3.2551,3.2651,100,100,30.7
2026-03-09 15:32:41.678Z,3.2544,3.2654,100,100,33.7
2026-03-09 15:32:42.206Z,3.2554,3.2650,100,100,29.4
2026-03-09 15:32:43.095Z,3.2552,3.2640,100,100,27.0
2026-03-09 15:32:44.119Z,3.2550,3.2638,100,100,27.0
2026-03-09 15:32:45.598Z,3.2551,3.2659,100,100,33.1
2026-03-09 15:32:46.051Z,3.2544,3.2656,100,100,34.4
2026-03-09 15:32:47.174Z,3.2543,3.2665,100,100,37.4
2026-03-09 15:32:48.665Z,3.2547,3.2645,100,100,30.1
2026-03-09 15:32:49.168Z,3.2545,3.2667,100,100,37.4
2026-03-09 15:32:50.578Z,3.2532,3.2656,100,100,38.0
2026-03-09 15:32:51.632Z,3.2550,3.2640,100,100,27.6
2026-03-09 15:32:52.155Z,3.2537,3.2657,100,100,36.8
2026-03-09 15:32:53.461Z,3.2557,3.2641,100,100,25.8
2026-03-09 15:32:54.121Z,3.2536,3.2650,100,100,35.0
2026-03-09 15:32:55.718Z,3.2562,3.2652,100,100,27.6
2026-03-09 15:32:56.693Z,3.2551,3.2661,100,100,33.7
2026-03-09 15:32:57.124Z,3.2561,3.2649,100,100,27.0
2026-03-09 15:32:58.865Z,3.2548,3.2652,100,100,31.9
2026-03-09 15:32:59.689Z,3.2553,3.2647,100,100,28.8
2026-03-09 15:47:00.496Z,3.2840,3.2952,100,100,34.0
2026-03-09 15:47:01.184Z,3.2854,3.2938,100,100,25.5
2026-03-09 15:47:02.184Z,3.2836,3.2948,100,100,34.1
2026-03-09 15:47:03.544Z,3.2859,3.2945,100,100,26.1
2026-03-09 15:47:04.144Z,3.2836,3.2954,100,100,35.9
2026-03-09 15:47:05.181Z,3.2849,3.2955,100,100,32.2
2026-03-09 15:47:06.210Z,3.2847,3.2937,100,100,27.4
2026-03-09 15:47:07.281Z,3.2849,3.2943,100,100,28.6
2026-03-09 15:47:08.088Z,3.2840,3.2956,100,100,35.3
2026-03-09 15:47:09.568Z,3.2845,3.2949,100,100,31.6
2026-03-09 15:47:10.460Z,3.2844,3.2956,100,100,34.0
2026-03-09 15:47:11.619Z,3.2852,3.2936,100,100,25.5
2026-03-09 15:47:12.561Z,3.2841,3.2937,100,100,29.2
2026-03-09 15:47:13.061Z,3.2847,3.2943,100,100,29.2
2026-03-09 15:47:14.274Z,3.2835,3.2945,100,100,33.4
2026-03-09 15:47:15.282Z,3.2856,3.2942,100,100,26.1
2026-03-09 15:47:16.557Z,3.2849,3.2959,100,100,33.4
2026-03-09 15:47:17.416Z,3.2846,3.2950,100,100,31.6
2026-03-09 15:47:18.251Z,3.2839,3.2947,100,100,32.8
2026-03-09 15:47:19.673Z,3.2860,3.2948,100,100,26.7
2026-03-09 15:47:20.268Z,3.2837,3.2943,100,100,32.2
2026-03-09 15:47:21.731Z,3.2856,3.2952,100,100,29.2
2026-03-09 15:47:22.555Z,3.2836,3.2954,100,100,35.9
2026-03-09 15:47:23.843Z,3.2842,3.2954,100,100,34.0
2026-03-09 15:47:24.474Z,3.2855,3.2945,100,100,27.4
2026-03-09 15:47:25.609Z,3.2831,3.2947,100,100,35.3
2026-03-09 15:47:26.190Z,3.2855,3.2949,100,100,28.6
2026-03-09 15:47:27.125Z,3.2840,3.2942,100,100,31.0
2026-03-09 15:47:28.196Z,3.2838,3.2952,100,100,34.7
2026-03-09 15:47:29.431Z,3.2855,3.2951,100,100,29.2
2026-03-09 15:47:30.887Z,3.2857,3.2945,100,100,26.7
2026-03-09 15:47:31.052Z,3.2849,3.2955,100,100,32.2
2026-03-09 15:47:32.072Z,3.2851,3.2953,100,100,31.0
2026-03-09 15:47:33.361Z,3.2845,3.2963,100,100,35.9
2026-03-09 15:47:34.485Z,3.2837,3.2951,100,100,34.7
2026-03-09 15:47:35.673Z,3.2833,3.2953,100,100,36.5
2026-03-09 15:47:36.344Z,3.2845,3.2933,100,100,26.8
2026-03-09 15:47:37.036Z,3.2847,3.2929,100,100,24.9
2026-03-09 15:47:38.445Z,3.2855,3.2943,100,100,26.7
2026-03-09 15:47:39.600Z,3.2839,3.2947,100,100,32.8
2026-03-09 15:47:40.493Z,3.2849,3.2953,100,100,31.6
2026-03-09 15:47:41.244Z,3.2847,3.2945,100,100,29.8
2026-03-09 15:47:42.069Z,3.2855,3.2951,100,100,29.2
2026-03-09 15:47:43.844Z,3.2833,3.2955,100,100,37.1
2026-03-09 15:47:44.315Z,3.2845,3.2957,100,100,34.0
2026-03-09 15:47:45.425Z,3.2841,3.2957,100,100,35.3
2026-03-09 15:47:46.122Z,3.2835,3.2951,100,100,35.3
2026-03-09 15:47:47.787Z,3.2850,3.2940,100,100,27.4
2026-03-09 15:47:48.582Z,3.2854,3.2942,100,100,26.7
2026-03-09 15:47:49.174Z,3.2845,3.2953,100,100,32.8
2026-03-09 15:47:50.664Z,3.2834,3.2948,100,100,34.7
2026-03-09 15:47:51.755Z,3.2852,3.2932,100,100,24.3
2026-03-09 15:47:52.376Z,3.2839,3.2953,100,100,34.7
2026-03-09 15:47:53.223Z,3.2830,3.2950,100,100,36.5
2026-03-09 15:47:54.649Z,3.2841,3.2957,100,100,35.3
2026-03-09 15:47:55.184Z,3.2840,3.2948,100,100,32.8
2026-03-09 15:47:56.721Z,3.2842,3.2936,100,100,28.6
2026-03-09 15:47:57.354Z,3.2855,3.2941,100,100,26.1
2026-03-09 15:47:58.787Z,3.2843,3.2939,100,100,29.2
2026-03-09 15:47:59.782Z,3.2852,3.2940,100,100,26.8
2026-03-09 15:51:00.339Z,3.2800,3.2900,100,100,30.4
2026-03-09 15:51:01.159Z,3.2812,3.2898,100,100,26.2
