TimestampUtc,Price,Size,Exchange
2026-03-09 13:30:00.235Z,10.6939,867,SYNTH
2026-03-09 13:30:01.794Z,10.6927,727,SYNTH
2026-03-09 13:30:02.051Z,10.6897,782,SYNTH
2026-03-09 13:30:03.852Z,10.6955,696,SYNTH
2026-03-09 13:30:04.386Z,10.6891,388,SYNTH
2026-03-09 13:30:05.516Z,10.6982,478,SYNTH
2026-03-09 13:30:06.238Z,10.6951,487,SYNTH
2026-03-09 13:30:07.512Z,10.6960,408,SYNTH
2026-03-09 13:30:08.860Z,10.6915,415,SYNTH
2026-03-09 13:30:09.647Z,10.6909,586,SYNTH
2026-03-09 13:30:10.746Z,10.6947,472,SYNTH
2026-03-09 13:30:11.639Z,10.6925,1256,SYNTH
2026-03-09 13:30:12.819Z,10.6980,1282,SYNTH
2026-03-09 13:30:13.570Z,10.6901,1432,SYNTH
2026-03-09 13:30:14.270Z,10.6960,554,SYNTH
2026-03-09 13:30:15.281Z,10.6972,636,SYNTH
2026-03-09 13:30:16.777Z,10.6952,1052,SYNTH
2026-03-09 13:30:17.683Z,10.6968,817,SYNTH
2026-03-09 13:30:18.336Z,10.6919,476,SYNTH
2026-03-09 13:30:19.650Z,10.6985,924,SYNTH
2026-03-09 13:30:20.694Z,10.7153,252,SYNTH
2026-03-09 13:30:21.723Z,10.7372,552,SYNTH
2026-03-09 13:30:22.828Z,10.7561,311,SYNTH
2026-03-09 13:30:23.733Z,10.7893,357,SYNTH
2026-03-09 13:30:24.471Z,10.8185,531,SYNTH
2026-03-09 13:30:25.186Z,10.8557,405,SYNTH
2026-03-09 13:30:26.215Z,10.8928,252,SYNTH
2026-03-09 13:30:27.491Z,10.9294,424,SYNTH
2026-03-09 13:30:28.219Z,10.9749,493,SYNTH
2026-03-09 13:30:29.699Z,11.0138,493,SYNTH
2026-03-09 13:30:30.572Z,11.0513,377,SYNTH
2026-03-09 13:30:31.149Z,11.0886,414,SYNTH
2026-03-09 13:30:32.079Z,11.1257,321,SYNTH
2026-03-09 13:30:33.078Z,11.1591,438,SYNTH
2026-03-09 13:30:34.877Z,11.1911,572,SYNTH
2026-03-09 13:30:35.758Z,11.2154,492,SYNTH
2026-03-09 13:30:36.564Z,11.2296,552,SYNTH
2026-03-09 13:30:37.022Z,11.2456,923,SYNTH
2026-03-09 13:30:38.028Z,11.2495,931,SYNTH
2026-03-09 13:30:39.335Z,11.2523,909,SYNTH
2026-03-09 13:30:40.443Z,11.2381,939,SYNTH
2026-03-09 13:30:41.567Z,11.2275,278,SYNTH
2026-03-09 13:30:42.370Z,11.2067,500,SYNTH
2026-03-09 13:30:43.596Z,11.1926,341,SYNTH
2026-03-09 13:30:44.472Z,11.1775,327,SYNTH
2026-03-09 13:30:45.124Z,11.1679,521,SYNTH
2026-03-09 13:30:46.076Z,11.1606,453,SYNTH
2026-03-09 13:30:47.655Z,11.1693,729,SYNTH
2026-03-09 13:30:48.836Z,11.1617,689,SYNTH
2026-03-09 13:30:49.536Z,11.1561,670,SYNTH
2026-03-09 13:30:50.537Z,11.1527,380,SYNTH
2026-03-09 13:30:51.168Z,11.1446,687,SYNTH
2026-03-09 13:30:52.069Z,11.1370,570,SYNTH
2026-03-09 13:30:53.894Z,11.1332,430,SYNTH
2026-03-09 13:30:54.546Z,11.1267,650,SYNTH
2026-03-09 13:30:55.781Z,11.1159,351,SYNTH
2026-03-09 13:30:56.456Z,11.1130,583,SYNTH
2026-03-09 13:30:57.282Z,11.1110,598,SYNTH
2026-03-09 13:30:58.329Z,11.1089,800,SYNTH
2026-03-09 13:30:59.403Z,11.1047,692,SYNTH
2026-03-09 13:31:00.722Z,11.2335,66,SYNTH
2026-03-09 13:31:01.008Z,11.2252,52,SYNTH
2026-03-09 13:31:02.822Z,11.2406,67,SYNTH
2026-03-09 13:31:03.150Z,11.2412,41,SYNTH
2026-03-09 13:31:04.674Z,11.2471,43,SYNTH
2026-03-09 13:31:05.872Z,11.2582,62,SYNTH
2026-03-09 13:31:06.032Z,11.2626,25,SYNTH
2026-03-09 13:31:07.443Z,11.2713,35,SYNTH
2026-03-09 13:31:08.460Z,11.2748,45,SYNTH
2026-03-09 13:31:09.042Z,11.2810,25,SYNTH
2026-03-09 13:31:10.458Z,11.2889,42,SYNTH
2026-03-09 13:31:11.208Z,11.2927,89,SYNTH
2026-03-09 13:31:12.260Z,11.2931,75,SYNTH
2026-03-09 13:31:13.866Z,11.2831,68,SYNTH
2026-03-09 13:31:14.777Z,11.2901,29,SYNTH
2026-03-09 13:31:15.315Z,11.2796,37,SYNTH
2026-03-09 13:31:16.194Z,11.2771,41,SYNTH
2026-03-09 13:31:17.815Z,11.2755,50,SYNTH
2026-03-09 13:31:18.104Z,11.2808,44,SYNTH
2026-03-09 13:31:19.404Z,11.2791,38,SYNTH
2026-03-09 13:31:20.616Z,11.2705,42,SYNTH
2026-03-09 13:31:21.271Z,11.2772,24,SYNTH
2026-03-09 13:31:22.652Z,11.2687,34,SYNTH
2026-03-09 13:31:23.063Z,11.2665,27,SYNTH
2026-03-09 13:31:24.440Z,11.2594,28,SYNTH
2026-03-09 13:31:25.069Z,11.2586,34,SYNTH
2026-03-09 13:31:26.126Z,11.2543,22,SYNTH
2026-03-09 13:31:27.883Z,11.2474,25,SYNTH
2026-03-09 13:31:28.847Z,11.2511,44,SYNTH
2026-03-09 13:31:29.322Z,11.2451,33,SYNTH
2026-03-09 13:31:30.460Z,11.2403,23,SYNTH
2026-03-09 13:31:31.789Z,11.2366,33,SYNTH
2026-03-09 13:31:32.712Z,11.2309,40,SYNTH
2026-03-09 13:31:33.667Z,11.2290,40,SYNTH
2026-03-09 13:31:34.893Z,11.2231,36,SYNTH
2026-03-09 13:31:35.326Z,11.2246,21,SYNTH
2026-03-09 13:31:36.185Z,11.2216,36,SYNTH
2026-03-09 13:31:37.235Z,11.2153,72,SYNTH
2026-03-09 13:31:38.369Z,11.2158,103,SYNTH
2026-03-09 13:31:39.254Z,11.2215,104,SYNTH
2026-03-09 13:31:40.569Z,11.2241,64,SYNTH
2026-03-09 13:31:41.557Z,11.2187,38,SYNTH
2026-03-09 13:31:42.487Z,11.2230,20,SYNTH
2026-03-09 13:31:43.406Z,11.2168,39,SYNTH
2026-03-09 13:31:44.195Z,11.2239,23,SYNTH
2026-03-09 13:31:45.419Z,11.2159,37,SYNTH
2026-03-09 13:31:46.224Z,11.2249,72,SYNTH
2026-03-09 13:31:47.815Z,11.2186,61,SYNTH
2026-03-09 13:31:48.342Z,11.2248,52,SYNTH
2026-03-09 13:31:49.350Z,11.2219,27,SYNTH
2026-03-09 13:31:50.675Z,11.2176,49,SYNTH
2026-03-09 13:31:51.541Z,11.2158,32,SYNTH
2026-03-09 13:31:52.836Z,11.2230,55,SYNTH
2026-03-09 13:31:53.772Z,11.2163,34,SYNTH
2026-03-09 13:31:54.727Z,11.2254,46,SYNTH
2026-03-09 13:31:55.235Z,11.2259,52,SYNTH
2026-03-09 13:31:56.848Z,11.2173,28,SYNTH
2026-03-09 13:31:57.481Z,11.2160,55,SYNTH
2026-03-09 13:31:58.547Z,11.2198,29,SYNTH
2026-03-09 13:31:59.558Z,11.2231,65,SYNTH
2026-03-09 13:32:00.899Z,11.2118,94,SYNTH
2026-03-09 13:32:01.123Z,11.2071,88,SYNTH
2026-03-09 13:32:02.337Z,11.2076,63,SYNTH
2026-03-09 13:32:03.403Z,11.2133,63,SYNTH
2026-03-09 13:32:04.309Z,11.2077,70,SYNTH
2026-03-09 13:32:05.594Z,11.2132,80,SYNTH
2026-03-09 13:32:06.864Z,11.2068,75,SYNTH
2026-03-09 13:32:07.633Z,11.2127,40,SYNTH
2026-03-09 13:32:08.151Z,11.2065,57,SYNTH
2026-03-09 13:32:09.866Z,11.2108,35,SYNTH
2026-03-09 13:32:10.175Z,11.2148,33,SYNTH
2026-03-09 13:32:11.740Z,11.2079,116,SYNTH
2026-03-09 13:32:12.650Z,11.2115,107,SYNTH
2026-03-09 13:32:13.885Z,11.2107,109,SYNTH
2026-03-09 13:32:14.386Z,11.2053,46,SYNTH
2026-03-09 13:32:15.441Z,11.2135,39,SYNTH
2026-03-09 13:32:16.683Z,11.2129,101,SYNTH
2026-03-09 13:32:17.730Z,11.2099,92,SYNTH
2026-03-09 13:32:18.283Z,11.2136,54,SYNTH
2026-03-09 13:32:19.543Z,11.2078,67,SYNTH
2026-03-09 13:32:20.459Z,11.2195,50,SYNTH
2026-03-09 13:32:21.689Z,11.2204,64,SYNTH
2026-03-09 13:32:22.465Z,11.2299,64,SYNTH
2026-03-09 13:32:23.316Z,11.2407,62,SYNTH
2026-03-09 13:32:24.445Z,11.2499,57,SYNTH
2026-03-09 13:32:25.396Z,11.2617,42,SYNTH
2026-03-09 13:32:26.489Z,11.2713,57,SYNTH
2026-03-09 13:32:27.549Z,11.2818,31,SYNTH
2026-03-09 13:32:28.490Z,11.2927,25,SYNTH
2026-03-09 13:32:29.772Z,11.3061,46,SYNTH
2026-03-09 13:32:30.549Z,11.3180,48,SYNTH
2026-03-09 13:32:31.035Z,11.3308,58,SYNTH
2026-03-09 13:32:32.531Z,11.3410,61,SYNTH
2026-03-09 13:32:33.748Z,11.3473,26,SYNTH
2026-03-09 13:32:34.194Z,11.3599,44,SYNTH
2026-03-09 13:32:35.499Z,11.3618,56,SYNTH
2026-03-09 13:32:36.818Z,11.3725,59,SYNTH
2026-03-09 13:32:37.371Z,11.3738,153,SYNTH
2026-03-09 13:32:38.666Z,11.3740,114,SYNTH
2026-03-09 13:32:39.092Z,11.3716,127,SYNTH
2026-03-09 13:32:40.574Z,11.3708,101,SYNTH
2026-03-09 13:32:41.151Z,11.3604,33,SYNTH
2026-03-09 13:32:42.336Z,11.3528,37,SYNTH
2026-03-09 13:32:43.447Z,11.3428,39,SYNTH
2026-03-09 13:32:44.795Z,11.3386,44,SYNTH
2026-03-09 13:32:45.283Z,11.3295,78,SYNTH
2026-03-09 13:32:46.289Z,11.3291,51,SYNTH
2026-03-09 13:32:47.734Z,11.3352,91,SYNTH
2026-03-09 13:32:48.743Z,11.3246,72,SYNTH
2026-03-09 13:32:49.027Z,11.3151,73,SYNTH
2026-03-09 13:32:50.405Z,11.3079,66,SYNTH
2026-03-09 13:32:51.694Z,11.2935,80,SYNTH
2026-03-09 13:32:52.142Z,11.2769,57,SYNTH
2026-03-09 13:32:53.788Z,11.2675,42,SYNTH
2026-03-09 13:32:54.631Z,11.2537,71,SYNTH
2026-03-09 13:32:55.361Z,11.2435,86,SYNTH
2026-03-09 13:32:56.850Z,11.2345,84,SYNTH
2026-03-09 13:32:57.102Z,11.2260,65,SYNTH
2026-03-09 13:32:58.170Z,11.2199,75,SYNTH
2026-03-09 13:32:59.803Z,11.2164,51,SYNTH
2026-03-09 13:33:00.810Z,11.2203,18,SYNTH
2026-03-09 13:33:01.603Z,11.2227,28,SYNTH
2026-03-09 13:33:02.608Z,11.2232,15,SYNTH
2026-03-09 13:33:03.136Z,11.2253,30,SYNTH
2026-03-09 13:33:04.107Z,11.2212,32,SYNTH
2026-03-09 13:33:05.685Z,11.2179,13,SYNTH
2026-03-09 13:33:06.743Z,11.2175,29,SYNTH
2026-03-09 13:33:07.328Z,11.2166,28,SYNTH
2026-03-09 13:33:08.608Z,11.2235,22,SYNTH
2026-03-09 13:33:09.672Z,11.2201,16,SYNTH
2026-03-09 13:33:10.168Z,11.2167,21,SYNTH
2026-03-09 13:33:11.669Z,11.2163,70,SYNTH
2026-03-09 13:33:12.572Z,11.2229,64,SYNTH
2026-03-09 13:33:13.867Z,11.2199,40,SYNTH
2026-03-09 13:33:14.891Z,11.2211,15,SYNTH
2026-03-09 13:33:15.161Z,11.2196,12,SYNTH
2026-03-09 13:33:16.557Z,11.2225,20,SYNTH
2026-03-09 13:33:17.189Z,11.2171,43,SYNTH
2026-03-09 13:33:18.793Z,11.2256,24,SYNTH
2026-03-09 13:33:19.482Z,11.2187,28,SYNTH
2026-03-09 13:33:20.468Z,11.2128,21,SYNTH
2026-03-09 13:33:21.692Z,11.1996,13,SYNTH
2026-03-09 13:33:22.558Z,11.1951,17,SYNTH
2026-03-09 13:33:23.683Z,11.1841,14,SYNTH
2026-03-09 13:33:24.842Z,11.1684,13,SYNTH
2026-03-09 13:33:25.209Z,11.1559,16,SYNTH
2026-03-09 13:33:26.179Z,11.1423,11,SYNTH
2026-03-09 13:33:27.479Z,11.1297,12,SYNTH
2026-03-09 13:33:28.226Z,11.1104,15,SYNTH
2026-03-09 13:33:29.796Z,11.0988,13,SYNTH
2026-03-09 13:33:30.197Z,11.0855,11,SYNTH
2026-03-09 13:33:31.070Z,11.0687,21,SYNTH
2026-03-09 13:33:32.076Z,11.0569,10,SYNTH
2026-03-09 13:33:33.073Z,11.0436,16,SYNTH
2026-03-09 13:33:34.893Z,11.0326,15,SYNTH
2026-03-09 13:33:35.125Z,11.0215,23,SYNTH
2026-03-09 13:33:36.466Z,11.0169,16,SYNTH
2026-03-09 13:33:37.502Z,11.0114,30,SYNTH
2026-03-09 13:33:38.560Z,11.0062,47,SYNTH
2026-03-09 13:33:39.347Z,11.0113,44,SYNTH
2026-03-09 13:33:40.129Z,11.0135,26,SYNTH
2026-03-09 13:33:41.689Z,11.0172,19,SYNTH
2026-03-09 13:33:42.519Z,11.0211,18,SYNTH
2026-03-09 13:33:43.461Z,11.0231,25,SYNTH
2026-03-09 13:33:44.870Z,11.0267,15,SYNTH
2026-03-09 13:33:45.163Z,11.0310,30,SYNTH
2026-03-09 13:33:46.073Z,11.0230,25,SYNTH
2026-03-09 13:33:47.179Z,11.0226,41,SYNTH
2026-03-09 13:33:48.435Z,11.0234,28,SYNTH
2026-03-09 13:33:49.134Z,11.0302,18,SYNTH
2026-03-09 13:33:50.666Z,11.0205,23,SYNTH
2026-03-09 13:33:51.622Z,11.0161,19,SYNTH
2026-03-09 13:33:52.289Z,11.0164,28,SYNTH
2026-03-09 13:33:53.578Z,11.0159,18,SYNTH
2026-03-09 13:33:54.769Z,11.0151,32,SYNTH
2026-03-09 13:33:55.570Z,11.0124,31,SYNTH
2026-03-09 13:33:56.396Z,11.0107,17,SYNTH
2026-03-09 13:33:57.425Z,11.0061,29,SYNTH
2026-03-09 13:33:58.363Z,11.0120,26,SYNTH
2026-03-09 13:33:59.740Z,11.0065,24,SYNTH
2026-03-09 13:34:00.883Z,11.0023,61,SYNTH
2026-03-09 13:34:01.594Z,10.9960,65,SYNTH
2026-03-09 13:34:02.743Z,10.9929,79,SYNTH
2026-03-09 13:34:03.800Z,10.9967,62,SYNTH
2026-03-09 13:34:04.235Z,10.9880,85,SYNTH
2026-03-09 13:34:05.422Z,10.9882,88,SYNTH
2026-03-09 13:34:06.359Z,10.9834,71,SYNTH
2026-03-09 13:34:07.455Z,10.9803,60,SYNTH
2026-03-09 13:34:08.593Z,10.9763,82,SYNTH
2026-03-09 13:34:09.253Z,10.9711,38,SYNTH
2026-03-09 13:34:10.170Z,10.9769,35,SYNTH
2026-03-09 13:34:11.398Z,10.9684,98,SYNTH
2026-03-09 13:34:12.416Z,10.9674,173,SYNTH
2026-03-09 13:34:13.860Z,10.9691,129,SYNTH
2026-03-09 13:34:14.764Z,10.9736,68,SYNTH
2026-03-09 13:34:15.068Z,10.9736,29,SYNTH
2026-03-09 13:34:16.017Z,10.9772,78,SYNTH
2026-03-09 13:34:17.610Z,10.9722,95,SYNTH
2026-03-09 13:34:18.653Z,10.9772,94,SYNTH
2026-03-09 13:34:19.767Z,10.9824,66,SYNTH
2026-03-09 13:34:20.725Z,10.9852,60,SYNTH
2026-03-09 13:34:21.116Z,10.9816,48,SYNTH
2026-03-09 13:34:22.171Z,10.9903,48,SYNTH
2026-03-09 13:34:23.463Z,10.9963,41,SYNTH
2026-03-09 13:34:24.360Z,11.0040,48,SYNTH
2026-03-09 13:34:25.526Z,11.0103,26,SYNTH
2026-03-09 13:34:26.219Z,11.0168,26,SYNTH
2026-03-09 13:34:27.085Z,11.0219,39,SYNTH
2026-03-09 13:34:28.257Z,11.0334,48,SYNTH
2026-03-09 13:34:29.288Z,11.0400,48,SYNTH
2026-03-09 13:34:30.695Z,11.0483,45,SYNTH
2026-03-09 13:34:31.187Z,11.0597,40,SYNTH
2026-03-09 13:34:32.551Z,11.0598,43,SYNTH
2026-03-09 13:34:33.488Z,11.0688,36,SYNTH
2026-03-09 13:34:34.478Z,11.0724,37,SYNTH
2026-03-09 13:34:35.817Z,11.0792,36,SYNTH
2026-03-09 13:34:36.539Z,11.0833,33,SYNTH
2026-03-09 13:34:37.682Z,11.0826,101,SYNTH
2026-03-09 13:34:38.218Z,11.0857,163,SYNTH
2026-03-09 13:34:39.452Z,11.0877,131,SYNTH
2026-03-09 13:34:40.294Z,11.0820,153,SYNTH
2026-03-09 13:34:41.121Z,11.0823,66,SYNTH
2026-03-09 13:34:42.369Z,11.0794,66,SYNTH
2026-03-09 13:34:43.623Z,11.0797,45,SYNTH
2026-03-09 13:34:44.114Z,11.0776,46,SYNTH
2026-03-09 13:34:45.409Z,11.0760,68,SYNTH
2026-03-09 13:34:46.462Z,11.0742,94,SYNTH
2026-03-09 13:34:47.071Z,11.0819,78,SYNTH
2026-03-09 13:34:48.868Z,11.0755,68,SYNTH
2026-03-09 13:34:49.513Z,11.0808,54,SYNTH
2026-03-09 13:34:50.630Z,11.0800,45,SYNTH
2026-03-09 13:34:51.295Z,11.0828,36,SYNTH
2026-03-09 13:34:52.731Z,11.0861,44,SYNTH
2026-03-09 13:34:53.037Z,11.0786,64,SYNTH
2026-03-09 13:34:54.617Z,11.0804,40,SYNTH
2026-03-09 13:34:55.678Z,11.0845,80,SYNTH
2026-03-09 13:34:56.235Z,11.0849,86,SYNTH
2026-03-09 13:34:57.017Z,11.0869,56,SYNTH
2026-03-09 13:34:58.441Z,11.0905,89,SYNTH
2026-03-09 13:34:59.874Z,11.0834,94,SYNTH
2026-03-09 13:35:00.418Z,11.0104,17,SYNTH
2026-03-09 13:35:01.708Z,11.0148,17,SYNTH
2026-03-09 13:35:02.816Z,11.0064,17,SYNTH
2026-03-09 13:35:03.486Z,11.0091,12,SYNTH
2026-03-09 13:35:04.847Z,11.0114,11,SYNTH
2026-03-09 13:35:05.248Z,11.0085,17,SYNTH
2026-03-09 13:35:06.104Z,11.0099,7,SYNTH
2026-03-09 13:35:07.330Z,11.0122,8,SYNTH
2026-03-09 13:35:08.512Z,11.0047,12,SYNTH
2026-03-09 13:35:09.115Z,11.0124,11,SYNTH
2026-03-09 13:35:10.266Z,11.0065,8,SYNTH
2026-03-09 13:35:11.280Z,11.0144,28,SYNTH
2026-03-09 13:35:12.136Z,11.0096,24,SYNTH
2026-03-09 13:35:13.414Z,11.0107,30,SYNTH
2026-03-09 13:35:14.266Z,11.0145,9,SYNTH
2026-03-09 13:35:15.513Z,11.0076,11,SYNTH
2026-03-09 13:35:16.669Z,11.0073,19,SYNTH
2026-03-09 13:35:17.776Z,11.0150,24,SYNTH
2026-03-09 13:35:18.857Z,11.0079,18,SYNTH
2026-03-09 13:35:19.110Z,11.0085,13,SYNTH
2026-03-09 13:35:20.851Z,11.0078,6,SYNTH
2026-03-09 13:35:21.812Z,11.0138,7,SYNTH
2026-03-09 13:35:22.115Z,11.0108,10,SYNTH
2026-03-09 13:35:23.173Z,11.0166,9,SYNTH
2026-03-09 13:35:24.849Z,11.0135,10,SYNTH
2026-03-09 13:35:25.532Z,11.0091,5,SYNTH
2026-03-09 13:35:26.833Z,11.0076,9,SYNTH
2026-03-09 13:35:27.705Z,11.0092,10,SYNTH
2026-03-09 13:35:28.089Z,11.0142,11,SYNTH
2026-03-09 13:35:29.683Z,11.0075,8,SYNTH
2026-03-09 13:35:30.606Z,11.0088,8,SYNTH
2026-03-09 13:35:31.785Z,11.0066,8,SYNTH
2026-03-09 13:35:32.393Z,11.0146,9,SYNTH
2026-03-09 13:35:33.350Z,11.0068,10,SYNTH
2026-03-09 13:35:34.848Z,11.0071,8,SYNTH
2026-03-09 13:35:35.331Z,11.0114,8,SYNTH
2026-03-09 13:35:36.667Z,11.0133,11,SYNTH
2026-03-09 13:35:37.164Z,11.0130,25,SYNTH
2026-03-09 13:35:38.680Z,11.0066,20,SYNTH
2026-03-09 13:35:39.118Z,11.0044,24,SYNTH
2026-03-09 13:35:40.814Z,11.0085,29,SYNTH
2026-03-09 13:35:41.732Z,11.0117,10,SYNTH
2026-03-09 13:35:42.668Z,11.0056,14,SYNTH
2026-03-09 13:35:43.109Z,11.0139,11,SYNTH
2026-03-09 13:35:44.072Z,11.0078,7,SYNTH
2026-03-09 13:35:45.154Z,11.0145,16,SYNTH
2026-03-09 13:35:46.873Z,11.0090,10,SYNTH
2026-03-09 13:35:47.621Z,11.0096,13,SYNTH
2026-03-09 13:35:48.334Z,11.0059,13,SYNTH
2026-03-09 13:35:49.747Z,11.0091,6,SYNTH
2026-03-09 13:35:50.295Z,11.0044,8,SYNTH
2026-03-09 13:35:51.443Z,11.0136,8,SYNTH
2026-03-09 13:35:52.275Z,11.0139,14,SYNTH
2026-03-09 13:35:53.718Z,11.0068,7,SYNTH
2026-03-09 13:35:54.309Z,11.0122,15,SYNTH
2026-03-09 13:35:55.706Z,11.0139,13,SYNTH
2026-03-09 13:35:56.234Z,11.0053,10,SYNTH
2026-03-09 13:35:57.014Z,11.0087,11,SYNTH
2026-03-09 13:35:58.068Z,11.0111,17,SYNTH
2026-03-09 13:35:59.706Z,11.0131,12,SYNTH
2026-03-09 13:37:00.182Z,11.0130,34,SYNTH
2026-03-09 13:37:01.422Z,11.0065,29,SYNTH
2026-03-09 13:37:02.441Z,11.0146,20,SYNTH
2026-03-09 13:37:03.678Z,11.0082,36,SYNTH
2026-03-09 13:37:04.397Z,11.0072,30,SYNTH
2026-03-09 13:37:05.369Z,11.0070,28,SYNTH
2026-03-09 13:37:06.447Z,11.0141,28,SYNTH
2026-03-09 13:37:07.250Z,11.0069,36,SYNTH
2026-03-09 13:37:08.630Z,11.0119,28,SYNTH
2026-03-09 13:37:09.043Z,11.0059,34,SYNTH
2026-03-09 13:37:10.771Z,11.0128,16,SYNTH
2026-03-09 13:37:11.377Z,11.0054,75,SYNTH
2026-03-09 13:37:12.077Z,11.0142,60,SYNTH
2026-03-09 13:37:13.440Z,11.0073,48,SYNTH
2026-03-09 13:37:14.725Z,11.0105,32,SYNTH
2026-03-09 13:37:15.240Z,11.0134,19,SYNTH
2026-03-09 13:37:16.278Z,11.0119,52,SYNTH
2026-03-09 13:37:17.288Z,11.0051,55,SYNTH
2026-03-09 13:37:18.382Z,11.0046,47,SYNTH
2026-03-09 13:37:19.368Z,11.0147,29,SYNTH
2026-03-09 13:37:20.410Z,11.0028,31,SYNTH
2026-03-09 13:37:21.415Z,10.9994,16,SYNTH
2026-03-09 13:37:22.039Z,10.9952,18,SYNTH
2026-03-09 13:37:23.753Z,10.9916,17,SYNTH
2026-03-09 13:37:24.815Z,10.9795,19,SYNTH
2026-03-09 13:37:25.482Z,10.9748,18,SYNTH
2026-03-09 13:37:26.141Z,10.9681,16,SYNTH
2026-03-09 13:37:27.607Z,10.9616,20,SYNTH
2026-03-09 13:37:28.373Z,10.9537,21,SYNTH
2026-03-09 13:37:29.742Z,10.9468,27,SYNTH
2026-03-09 13:37:30.457Z,10.9368,13,SYNTH
2026-03-09 13:37:31.696Z,10.9253,22,SYNTH
2026-03-09 13:37:32.234Z,10.9229,25,SYNTH
2026-03-09 13:37:33.792Z,10.9174,25,SYNTH
2026-03-09 13:37:34.063Z,10.9105,15,SYNTH
2026-03-09 13:37:35.706Z,10.9061,22,SYNTH
2026-03-09 13:37:36.716Z,10.9006,26,SYNTH
2026-03-09 13:37:37.736Z,10.8971,65,SYNTH
2026-03-09 13:37:38.136Z,10.9032,45,SYNTH
2026-03-09 13:37:39.435Z,10.8979,60,SYNTH
2026-03-09 13:37:40.329Z,10.9058,47,SYNTH
2026-03-09 13:37:41.285Z,10.9066,17,SYNTH
2026-03-09 13:37:42.480Z,10.9064,27,SYNTH
2026-03-09 13:37:43.099Z,10.9119,21,SYNTH
2026-03-09 13:37:44.674Z,10.9045,31,SYNTH
2026-03-09 13:37:45.125Z,10.9156,40,SYNTH
2026-03-09 13:37:46.467Z,10.9096,48,SYNTH
2026-03-09 13:37:47.372Z,10.9139,36,SYNTH
2026-03-09 13:37:48.459Z,10.9097,20,SYNTH
2026-03-09 13:37:49.787Z,10.9136,36,SYNTH
2026-03-09 13:37:50.236Z,10.9059,17,SYNTH
2026-03-09 13:37:51.403Z,10.9045,31,SYNTH
2026-03-09 13:37:52.284Z,10.9110,21,SYNTH
2026-03-09 13:37:53.838Z,10.9027,19,SYNTH
2026-03-09 13:37:54.133Z,10.8986,19,SYNTH
2026-03-09 13:37:55.019Z,10.9062,25,SYNTH
2026-03-09 13:37:56.321Z,10.8995,20,SYNTH
2026-03-09 13:37:57.013Z,10.9051,39,SYNTH
2026-03-09 13:37:58.253Z,10.8973,27,SYNTH
2026-03-09 13:37:59.454Z,10.9002,24,SYNTH
2026-03-09 13:38:00.452Z,10.9008,60,SYNTH
2026-03-09 13:38:01.618Z,10.9055,44,SYNTH
2026-03-09 13:38:02.254Z,10.8966,60,SYNTH
2026-03-09 13:38:03.670Z,10.9092,53,SYNTH
2026-03-09 13:38:04.772Z,10.9105,36,SYNTH
2026-03-09 13:38:05.609Z,10.9129,27,SYNTH
2026-03-09 13:38:06.822Z,10.9129,34,SYNTH
2026-03-09 13:38:07.506Z,10.9192,49,SYNTH
2026-03-09 13:38:08.428Z,10.9246,25,SYNTH
2026-03-09 13:38:09.688Z,10.9292,25,SYNTH
2026-03-09 13:38:10.696Z,10.9297,45,SYNTH
2026-03-09 13:38:11.673Z,10.9310,53,SYNTH
2026-03-09 13:38:12.222Z,10.9325,59,SYNTH
2026-03-09 13:38:13.537Z,10.9269,111,SYNTH
2026-03-09 13:38:14.750Z,10.9225,23,SYNTH
2026-03-09 13:38:15.754Z,10.9318,27,SYNTH
2026-03-09 13:38:16.152Z,10.9200,69,SYNTH
2026-03-09 13:38:17.590Z,10.9210,78,SYNTH
2026-03-09 13:38:18.893Z,10.9172,48,SYNTH
2026-03-09 13:38:19.417Z,10.9268,59,SYNTH
2026-03-09 13:38:20.608Z,10.9183,26,SYNTH
2026-03-09 13:38:21.764Z,10.9227,19,SYNTH
2026-03-09 13:38:22.494Z,10.9150,22,SYNTH
2026-03-09 13:38:23.619Z,10.9101,32,SYNTH
2026-03-09 13:38:24.524Z,10.9105,21,SYNTH
2026-03-09 13:38:25.112Z,10.9101,17,SYNTH
2026-03-09 13:38:26.302Z,10.9033,31,SYNTH
2026-03-09 13:38:27.416Z,10.9008,30,SYNTH
2026-03-09 13:38:28.419Z,10.8994,20,SYNTH
2026-03-09 13:38:29.257Z,10.8968,19,SYNTH
2026-03-09 13:38:30.722Z,10.8911,38,SYNTH
2026-03-09 13:38:31.062Z,10.8897,19,SYNTH
2026-03-09 13:38:32.689Z,10.8840,40,SYNTH
2026-03-09 13:38:33.353Z,10.8845,40,SYNTH
2026-03-09 13:38:34.249Z,10.8828,30,SYNTH
2026-03-09 13:38:35.754Z,10.8782,22,SYNTH
2026-03-09 13:38:36.480Z,10.8789,17,SYNTH
2026-03-09 13:38:37.245Z,10.8815,51,SYNTH
2026-03-09 13:38:38.071Z,10.8823,57,SYNTH
2026-03-09 13:38:39.821Z,10.8772,79,SYNTH
2026-03-09 13:38:40.087Z,10.8815,68,SYNTH
2026-03-09 13:38:41.409Z,10.8846,33,SYNTH
2026-03-09 13:38:42.067Z,10.8837,20,SYNTH
2026-03-09 13:38:43.248Z,10.8816,23,SYNTH
2026-03-09 13:38:44.694Z,10.8858,45,SYNTH
2026-03-09 13:38:45.530Z,10.8870,51,SYNTH
2026-03-09 13:38:46.885Z,10.8785,37,SYNTH
2026-03-09 13:38:47.686Z,10.8779,67,SYNTH
2026-03-09 13:38:48.277Z,10.8813,29,SYNTH
2026-03-09 13:38:49.134Z,10.8835,41,SYNTH
2026-03-09 13:38:50.836Z,10.8803,32,SYNTH
2026-03-09 13:38:51.407Z,10.8781,29,SYNTH
2026-03-09 13:38:52.046Z,10.8838,44,SYNTH
2026-03-09 13:38:53.458Z,10.8779,53,SYNTH
2026-03-09 13:38:54.401Z,10.8860,34,SYNTH
2026-03-09 13:38:55.312Z,10.8769,51,SYNTH
2026-03-09 13:38:56.864Z,10.8788,35,SYNTH
2026-03-09 13:38:57.870Z,10.8768,37,SYNTH
2026-03-09 13:38:58.655Z,10.8817,50,SYNTH
2026-03-09 13:38:59.641Z,10.8787,38,SYNTH
2026-03-09 13:39:00.324Z,10.8035,58,SYNTH
2026-03-09 13:39:01.181Z,10.7963,64,SYNTH
2026-03-09 13:39:02.172Z,10.8072,29,SYNTH
2026-03-09 13:39:03.582Z,10.8067,45,SYNTH
2026-03-09 13:39:04.445Z,10.8116,36,SYNTH
2026-03-09 13:39:05.679Z,10.8157,46,SYNTH
2026-03-09 13:39:06.534Z,10.8245,26,SYNTH
2026-03-09 13:39:07.566Z,10.8252,37,SYNTH
2026-03-09 13:39:08.611Z,10.8293,37,SYNTH
2026-03-09 13:39:09.740Z,10.8356,38,SYNTH
2026-03-09 13:39:10.557Z,10.8375,30,SYNTH
2026-03-09 13:39:11.730Z,10.8408,75,SYNTH
2026-03-09 13:39:12.010Z,10.8381,99,SYNTH
2026-03-09 13:39:13.405Z,10.8364,117,SYNTH
2026-03-09 13:39:14.165Z,10.8378,35,SYNTH
2026-03-09 13:39:15.837Z,10.8342,36,SYNTH
2026-03-09 13:39:16.327Z,10.8296,50,SYNTH
2026-03-09 13:39:17.536Z,10.8337,78,SYNTH
2026-03-09 13:39:18.510Z,10.8262,43,SYNTH
2026-03-09 13:39:19.390Z,10.8350,39,SYNTH
2026-03-09 13:39:20.394Z,10.8261,25,SYNTH
2026-03-09 13:39:21.778Z,10.8300,37,SYNTH
2026-03-09 13:39:22.458Z,10.8246,21,SYNTH
2026-03-09 13:39:23.246Z,10.8224,28,SYNTH
2026-03-09 13:39:24.371Z,10.8174,27,SYNTH
2026-03-09 13:39:25.778Z,10.8109,37,SYNTH
2026-03-09 13:39:26.708Z,10.8090,24,SYNTH
2026-03-09 13:39:27.557Z,10.8097,26,SYNTH
2026-03-09 13:39:28.833Z,10.7980,23,SYNTH
2026-03-09 13:39:29.462Z,10.8007,36,SYNTH
2026-03-09 13:39:30.402Z,10.7930,33,SYNTH
2026-03-09 13:39:31.072Z,10.7929,19,SYNTH
2026-03-09 13:39:32.678Z,10.7856,39,SYNTH
2026-03-09 13:39:33.354Z,10.7787,40,SYNTH
2026-03-09 13:39:34.876Z,10.7797,28,SYNTH
2026-03-09 13:39:35.369Z,10.7746,27,SYNTH
2026-03-09 13:39:36.655Z,10.7740,28,SYNTH
2026-03-09 13:39:37.656Z,10.7781,46,SYNTH
2026-03-09 13:39:38.662Z,10.7732,70,SYNTH
2026-03-09 13:39:39.198Z,10.7722,97,SYNTH
2026-03-09 13:39:40.326Z,10.7746,68,SYNTH
2026-03-09 13:39:41.877Z,10.7789,36,SYNTH
2026-03-09 13:39:42.437Z,10.7777,28,SYNTH
2026-03-09 13:39:43.109Z,10.7809,29,SYNTH
2026-03-09 13:39:44.170Z,10.7749,33,SYNTH
2026-03-09 13:39:45.629Z,10.7809,34,SYNTH
2026-03-09 13:39:46.035Z,10.7749,43,SYNTH
2026-03-09 13:39:47.374Z,10.7829,63,SYNTH
2026-03-09 13:39:48.185Z,10.7835,44,SYNTH
2026-03-09 13:39:49.045Z,10.7756,29,SYNTH
2026-03-09 13:39:50.774Z,10.7751,25,SYNTH
2026-03-09 13:39:51.833Z,10.7809,52,SYNTH
2026-03-09 13:39:52.788Z,10.7765,53,SYNTH
2026-03-09 13:39:53.500Z,10.7742,48,SYNTH
2026-03-09 13:39:54.188Z,10.7795,46,SYNTH
2026-03-09 13:39:55.479Z,10.7727,25,SYNTH
2026-03-09 13:39:56.116Z,10.7805,55,SYNTH
2026-03-09 13:39:57.794Z,10.7722,51,SYNTH
2026-03-09 13:39:58.683Z,10.7804,32,SYNTH
2026-03-09 13:39:59.521Z,10.7721,49,SYNTH
2026-03-09 13:40:00.394Z,10.7912,97,SYNTH
2026-03-09 13:40:01.696Z,10.7930,71,SYNTH
2026-03-09 13:40:02.399Z,10.7935,84,SYNTH
2026-03-09 13:40:03.436Z,10.7875,50,SYNTH
2026-03-09 13:40:04.307Z,10.7877,82,SYNTH
2026-03-09 13:40:05.079Z,10.7917,58,SYNTH
2026-03-09 13:40:06.225Z,10.7855,71,SYNTH
2026-03-09 13:40:07.195Z,10.7946,64,SYNTH
2026-03-09 13:40:08.582Z,10.7844,50,SYNTH
2026-03-09 13:40:09.495Z,10.7905,54,SYNTH
2026-03-09 13:40:10.342Z,10.7934,75,SYNTH
2026-03-09 13:40:11.850Z,10.7922,195,SYNTH
2026-03-09 13:40:12.257Z,10.7853,116,SYNTH
2026-03-09 13:40:13.631Z,10.7846,184,SYNTH
2026-03-09 13:40:14.494Z,10.7920,69,SYNTH
2026-03-09 13:40:15.210Z,10.7887,67,SYNTH
2026-03-09 13:40:16.099Z,10.7933,112,SYNTH
2026-03-09 13:40:17.533Z,10.7926,102,SYNTH
2026-03-09 13:40:18.810Z,10.7931,101,SYNTH
2026-03-09 13:40:19.680Z,10.7902,108,SYNTH
2026-03-09 13:40:20.006Z,10.7989,63,SYNTH
2026-03-09 13:40:21.361Z,10.7985,68,SYNTH
2026-03-09 13:40:22.080Z,10.7990,44,SYNTH
2026-03-09 13:40:23.268Z,10.8095,31,SYNTH
2026-03-09 13:40:24.687Z,10.8148,35,SYNTH
2026-03-09 13:40:25.534Z,10.8206,59,SYNTH
2026-03-09 13:40:26.293Z,10.8272,63,SYNTH
2026-03-09 13:40:27.474Z,10.8360,47,SYNTH
2026-03-09 13:40:28.589Z,10.8386,31,SYNTH
2026-03-09 13:40:29.146Z,10.8524,40,SYNTH
2026-03-09 13:40:30.491Z,10.8579,30,SYNTH
2026-03-09 13:40:31.609Z,10.8606,29,SYNTH
2026-03-09 13:40:32.582Z,10.8655,64,SYNTH
2026-03-09 13:40:33.248Z,10.8764,63,SYNTH
2026-03-09 13:40:34.743Z,10.8802,31,SYNTH
2026-03-09 13:40:35.250Z,10.8851,40,SYNTH
2026-03-09 13:40:36.378Z,10.8880,42,SYNTH
2026-03-09 13:40:37.653Z,10.8907,128,SYNTH
2026-03-09 13:40:38.268Z,10.8934,130,SYNTH
2026-03-09 13:40:39.843Z,10.8957,127,SYNTH
2026-03-09 13:40:40.033Z,10.8868,106,SYNTH
2026-03-09 13:40:41.712Z,10.8829,44,SYNTH
2026-03-09 13:40:42.081Z,10.8893,50,SYNTH
2026-03-09 13:40:43.807Z,10.8793,73,SYNTH
2026-03-09 13:40:44.675Z,10.8842,42,SYNTH
2026-03-09 13:40:45.050Z,10.8784,90,SYNTH
2026-03-09 13:40:46.086Z,10.8774,80,SYNTH
2026-03-09 13:40:47.336Z,10.8798,79,SYNTH
2026-03-09 13:40:48.246Z,10.8763,68,SYNTH
2026-03-09 13:40:49.680Z,10.8779,67,SYNTH
2026-03-09 13:40:50.036Z,10.8821,69,SYNTH
2026-03-09 13:40:51.194Z,10.8842,36,SYNTH
2026-03-09 13:40:52.517Z,10.8807,67,SYNTH
2026-03-09 13:40:53.853Z,10.8868,82,SYNTH
2026-03-09 13:40:54.011Z,10.8866,79,SYNTH
2026-03-09 13:40:55.171Z,10.8893,88,SYNTH
2026-03-09 13:40:56.229Z,10.8895,43,SYNTH
2026-03-09 13:40:57.874Z,10.8874,78,SYNTH
2026-03-09 13:40:58.518Z,10.8914,100,SYNTH
2026-03-09 13:40:59.853Z,10.8875,101,SYNTH
2026-03-09 13:41:00.355Z,10.8639,30,SYNTH
2026-03-09 13:41:01.796Z,10.8648,23,SYNTH
2026-03-09 13:41:02.843Z,10.8564,40,SYNTH
2026-03-09 13:41:03.241Z,10.8465,28,SYNTH
2026-03-09 13:41:04.434Z,10.8416,18,SYNTH
2026-03-09 13:41:05.544Z,10.8396,34,SYNTH
2026-03-09 13:41:06.786Z,10.8329,37,SYNTH
2026-03-09 13:41:07.360Z,10.8278,23,SYNTH
2026-03-09 13:41:08.232Z,10.8197,33,SYNTH
2026-03-09 13:41:09.694Z,10.8188,30,SYNTH
2026-03-09 13:41:10.823Z,10.8112,16,SYNTH
2026-03-09 13:41:11.679Z,10.8056,53,SYNTH
2026-03-09 13:41:12.113Z,10.8153,73,SYNTH
2026-03-09 13:41:13.712Z,10.8059,44,SYNTH
2026-03-09 13:41:14.489Z,10.8175,18,SYNTH
2026-03-09 13:41:15.051Z,10.8202,17,SYNTH
2026-03-09 13:41:16.049Z,10.8154,35,SYNTH
2026-03-09 13:41:17.204Z,10.8228,28,SYNTH
2026-03-09 13:41:18.462Z,10.8245,31,SYNTH
2026-03-09 13:41:19.845Z,10.8275,27,SYNTH
2026-03-09 13:41:20.651Z,10.8202,20,SYNTH
2026-03-09 13:41:21.588Z,10.8289,21,SYNTH
2026-03-09 13:41:22.579Z,10.8319,25,SYNTH
2026-03-09 13:41:23.808Z,10.8338,26,SYNTH
2026-03-09 13:41:24.255Z,10.8380,20,SYNTH
2026-03-09 13:41:25.675Z,10.8444,18,SYNTH
2026-03-09 13:41:26.825Z,10.8460,17,SYNTH
2026-03-09 13:41:27.108Z,10.8472,24,SYNTH
2026-03-09 13:41:28.532Z,10.8512,28,SYNTH
2026-03-09 13:41:29.295Z,10.8545,14,SYNTH
2026-03-09 13:41:30.321Z,10.8633,24,SYNTH
2026-03-09 13:41:31.030Z,10.8592,15,SYNTH
2026-03-09 13:41:32.556Z,10.8666,17,SYNTH
2026-03-09 13:41:33.073Z,10.8711,17,SYNTH
2026-03-09 13:41:34.289Z,10.8733,13,SYNTH
2026-03-09 13:41:35.358Z,10.8792,19,SYNTH
2026-03-09 13:41:36.860Z,10.8817,16,SYNTH
2026-03-09 13:41:37.678Z,10.8838,36,SYNTH
2026-03-09 13:41:38.105Z,10.8810,60,SYNTH
2026-03-09 13:41:39.437Z,10.8775,49,SYNTH
2026-03-09 13:41:40.195Z,10.8801,59,SYNTH
2026-03-09 13:41:41.609Z,10.8727,15,SYNTH
2026-03-09 13:41:42.701Z,10.8811,21,SYNTH
2026-03-09 13:41:43.549Z,10.8811,30,SYNTH
2026-03-09 13:41:44.263Z,10.8716,20,SYNTH
2026-03-09 13:41:45.662Z,10.8794,30,SYNTH
2026-03-09 13:41:46.371Z,10.8731,48,SYNTH
2026-03-09 13:41:47.848Z,10.8751,42,SYNTH
2026-03-09 13:41:48.504Z,10.8804,23,SYNTH
2026-03-09 13:41:49.466Z,10.8741,25,SYNTH
2026-03-09 13:41:50.667Z,10.8792,38,SYNTH
2026-03-09 13:41:51.245Z,10.8798,17,SYNTH
2026-03-09 13:41:52.632Z,10.8826,25,SYNTH
2026-03-09 13:41:53.884Z,10.8778,30,SYNTH
2026-03-09 13:41:54.046Z,10.8834,20,SYNTH
2026-03-09 13:41:55.050Z,10.8765,41,SYNTH
2026-03-09 13:41:56.055Z,10.8776,31,SYNTH
2026-03-09 13:41:57.895Z,10.8838,20,SYNTH
2026-03-09 13:41:58.837Z,10.8815,45,SYNTH
2026-03-09 13:41:59.788Z,10.8793,39,SYNTH
2026-03-09 13:42:00.058Z,10.9029,9,SYNTH
2026-03-09 13:42:01.201Z,10.8946,13,SYNTH
2026-03-09 13:42:02.483Z,10.9011,6,SYNTH
2026-03-09 13:42:03.570Z,10.8996,9,SYNTH
2026-03-09 13:42:04.804Z,10.8976,11,SYNTH
2026-03-09 13:42:05.858Z,10.9011,12,SYNTH
2026-03-09 13:42:06.057Z,10.9057,12,SYNTH
2026-03-09 13:42:07.879Z,10.8976,9,SYNTH
2026-03-09 13:42:08.559Z,10.9018,8,SYNTH
2026-03-09 13:42:09.016Z,10.9029,9,SYNTH
2026-03-09 13:42:10.277Z,10.8949,9,SYNTH
2026-03-09 13:42:11.656Z,10.9023,24,SYNTH
2026-03-09 13:42:12.091Z,10.8986,24,SYNTH
2026-03-09 13:42:13.038Z,10.9027,13,SYNTH
2026-03-09 13:42:14.716Z,10.8953,9,SYNTH
2026-03-09 13:42:15.662Z,10.9025,9,SYNTH
2026-03-09 13:42:16.884Z,10.8981,18,SYNTH
2026-03-09 13:42:17.444Z,10.9015,14,SYNTH
2026-03-09 13:42:18.106Z,10.8977,8,SYNTH
2026-03-09 13:42:19.384Z,10.8947,16,SYNTH
2026-03-09 13:42:20.484Z,10.9051,8,SYNTH
2026-03-09 13:42:21.800Z,10.9047,8,SYNTH
2026-03-09 13:42:22.569Z,10.9014,5,SYNTH
2026-03-09 13:42:23.115Z,10.9059,6,SYNTH
2026-03-09 13:42:24.829Z,10.9065,6,SYNTH
2026-03-09 13:42:25.552Z,10.8983,7,SYNTH
2026-03-09 13:42:26.014Z,10.9039,8,SYNTH
2026-03-09 13:42:27.381Z,10.9017,7,SYNTH
2026-03-09 13:42:28.411Z,10.9049,5,SYNTH
2026-03-09 13:42:29.408Z,10.9074,4,SYNTH
2026-03-09 13:42:30.596Z,10.9012,9,SYNTH
2026-03-09 13:42:31.671Z,10.9102,6,SYNTH
2026-03-09 13:42:32.036Z,10.9091,4,SYNTH
2026-03-09 13:42:33.650Z,10.9109,5,SYNTH
2026-03-09 13:42:34.113Z,10.9029,9,SYNTH
2026-03-09 13:42:35.667Z,10.9090,8,SYNTH
2026-03-09 13:42:36.586Z,10.9121,5,SYNTH
2026-03-09 13:42:37.857Z,10.9085,20,SYNTH
2026-03-09 13:42:38.704Z,10.9159,18,SYNTH
2026-03-09 13:42:39.206Z,10.9074,25,SYNTH
2026-03-09 13:42:40.673Z,10.9118,14,SYNTH
2026-03-09 13:42:41.841Z,10.9061,5,SYNTH
2026-03-09 13:42:42.090Z,10.9046,6,SYNTH
2026-03-09 13:42:43.267Z,10.9091,6,SYNTH
2026-03-09 13:42:44.741Z,10.9134,5,SYNTH
2026-03-09 13:42:45.097Z,10.9059,9,SYNTH
2026-03-09 13:42:46.755Z,10.9110,14,SYNTH
2026-03-09 13:42:47.539Z,10.9116,12,SYNTH
2026-03-09 13:42:48.304Z,10.9130,6,SYNTH
2026-03-09 13:42:49.821Z,10.9087,10,SYNTH
2026-03-09 13:42:50.773Z,10.9119,6,SYNTH
2026-03-09 13:42:51.207Z,10.9069,12,SYNTH
2026-03-09 13:42:52.323Z,10.9123,7,SYNTH
2026-03-09 13:42:53.074Z,10.9145,10,SYNTH
2026-03-09 13:42:54.511Z,10.9054,5,SYNTH
2026-03-09 13:42:55.670Z,10.9059,11,SYNTH
2026-03-09 13:42:56.577Z,10.9136,11,SYNTH
2026-03-09 13:42:57.170Z,10.9053,12,SYNTH
2026-03-09 13:42:58.311Z,10.9099,6,SYNTH
2026-03-09 13:42:59.831Z,10.9118,15,SYNTH
2026-03-09 13:43:00.497Z,10.9839,11,SYNTH
2026-03-09 13:43:01.582Z,10.9762,15,SYNTH
2026-03-09 13:43:02.671Z,10.9771,11,SYNTH
2026-03-09 13:43:03.522Z,10.9846,17,SYNTH
2026-03-09 13:43:04.069Z,10.9835,24,SYNTH
2026-03-09 13:43:05.366Z,10.9792,11,SYNTH
2026-03-09 13:43:06.829Z,10.9789,19,SYNTH
2026-03-09 13:43:07.445Z,10.9763,18,SYNTH
2026-03-09 13:43:08.782Z,10.9754,17,SYNTH
2026-03-09 13:43:09.674Z,10.9754,10,SYNTH
2026-03-09 13:43:10.808Z,10.9821,15,SYNTH
2026-03-09 13:43:11.191Z,10.9776,49,SYNTH
2026-03-09 13:43:12.612Z,10.9834,25,SYNTH
2026-03-09 13:43:13.667Z,10.9752,41,SYNTH
2026-03-09 13:43:14.465Z,10.9818,11,SYNTH
2026-03-09 13:43:15.700Z,10.9850,8,SYNTH
2026-03-09 13:43:16.465Z,10.9760,24,SYNTH
2026-03-09 13:43:17.631Z,10.9823,16,SYNTH
2026-03-09 13:43:18.478Z,10.9830,30,SYNTH
2026-03-09 13:43:19.587Z,10.9778,33,SYNTH
2026-03-09 13:43:20.822Z,10.9788,10,SYNTH
2026-03-09 13:43:21.281Z,10.9821,15,SYNTH
2026-03-09 13:43:22.205Z,10.9754,11,SYNTH
2026-03-09 13:43:23.157Z,10.9826,15,SYNTH
2026-03-09 13:43:24.317Z,10.9853,10,SYNTH
2026-03-09 13:43:25.189Z,10.9778,12,SYNTH
2026-03-09 13:43:26.547Z,10.9836,13,SYNTH
2026-03-09 13:43:27.620Z,10.9751,7,SYNTH
2026-03-09 13:43:28.467Z,10.9804,17,SYNTH
2026-03-09 13:43:29.303Z,10.9830,8,SYNTH
2026-03-09 13:43:30.706Z,10.9749,8,SYNTH
2026-03-09 13:43:31.793Z,10.9826,15,SYNTH
2026-03-09 13:43:32.320Z,10.9849,10,SYNTH
2026-03-09 13:43:33.206Z,10.9754,7,SYNTH
2026-03-09 13:43:34.554Z,10.9809,15,SYNTH
2026-03-09 13:43:35.267Z,10.9753,16,SYNTH
2026-03-09 13:43:36.106Z,10.9820,10,SYNTH
2026-03-09 13:43:37.856Z,10.9773,29,SYNTH
2026-03-09 13:43:38.455Z,10.9826,25,SYNTH
2026-03-09 13:43:39.241Z,10.9827,30,SYNTH
2026-03-09 13:43:40.421Z,10.9777,22,SYNTH
2026-03-09 13:43:41.507Z,10.9828,15,SYNTH
2026-03-09 13:43:42.127Z,10.9846,11,SYNTH
2026-03-09 13:43:43.358Z,10.9748,15,SYNTH
2026-03-09 13:43:44.407Z,10.9837,8,SYNTH
2026-03-09 13:43:45.143Z,10.9820,20,SYNTH
2026-03-09 13:43:46.013Z,10.9751,20,SYNTH
2026-03-09 13:43:47.278Z,10.9862,17,SYNTH
2026-03-09 13:43:48.072Z,10.9800,13,SYNTH
2026-03-09 13:43:49.142Z,10.9783,10,SYNTH
2026-03-09 13:43:50.801Z,10.9783,19,SYNTH
2026-03-09 13:43:51.246Z,10.9836,19,SYNTH
2026-03-09 13:43:52.091Z,10.9861,21,SYNTH
2026-03-09 13:43:53.403Z,10.9776,22,SYNTH
2026-03-09 13:43:54.415Z,10.9779,24,SYNTH
2026-03-09 13:43:55.384Z,10.9819,14,SYNTH
2026-03-09 13:43:56.360Z,10.9824,24,SYNTH
2026-03-09 13:43:57.439Z,10.9799,15,SYNTH
2026-03-09 13:43:58.097Z,10.9854,14,SYNTH
2026-03-09 13:43:59.847Z,10.9767,18,SYNTH
2026-03-09 13:46:00.499Z,10.9201,4,SYNTH
2026-03-09 13:46:01.134Z,10.9185,6,SYNTH
2026-03-09 13:46:02.518Z,10.9171,5,SYNTH
2026-03-09 13:46:03.603Z,10.9232,4,SYNTH
2026-03-09 13:46:04.272Z,10.9258,3,SYNTH
2026-03-09 13:46:05.112Z,10.9172,5,SYNTH
2026-03-09 13:46:06.779Z,10.9238,3,SYNTH
2026-03-09 13:46:07.614Z,10.9155,3,SYNTH
2026-03-09 13:46:08.524Z,10.9218,5,SYNTH
2026-03-09 13:46:09.585Z,10.9168,5,SYNTH
2026-03-09 13:46:10.896Z,10.9149,3,SYNTH
2026-03-09 13:46:11.336Z,10.9177,12,SYNTH
2026-03-09 13:46:12.263Z,10.9197,11,SYNTH
2026-03-09 13:46:13.760Z,10.9234,5,SYNTH
2026-03-09 13:46:14.175Z,10.9221,4,SYNTH
2026-03-09 13:46:15.469Z,10.9157,5,SYNTH
2026-03-09 13:46:16.100Z,10.9203,5,SYNTH
2026-03-09 13:46:17.828Z,10.9204,5,SYNTH
2026-03-09 13:46:18.429Z,10.9168,5,SYNTH
2026-03-09 13:46:19.821Z,10.9209,7,SYNTH
2026-03-09 13:46:20.277Z,10.9187,3,SYNTH
2026-03-09 13:46:21.821Z,10.9232,2,SYNTH
2026-03-09 13:46:22.721Z,10.9171,4,SYNTH
2026-03-09 13:46:23.355Z,10.9198,2,SYNTH
2026-03-09 13:46:24.884Z,10.9249,3,SYNTH
2026-03-09 13:46:25.194Z,10.9155,4,SYNTH
2026-03-09 13:46:26.403Z,10.9174,2,SYNTH
2026-03-09 13:46:27.588Z,10.9153,2,SYNTH
2026-03-09 13:46:28.647Z,10.9221,4,SYNTH
2026-03-09 13:46:29.086Z,10.9244,4,SYNTH
2026-03-09 13:46:30.498Z,10.9171,4,SYNTH
2026-03-09 13:46:31.430Z,10.9196,2,SYNTH
2026-03-09 13:46:32.873Z,10.9225,3,SYNTH
2026-03-09 13:46:33.684Z,10.9146,2,SYNTH
2026-03-09 13:46:34.565Z,10.9200,3,SYNTH
2026-03-09 13:46:35.279Z,10.9251,3,SYNTH
2026-03-09 13:46:36.550Z,10.9203,3,SYNTH
2026-03-09 13:46:37.468Z,10.9176,11,SYNTH
2026-03-09 13:46:38.594Z,10.9228,8,SYNTH
2026-03-09 13:46:39.049Z,10.9250,5,SYNTH
2026-03-09 13:46:40.432Z,10.9189,10,SYNTH
2026-03-09 13:46:41.396Z,10.9158,4,SYNTH
2026-03-09 13:46:42.606Z,10.9210,2,SYNTH
2026-03-09 13:46:43.440Z,10.9240,2,SYNTH
2026-03-09 13:46:44.513Z,10.9241,3,SYNTH
2026-03-09 13:46:45.287Z,10.9158,6,SYNTH
2026-03-09 13:46:46.862Z,10.9229,5,SYNTH
2026-03-09 13:46:47.044Z,10.9181,3,SYNTH
2026-03-09 13:46:48.384Z,10.9168,2,SYNTH
2026-03-09 13:46:49.557Z,10.9205,3,SYNTH
2026-03-09 13:46:50.454Z,10.9209,5,SYNTH
2026-03-09 13:46:51.675Z,10.9169,5,SYNTH
2026-03-09 13:46:52.171Z,10.9161,3,SYNTH
2026-03-09 13:46:53.423Z,10.9229,3,SYNTH
2026-03-09 13:46:54.695Z,10.9150,3,SYNTH
2026-03-09 13:46:55.033Z,10.9221,3,SYNTH
2026-03-09 13:46:56.131Z,10.9174,5,SYNTH
2026-03-09 13:46:57.432Z,10.9227,5,SYNTH
2026-03-09 13:46:58.004Z,10.9251,3,SYNTH
2026-03-09 13:46:59.796Z,10.9174,4,SYNTH
2026-03-09 13:47:00.522Z,10.9423,35,SYNTH
2026-03-09 13:47:01.136Z,10.9381,21,SYNTH
2026-03-09 13:47:02.666Z,10.9382,25,SYNTH
2026-03-09 13:47:03.240Z,10.9421,28,SYNTH
2026-03-09 13:47:04.862Z,10.9350,25,SYNTH
2026-03-09 13:47:05.784Z,10.9421,17,SYNTH
2026-03-09 13:47:06.803Z,10.9372,18,SYNTH
2026-03-09 13:47:07.670Z,10.9432,31,SYNTH
2026-03-09 13:47:08.365Z,10.9374,17,SYNTH
2026-03-09 13:47:09.354Z,10.9434,24,SYNTH
2026-03-09 13:47:10.254Z,10.9346,29,SYNTH
2026-03-09 13:47:11.089Z,10.9454,73,SYNTH
2026-03-09 13:47:12.306Z,10.9376,65,SYNTH
2026-03-09 13:47:13.692Z,10.9340,40,SYNTH
2026-03-09 13:47:14.008Z,10.9449,19,SYNTH
2026-03-09 13:47:15.173Z,10.9377,27,SYNTH
2026-03-09 13:47:16.628Z,10.9369,32,SYNTH
2026-03-09 13:47:17.673Z,10.9339,45,SYNTH
2026-03-09 13:47:18.840Z,10.9458,37,SYNTH
2026-03-09 13:47:19.155Z,10.9393,37,SYNTH
2026-03-09 13:47:20.153Z,10.9442,13,SYNTH
2026-03-09 13:47:21.800Z,10.9384,12,SYNTH
2026-03-09 13:47:22.246Z,10.9393,14,SYNTH
2026-03-09 13:47:23.523Z,10.9443,13,SYNTH
2026-03-09 13:47:24.102Z,10.9421,17,SYNTH
2026-03-09 13:47:25.195Z,10.9358,18,SYNTH
2026-03-09 13:47:26.280Z,10.9446,18,SYNTH
2026-03-09 13:47:27.607Z,10.9384,13,SYNTH
2026-03-09 13:47:28.609Z,10.9431,14,SYNTH
2026-03-09 13:47:29.789Z,10.9426,19,SYNTH
2026-03-09 13:47:30.156Z,10.9447,11,SYNTH
2026-03-09 13:47:31.835Z,10.9355,21,SYNTH
2026-03-09 13:47:32.097Z,10.9433,10,SYNTH
2026-03-09 13:47:33.608Z,10.9366,24,SYNTH
2026-03-09 13:47:34.137Z,10.9424,21,SYNTH
2026-03-09 13:47:35.894Z,10.9358,23,SYNTH
2026-03-09 13:47:36.070Z,10.9411,13,SYNTH
2026-03-09 13:47:37.127Z,10.9362,32,SYNTH
2026-03-09 13:47:38.863Z,10.9415,58,SYNTH
2026-03-09 13:47:39.513Z,10.9415,54,SYNTH
2026-03-09 13:47:40.684Z,10.9347,55,SYNTH
2026-03-09 13:47:41.101Z,10.9432,24,SYNTH
2026-03-09 13:47:42.335Z,10.9439,20,SYNTH
2026-03-09 13:47:43.124Z,10.9373,17,SYNTH
2026-03-09 13:47:44.570Z,10.9440,16,SYNTH
2026-03-09 13:47:45.370Z,10.9361,25,SYNTH
2026-03-09 13:47:46.399Z,10.9444,32,SYNTH
2026-03-09 13:47:47.346Z,10.9431,21,SYNTH
2026-03-09 13:47:48.253Z,10.9342,12,SYNTH
2026-03-09 13:47:49.506Z,10.9410,14,SYNTH
2026-03-09 13:47:50.293Z,10.9411,24,SYNTH
2026-03-09 13:47:51.606Z,10.9423,16,SYNTH
2026-03-09 13:47:52.831Z,10.9357,31,SYNTH
2026-03-09 13:47:53.704Z,10.9403,20,SYNTH
2026-03-09 13:47:54.612Z,10.9342,14,SYNTH
2026-03-09 13:47:55.312Z,10.9409,30,SYNTH
2026-03-09 13:47:56.476Z,10.9392,15,SYNTH
2026-03-09 13:47:57.663Z,10.9444,20,SYNTH
2026-03-09 13:47:58.377Z,10.9350,19,SYNTH
2026-03-09 13:47:59.792Z,10.9417,15,SYNTH
2026-03-09 13:48:00.565Z,10.9813,161,SYNTH
2026-03-09 13:48:01.259Z,10.9775,136,SYNTH
2026-03-09 13:48:02.229Z,10.9830,101,SYNTH
2026-03-09 13:48:03.804Z,10.9772,111,SYNTH
2026-03-09 13:48:04.630Z,10.9821,74,SYNTH
2026-03-09 13:48:05.253Z,10.9835,74,SYNTH
2026-03-09 13:48:06.124Z,10.9850,132,SYNTH
2026-03-09 13:48:07.795Z,10.9747,86,SYNTH
2026-03-09 13:48:08.005Z,10.9847,132,SYNTH
2026-03-09 13:48:09.817Z,10.9798,98,SYNTH
2026-03-09 13:48:10.033Z,10.9785,120,SYNTH
2026-03-09 13:48:11.199Z,10.9807,238,SYNTH
2026-03-09 13:48:12.086Z,10.9761,145,SYNTH
2026-03-09 13:48:13.404Z,10.9832,216,SYNTH
2026-03-09 13:48:14.599Z,10.9779,112,SYNTH
2026-03-09 13:48:15.056Z,10.9774,116,SYNTH
2026-03-09 13:48:16.246Z,10.9839,113,SYNTH
2026-03-09 13:48:17.661Z,10.9767,176,SYNTH
2026-03-09 13:48:18.450Z,10.9820,157,SYNTH
2026-03-09 13:48:19.096Z,10.9777,131,SYNTH
2026-03-09 13:48:20.892Z,10.9839,72,SYNTH
2026-03-09 13:48:21.169Z,10.9780,59,SYNTH
2026-03-09 13:48:22.808Z,10.9840,89,SYNTH
2026-03-09 13:48:23.836Z,10.9765,77,SYNTH
2026-03-09 13:48:24.395Z,10.9829,97,SYNTH
2026-03-09 13:48:25.434Z,10.9770,74,SYNTH
2026-03-09 13:48:26.449Z,10.9835,76,SYNTH
2026-03-09 13:48:27.896Z,10.9766,72,SYNTH
2026-03-09 13:48:28.227Z,10.9836,46,SYNTH
2026-03-09 13:48:29.274Z,10.9761,52,SYNTH
2026-03-09 13:48:30.195Z,10.9778,54,SYNTH
2026-03-09 13:48:31.839Z,10.9772,77,SYNTH
2026-03-09 13:48:32.823Z,10.9831,73,SYNTH
2026-03-09 13:48:33.338Z,10.9848,104,SYNTH
2026-03-09 13:48:34.095Z,10.9849,72,SYNTH
2026-03-09 13:48:35.278Z,10.9794,55,SYNTH
2026-03-09 13:48:36.620Z,10.9775,88,SYNTH
2026-03-09 13:48:37.850Z,10.9769,192,SYNTH
2026-03-09 13:48:38.221Z,10.9809,249,SYNTH
2026-03-09 13:48:39.034Z,10.9798,158,SYNTH
2026-03-09 13:48:40.031Z,10.9822,158,SYNTH
2026-03-09 13:48:41.391Z,10.9750,81,SYNTH
2026-03-09 13:48:42.465Z,10.9833,87,SYNTH
2026-03-09 13:48:43.538Z,10.9803,51,SYNTH
2026-03-09 13:48:44.074Z,10.9777,81,SYNTH
2026-03-09 13:48:45.325Z,10.9757,83,SYNTH
2026-03-09 13:48:46.182Z,10.9835,164,SYNTH
2026-03-09 13:48:47.679Z,10.9797,90,SYNTH
2026-03-09 13:48:48.591Z,10.9810,90,SYNTH
2026-03-09 13:48:49.644Z,10.9747,120,SYNTH
2026-03-09 13:48:50.202Z,10.9808,107,SYNTH
2026-03-09 13:48:51.204Z,10.9846,132,SYNTH
2026-03-09 13:48:52.549Z,10.9772,87,SYNTH
2026-03-09 13:48:53.141Z,10.9766,85,SYNTH
2026-03-09 13:48:54.216Z,10.9846,140,SYNTH
2026-03-09 13:48:55.872Z,10.9852,126,SYNTH
2026-03-09 13:48:56.855Z,10.9777,66,SYNTH
2026-03-09 13:48:57.348Z,10.9832,149,SYNTH
2026-03-09 13:48:58.752Z,10.9785,135,SYNTH
2026-03-09 13:48:59.668Z,10.9761,135,SYNTH
2026-03-09 13:49:00.549Z,10.8820,39,SYNTH
2026-03-09 13:49:01.199Z,10.8775,32,SYNTH
2026-03-09 13:49:02.700Z,10.8817,29,SYNTH
2026-03-09 13:49:03.260Z,10.8800,36,SYNTH
2026-03-09 13:49:04.778Z,10.8775,19,SYNTH
2026-03-09 13:49:05.753Z,10.8838,24,SYNTH
2026-03-09 13:49:06.509Z,10.8818,24,SYNTH
2026-03-09 13:49:07.406Z,10.8747,24,SYNTH
2026-03-09 13:49:08.392Z,10.8865,24,SYNTH
2026-03-09 13:49:09.462Z,10.8763,35,SYNTH
2026-03-09 13:49:10.560Z,10.8823,27,SYNTH
2026-03-09 13:49:11.284Z,10.8839,62,SYNTH
2026-03-09 13:49:12.619Z,10.8773,64,SYNTH
2026-03-09 13:49:13.707Z,10.8759,74,SYNTH
2026-03-09 13:49:14.049Z,10.8798,16,SYNTH
2026-03-09 13:49:15.151Z,10.8799,26,SYNTH
2026-03-09 13:49:16.825Z,10.8744,51,SYNTH
2026-03-09 13:49:17.604Z,10.8852,25,SYNTH
2026-03-09 13:49:18.423Z,10.8790,32,SYNTH
2026-03-09 13:49:19.593Z,10.8760,42,SYNTH
2026-03-09 13:49:20.607Z,10.8747,15,SYNTH
2026-03-09 13:49:21.053Z,10.8746,20,SYNTH
2026-03-09 13:49:22.578Z,10.8822,21,SYNTH
2026-03-09 13:49:23.458Z,10.8760,20,SYNTH
2026-03-09 13:49:24.578Z,10.8795,13,SYNTH
2026-03-09 13:49:25.426Z,10.8757,23,SYNTH
2026-03-09 13:49:26.643Z,10.8805,24,SYNTH
2026-03-09 13:49:27.710Z,10.8695,14,SYNTH
2026-03-09 13:49:28.821Z,10.8765,23,SYNTH
2026-03-09 13:49:29.298Z,10.8723,22,SYNTH
2026-03-09 13:49:30.729Z,10.8745,19,SYNTH
2026-03-09 13:49:31.380Z,10.8697,18,SYNTH
2026-03-09 13:49:32.504Z,10.8738,20,SYNTH
2026-03-09 13:49:33.380Z,10.8701,18,SYNTH
2026-03-09 13:49:34.301Z,10.8733,27,SYNTH
2026-03-09 13:49:35.384Z,10.8687,21,SYNTH
2026-03-09 13:49:36.461Z,10.8742,27,SYNTH
2026-03-09 13:49:37.707Z,10.8668,44,SYNTH
2026-03-09 13:49:38.003Z,10.8659,43,SYNTH
2026-03-09 13:49:39.849Z,10.8749,63,SYNTH
2026-03-09 13:49:40.606Z,10.8671,58,SYNTH
2026-03-09 13:49:41.138Z,10.8706,28,SYNTH
2026-03-09 13:49:42.828Z,10.8658,27,SYNTH
2026-03-09 13:49:43.246Z,10.8740,21,SYNTH
2026-03-09 13:49:44.504Z,10.8691,20,SYNTH
2026-03-09 13:49:45.622Z,10.8668,32,SYNTH
2026-03-09 13:49:46.653Z,10.8708,45,SYNTH
2026-03-09 13:49:47.298Z,10.8686,34,SYNTH
2026-03-09 13:49:48.750Z,10.8717,33,SYNTH
2026-03-09 13:49:49.408Z,10.8654,29,SYNTH
2026-03-09 13:49:50.131Z,10.8653,14,SYNTH
2026-03-09 13:49:51.435Z,10.8748,29,SYNTH
2026-03-09 13:49:52.046Z,10.8675,34,SYNTH
2026-03-09 13:49:53.809Z,10.8680,22,SYNTH
2026-03-09 13:49:54.778Z,10.8704,27,SYNTH
2026-03-09 13:49:55.878Z,10.8742,23,SYNTH
2026-03-09 13:49:56.305Z,10.8691,17,SYNTH
2026-03-09 13:49:57.111Z,10.8670,40,SYNTH
2026-03-09 13:49:58.580Z,10.8749,35,SYNTH
2026-03-09 13:49:59.003Z,10.8671,27,SYNTH
2026-03-09 13:51:00.363Z,10.8032,25,SYNTH
2026-03-09 13:51:01.146Z,10.8030,23,SYNTH
2026-03-09 13:51:02.078Z,10.7955,16,SYNTH
2026-03-09 13:51:03.039Z,10.8043,23,SYNTH
2026-03-09 13:51:04.004Z,10.7980,24,SYNTH
2026-03-09 13:51:05.255Z,10.7977,23,SYNTH
2026-03-09 13:51:06.595Z,10.8009,18,SYNTH
2026-03-09 13:51:07.320Z,10.7969,22,SYNTH
2026-03-09 13:51:08.770Z,10.7983,12,SYNTH
2026-03-09 13:51:09.875Z,10.8003,21,SYNTH
2026-03-09 13:51:10.587Z,10.8033,11,SYNTH
2026-03-09 13:51:11.530Z,10.7968,32,SYNTH
2026-03-09 13:51:12.531Z,10.8032,37,SYNTH
2026-03-09 13:51:13.298Z,10.8038,52,SYNTH
2026-03-09 13:51:14.400Z,10.7985,11,SYNTH
2026-03-09 13:51:15.148Z,10.7978,19,SYNTH
2026-03-09 13:51:16.877Z,10.8027,33,SYNTH
2026-03-09 13:51:17.869Z,10.7966,36,SYNTH
2026-03-09 13:51:18.604Z,10.8056,35,SYNTH
2026-03-09 13:51:19.890Z,10.7996,17,SYNTH
2026-03-09 13:51:20.399Z,10.8046,13,SYNTH
2026-03-09 13:51:21.443Z,10.7971,13,SYNTH
2026-03-09 13:51:22.656Z,10.8016,12,SYNTH
2026-03-09 13:51:23.807Z,10.7980,11,SYNTH
2026-03-09 13:51:24.766Z,10.8030,13,SYNTH
2026-03-09 13:51:25.580Z,10.8063,9,SYNTH
2026-03-09 13:51:26.617Z,10.8003,12,SYNTH
2026-03-09 13:51:27.232Z,10.8010,17,SYNTH
2026-03-09 13:51:28.650Z,10.8054,8,SYNTH
2026-03-09 13:51:29.331Z,10.8057,17,SYNTH
2026-03-09 13:51:30.181Z,10.8099,19,SYNTH
2026-03-09 13:51:31.667Z,10.8093,18,SYNTH
2026-03-09 13:51:32.241Z,10.8129,11,SYNTH
2026-03-09 13:51:33.188Z,10.8112,10,SYNTH
2026-03-09 13:51:34.583Z,10.8087,11,SYNTH
2026-03-09 13:51:35.447Z,10.8128,18,SYNTH
2026-03-09 13:51:36.582Z,10.8059,16,SYNTH
2026-03-09 13:51:37.836Z,10.8125,42,SYNTH
2026-03-09 13:51:38.016Z,10.8143,35,SYNTH
2026-03-09 13:51:39.298Z,10.8146,33,SYNTH
2026-03-09 13:51:40.416Z,10.8073,21,SYNTH
2026-03-09 13:51:41.193Z,10.8131,13,SYNTH
2026-03-09 13:51:42.862Z,10.8071,19,SYNTH
2026-03-09 13:51:43.244Z,10.8078,20,SYNTH
2026-03-09 13:51:44.670Z,10.8044,17,SYNTH
2026-03-09 13:51:45.764Z,10.8110,30,SYNTH
2026-03-09 13:51:46.022Z,10.8040,15,SYNTH
2026-03-09 13:51:47.084Z,10.8126,25,SYNTH
2026-03-09 13:51:48.054Z,10.8083,21,SYNTH
2026-03-09 13:51:49.601Z,10.8115,10,SYNTH
2026-03-09 13:51:50.636Z,10.8058,24,SYNTH
2026-03-09 13:51:51.552Z,10.8113,21,SYNTH
2026-03-09 13:51:52.752Z,10.8061,15,SYNTH
2026-03-09 13:51:53.843Z,10.8045,13,SYNTH
2026-03-09 13:51:54.160Z,10.8148,15,SYNTH
2026-03-09 13:51:55.802Z,10.8093,16,SYNTH
2026-03-09 13:51:56.190Z,10.8100,15,SYNTH
2026-03-09 13:51:57.182Z,10.8070,28,SYNTH
2026-03-09 13:51:58.368Z,10.8107,16,SYNTH
2026-03-09 13:51:59.357Z,10.8130,25,SYNTH
2026-03-09 13:52:00.340Z,10.8584,22,SYNTH
2026-03-09 13:52:01.063Z,10.8590,32,SYNTH
2026-03-09 13:52:02.058Z,10.8505,20,SYNTH
2026-03-09 13:52:03.602Z,10.8492,42,SYNTH
2026-03-09 13:52:04.479Z,10.8441,30,SYNTH
2026-03-09 13:52:05.408Z,10.8525,40,SYNTH
2026-03-09 13:52:06.896Z,10.8458,38,SYNTH
2026-03-09 13:52:07.839Z,10.8424,24,SYNTH
2026-03-09 13:52:08.735Z,10.8400,21,SYNTH
2026-03-09 13:52:09.818Z,10.8360,23,SYNTH
2026-03-09 13:52:10.109Z,10.8346,30,SYNTH
2026-03-09 13:52:11.303Z,10.8327,41,SYNTH
2026-03-09 13:52:12.533Z,10.8392,82,SYNTH
2026-03-09 13:52:13.218Z,10.8415,40,SYNTH
2026-03-09 13:52:14.288Z,10.8401,24,SYNTH
2026-03-09 13:52:15.740Z,10.8351,16,SYNTH
2026-03-09 13:52:16.282Z,10.8457,35,SYNTH
2026-03-09 13:52:17.406Z,10.8399,47,SYNTH
2026-03-09 13:52:18.882Z,10.8426,45,SYNTH
2026-03-09 13:52:19.503Z,10.8473,25,SYNTH
2026-03-09 13:52:20.721Z,10.8411,19,SYNTH
2026-03-09 13:52:21.374Z,10.8500,27,SYNTH
2026-03-09 13:52:22.489Z,10.8437,24,SYNTH
2026-03-09 13:52:23.275Z,10.8536,26,SYNTH
2026-03-09 13:52:24.103Z,10.8600,23,SYNTH
2026-03-09 13:52:25.081Z,10.8635,22,SYNTH
2026-03-09 13:52:26.160Z,10.8693,22,SYNTH
2026-03-09 13:52:27.239Z,10.8750,21,SYNTH
2026-03-09 13:52:28.563Z,10.8793,12,SYNTH
2026-03-09 13:52:29.150Z,10.8817,12,SYNTH
2026-03-09 13:52:30.060Z,10.8875,20,SYNTH
2026-03-09 13:52:31.201Z,10.8897,23,SYNTH
2026-03-09 13:52:32.029Z,10.8941,15,SYNTH
2026-03-09 13:52:33.206Z,10.9043,21,SYNTH
2026-03-09 13:52:34.495Z,10.9040,26,SYNTH
2026-03-09 13:52:35.259Z,10.9064,26,SYNTH
2026-03-09 13:52:36.416Z,10.9091,13,SYNTH
2026-03-09 13:52:37.802Z,10.9116,43,SYNTH
2026-03-09 13:52:38.797Z,10.9078,65,SYNTH
2026-03-09 13:52:39.313Z,10.9131,62,SYNTH
2026-03-09 13:52:40.793Z,10.9073,48,SYNTH
2026-03-09 13:52:41.230Z,10.9030,26,SYNTH
2026-03-09 13:52:42.761Z,10.9049,26,SYNTH
2026-03-09 13:52:43.883Z,10.9035,21,SYNTH
2026-03-09 13:52:44.027Z,10.9101,18,SYNTH
2026-03-09 13:52:45.569Z,10.9010,42,SYNTH
2026-03-09 13:52:46.856Z,10.9013,23,SYNTH
2026-03-09 13:52:47.354Z,10.9078,38,SYNTH
2026-03-09 13:52:48.464Z,10.9036,15,SYNTH
2026-03-09 13:52:49.303Z,10.9118,32,SYNTH
2026-03-09 13:52:50.468Z,10.9043,36,SYNTH
2026-03-09 13:52:51.699Z,10.9093,17,SYNTH
2026-03-09 13:52:52.754Z,10.9044,19,SYNTH
2026-03-09 13:52:53.790Z,10.9093,30,SYNTH
2026-03-09 13:52:54.562Z,10.9146,22,SYNTH
2026-03-09 13:52:55.519Z,10.9061,24,SYNTH
2026-03-09 13:52:56.260Z,10.9137,38,SYNTH
2026-03-09 13:52:57.516Z,10.9152,25,SYNTH
2026-03-09 13:52:58.172Z,10.9081,27,SYNTH
2026-03-09 13:52:59.702Z,10.9075,44,SYNTH
2026-03-09 13:53:00.650Z,10.8105,29,SYNTH
2026-03-09 13:53:01.561Z,10.8058,43,SYNTH
2026-03-09 13:53:02.107Z,10.8107,25,SYNTH
2026-03-09 13:53:03.890Z,10.8154,38,SYNTH
2026-03-09 13:53:04.004Z,10.8077,26,SYNTH
2026-03-09 13:53:05.422Z,10.8202,23,SYNTH
2026-03-09 13:53:06.228Z,10.8188,29,SYNTH
2026-03-09 13:53:07.158Z,10.8161,28,SYNTH
2026-03-09 13:53:08.786Z,10.8148,26,SYNTH
2026-03-09 13:53:09.853Z,10.8220,39,SYNTH
2026-03-09 13:53:10.081Z,10.8236,38,SYNTH
2026-03-09 13:53:11.562Z,10.8199,87,SYNTH
2026-03-09 13:53:12.088Z,10.8256,53,SYNTH
2026-03-09 13:53:13.760Z,10.8179,46,SYNTH
2026-03-09 13:53:14.506Z,10.8224,18,SYNTH
2026-03-09 13:53:15.769Z,10.8215,22,SYNTH
2026-03-09 13:53:16.095Z,10.8184,32,SYNTH
2026-03-09 13:53:17.410Z,10.8168,63,SYNTH
2026-03-09 13:53:18.157Z,10.8231,36,SYNTH
2026-03-09 13:53:19.713Z,10.8183,59,SYNTH
2026-03-09 13:53:20.816Z,10.8163,26,SYNTH
2026-03-09 13:53:21.892Z,10.8210,25,SYNTH
2026-03-09 13:53:22.378Z,10.8118,16,SYNTH
2026-03-09 13:53:23.063Z,10.8167,19,SYNTH
2026-03-09 13:53:24.595Z,10.8189,17,SYNTH
2026-03-09 13:53:25.869Z,10.8115,30,SYNTH
2026-03-09 13:53:26.893Z,10.8138,22,SYNTH
2026-03-09 13:53:27.033Z,10.8081,32,SYNTH
2026-03-09 13:53:28.271Z,10.8098,18,SYNTH
2026-03-09 13:53:29.456Z,10.8064,33,SYNTH
2026-03-09 13:53:30.390Z,10.8048,28,SYNTH
2026-03-09 13:53:31.636Z,10.8057,17,SYNTH
2026-03-09 13:53:32.158Z,10.8018,32,SYNTH
2026-03-09 13:53:33.577Z,10.8008,25,SYNTH
2026-03-09 13:53:34.659Z,10.8049,27,SYNTH
2026-03-09 13:53:35.495Z,10.8002,32,SYNTH
2026-03-09 13:53:36.642Z,10.7958,18,SYNTH
2026-03-09 13:53:37.299Z,10.8047,48,SYNTH
2026-03-09 13:53:38.108Z,10.7980,36,SYNTH
2026-03-09 13:53:39.256Z,10.8049,40,SYNTH
2026-03-09 13:53:40.017Z,10.8001,72,SYNTH
2026-03-09 13:53:41.698Z,10.7984,27,SYNTH
2026-03-09 13:53:42.858Z,10.8024,35,SYNTH
2026-03-09 13:53:43.529Z,10.7965,22,SYNTH
2026-03-09 13:53:44.615Z,10.8012,25,SYNTH
2026-03-09 13:53:45.006Z,10.7986,48,SYNTH
2026-03-09 13:53:46.171Z,10.8047,52,SYNTH
2026-03-09 13:53:47.258Z,10.7981,36,SYNTH
2026-03-09 13:53:48.427Z,10.7977,27,SYNTH
2026-03-09 13:53:49.719Z,10.8001,41,SYNTH
2026-03-09 13:53:50.402Z,10.8045,38,SYNTH
2026-03-09 13:53:51.093Z,10.8069,24,SYNTH
2026-03-09 13:53:52.547Z,10.7985,36,SYNTH
2026-03-09 13:53:53.039Z,10.8036,24,SYNTH
2026-03-09 13:53:54.409Z,10.7981,26,SYNTH
2026-03-09 13:53:55.732Z,10.8049,41,SYNTH
2026-03-09 13:53:56.110Z,10.7962,38,SYNTH
2026-03-09 13:53:57.795Z,10.8029,48,SYNTH
2026-03-09 13:53:58.424Z,10.7972,35,SYNTH
2026-03-09 13:53:59.668Z,10.8023,36,SYNTH
2026-03-09 13:54:00.441Z,10.8639,17,SYNTH
2026-03-09 13:54:01.581Z,10.8654,29,SYNTH
2026-03-09 13:54:02.811Z,10.8605,15,SYNTH
2026-03-09 13:54:03.725Z,10.8587,20,SYNTH
2026-03-09 13:54:04.587Z,10.8544,19,SYNTH
2026-03-09 13:54:05.478Z,10.8650,22,SYNTH
2026-03-09 13:54:06.694Z,10.8626,27,SYNTH
2026-03-09 13:54:07.426Z,10.8550,23,SYNTH
2026-03-09 13:54:08.577Z,10.8632,17,SYNTH
2026-03-09 13:54:09.488Z,10.8639,22,SYNTH
2026-03-09 13:54:10.235Z,10.8639,23,SYNTH
2026-03-09 13:54:11.733Z,10.8576,52,SYNTH
2026-03-09 13:54:12.154Z,10.8652,55,SYNTH
2026-03-09 13:54:13.009Z,10.8552,36,SYNTH
2026-03-09 13:54:14.689Z,10.8597,20,SYNTH
2026-03-09 13:54:15.023Z,10.8565,18,SYNTH
2026-03-09 13:54:16.300Z,10.8638,32,SYNTH
2026-03-09 13:54:17.314Z,10.8580,26,SYNTH
2026-03-09 13:54:18.312Z,10.8615,24,SYNTH
2026-03-09 13:54:19.549Z,10.8657,20,SYNTH
2026-03-09 13:54:20.045Z,10.8659,11,SYNTH
2026-03-09 13:54:21.218Z,10.8653,18,SYNTH
2026-03-09 13:54:22.389Z,10.8636,15,SYNTH
2026-03-09 13:54:23.556Z,10.8693,12,SYNTH
2026-03-09 13:54:24.503Z,10.8688,8,SYNTH
2026-03-09 13:54:25.403Z,10.8730,8,SYNTH
2026-03-09 13:54:26.531Z,10.8777,10,SYNTH
2026-03-09 13:54:27.194Z,10.8712,10,SYNTH
2026-03-09 13:54:28.115Z,10.8859,13,SYNTH
2026-03-09 13:54:29.083Z,10.8868,9,SYNTH
2026-03-09 13:54:30.211Z,10.8818,17,SYNTH
2026-03-09 13:54:31.733Z,10.8878,10,SYNTH
2026-03-09 13:54:32.262Z,10.8914,11,SYNTH
2026-03-09 13:54:33.731Z,10.8995,9,SYNTH
2026-03-09 13:54:34.226Z,10.8979,10,SYNTH
2026-03-09 13:54:35.291Z,10.8972,9,SYNTH
2026-03-09 13:54:36.172Z,10.8988,18,SYNTH
2026-03-09 13:54:37.478Z,10.9009,30,SYNTH
2026-03-09 13:54:38.844Z,10.9053,33,SYNTH
2026-03-09 13:54:39.780Z,10.8953,39,SYNTH
2026-03-09 13:54:40.778Z,10.9029,30,SYNTH
2026-03-09 13:54:41.120Z,10.8977,13,SYNTH
2026-03-09 13:54:42.424Z,10.8973,16,SYNTH
2026-03-09 13:54:43.834Z,10.8978,18,SYNTH
2026-03-09 13:54:44.746Z,10.8955,21,SYNTH
2026-03-09 13:54:45.530Z,10.8937,17,SYNTH
2026-03-09 13:54:46.102Z,10.8913,22,SYNTH
2026-03-09 13:54:47.242Z,10.9000,25,SYNTH
2026-03-09 13:54:48.008Z,10.8939,17,SYNTH
2026-03-09 13:54:49.881Z,10.9019,23,SYNTH
2026-03-09 13:54:50.403Z,10.9002,24,SYNTH
2026-03-09 13:54:51.374Z,10.8945,15,SYNTH
2026-03-09 13:54:52.029Z,10.9037,22,SYNTH
2026-03-09 13:54:53.244Z,10.8938,23,SYNTH
2026-03-09 13:54:54.246Z,10.9013,20,SYNTH
2026-03-09 13:54:55.471Z,10.9033,20,SYNTH
2026-03-09 13:54:56.869Z,10.9013,17,SYNTH
2026-03-09 13:54:57.147Z,10.8964,28,SYNTH
2026-03-09 13:54:58.300Z,10.9032,21,SYNTH
2026-03-09 13:54:59.640Z,10.8962,20,SYNTH
2026-03-09 13:55:00.534Z,10.8973,72,SYNTH
2026-03-09 13:55:01.840Z,10.8979,49,SYNTH
2026-03-09 13:55:02.060Z,10.8901,73,SYNTH
2026-03-09 13:55:03.659Z,10.8868,48,SYNTH
2026-03-09 13:55:04.051Z,10.8778,73,SYNTH
2026-03-09 13:55:05.558Z,10.8770,35,SYNTH
2026-03-09 13:55:06.420Z,10.8682,39,SYNTH
2026-03-09 13:55:07.605Z,10.8645,67,SYNTH
2026-03-09 13:55:08.894Z,10.8604,65,SYNTH
2026-03-09 13:55:09.305Z,10.8537,57,SYNTH
2026-03-09 13:55:10.628Z,10.8512,66,SYNTH
2026-03-09 13:55:11.169Z,10.8491,117,SYNTH
2026-03-09 13:55:12.235Z,10.8544,150,SYNTH
2026-03-09 13:55:13.339Z,10.8557,70,SYNTH
2026-03-09 13:55:14.668Z,10.8553,61,SYNTH
2026-03-09 13:55:15.027Z,10.8622,26,SYNTH
2026-03-09 13:55:16.511Z,10.8652,84,SYNTH
2026-03-09 13:55:17.557Z,10.8694,83,SYNTH
2026-03-09 13:55:18.332Z,10.8699,45,SYNTH
2026-03-09 13:55:19.006Z,10.8743,59,SYNTH
2026-03-09 13:55:20.006Z,10.8771,31,SYNTH
2026-03-09 13:55:21.309Z,10.8747,34,SYNTH
2026-03-09 13:55:22.774Z,10.8824,29,SYNTH
2026-03-09 13:55:23.863Z,10.8850,39,SYNTH
2026-03-09 13:55:24.667Z,10.8925,48,SYNTH
2026-03-09 13:55:25.173Z,10.9015,45,SYNTH
2026-03-09 13:55:26.741Z,10.9107,38,SYNTH
2026-03-09 13:55:27.003Z,10.9180,53,SYNTH
2026-03-09 13:55:28.598Z,10.9247,33,SYNTH
2026-03-09 13:55:29.284Z,10.9304,39,SYNTH
2026-03-09 13:55:30.671Z,10.9363,26,SYNTH
2026-03-09 13:55:31.536Z,10.9484,22,SYNTH
2026-03-09 13:55:32.000Z,10.9496,29,SYNTH
2026-03-09 13:55:33.185Z,10.9602,29,SYNTH
2026-03-09 13:55:34.444Z,10.9672,22,SYNTH
2026-03-09 13:55:35.244Z,10.9671,41,SYNTH
2026-03-09 13:55:36.204Z,10.9747,54,SYNTH
2026-03-09 13:55:37.234Z,10.9744,89,SYNTH
2026-03-09 13:55:38.048Z,10.9799,69,SYNTH
2026-03-09 13:55:39.151Z,10.9737,61,SYNTH
2026-03-09 13:55:40.688Z,10.9795,134,SYNTH
2026-03-09 13:55:41.325Z,10.9746,41,SYNTH
2026-03-09 13:55:42.621Z,10.9714,47,SYNTH
2026-03-09 13:55:43.004Z,10.9643,57,SYNTH
2026-03-09 13:55:44.683Z,10.9648,35,SYNTH
2026-03-09 13:55:45.545Z,10.9642,52,SYNTH
2026-03-09 13:55:46.160Z,10.9686,76,SYNTH
2026-03-09 13:55:47.750Z,10.9702,45,SYNTH
2026-03-09 13:55:48.075Z,10.9708,29,SYNTH
2026-03-09 13:55:49.837Z,10.9661,38,SYNTH
2026-03-09 13:55:50.060Z,10.9731,50,SYNTH
2026-03-09 13:55:51.246Z,10.9671,50,SYNTH
2026-03-09 13:55:52.318Z,10.9682,44,SYNTH
2026-03-09 13:55:53.379Z,10.9724,71,SYNTH
2026-03-09 13:55:54.310Z,10.9759,48,SYNTH
2026-03-09 13:55:55.587Z,10.9737,48,SYNTH
2026-03-09 13:55:56.410Z,10.9743,37,SYNTH
2026-03-09 13:55:57.726Z,10.9786,47,SYNTH
2026-03-09 13:55:58.094Z,10.9703,59,SYNTH
2026-03-09 13:55:59.688Z,10.9793,43,SYNTH
2026-03-09 13:56:00.667Z,10.8965,9,SYNTH
2026-03-09 13:56:01.634Z,10.8910,9,SYNTH
2026-03-09 13:56:02.308Z,10.8899,7,SYNTH
2026-03-09 13:56:03.126Z,10.8976,11,SYNTH
2026-03-09 13:56:04.638Z,10.8943,13,SYNTH
2026-03-09 13:56:05.406Z,10.8999,6,SYNTH
2026-03-09 13:56:06.122Z,10.8939,10,SYNTH
2026-03-09 13:56:07.141Z,10.9005,6,SYNTH
2026-03-09 13:56:08.698Z,10.8894,11,SYNTH
2026-03-09 13:56:09.171Z,10.8946,5,SYNTH
2026-03-09 13:56:10.858Z,10.8993,11,SYNTH
2026-03-09 13:56:11.510Z,10.9013,14,SYNTH
2026-03-09 13:56:12.034Z,10.8915,22,SYNTH
2026-03-09 13:56:13.317Z,10.8933,26,SYNTH
2026-03-09 13:56:14.710Z,10.8976,10,SYNTH
2026-03-09 13:56:15.249Z,10.8921,7,SYNTH
2026-03-09 13:56:16.758Z,10.9000,10,SYNTH
2026-03-09 13:56:17.169Z,10.8929,13,SYNTH
2026-03-09 13:56:18.633Z,10.8960,13,SYNTH
2026-03-09 13:56:19.844Z,10.8920,14,SYNTH
2026-03-09 13:56:20.757Z,10.8998,6,SYNTH
2026-03-09 13:56:21.154Z,10.8910,8,SYNTH
2026-03-09 13:56:22.897Z,10.8956,9,SYNTH
2026-03-09 13:56:23.615Z,10.8921,9,SYNTH
2026-03-09 13:56:24.264Z,10.8894,5,SYNTH
2026-03-09 13:56:25.519Z,10.8992,7,SYNTH
2026-03-09 13:56:26.537Z,10.8936,6,SYNTH
2026-03-09 13:56:27.199Z,10.8911,5,SYNTH
2026-03-09 13:56:28.889Z,10.8956,5,SYNTH
2026-03-09 13:56:29.235Z,10.8909,8,SYNTH
2026-03-09 13:56:30.440Z,10.8915,7,SYNTH
2026-03-09 13:56:31.143Z,10.8960,5,SYNTH
2026-03-09 13:56:32.890Z,10.8930,4,SYNTH
2026-03-09 13:56:33.021Z,10.8979,5,SYNTH
2026-03-09 13:56:34.851Z,10.8938,5,SYNTH
2026-03-09 13:56:35.776Z,10.8986,8,SYNTH
2026-03-09 13:56:36.001Z,10.8915,5,SYNTH
2026-03-09 13:56:37.345Z,10.8980,12,SYNTH
2026-03-09 13:56:38.581Z,10.8912,23,SYNTH
2026-03-09 13:56:39.511Z,10.9004,14,SYNTH
2026-03-09 13:56:40.752Z,10.8905,19,SYNTH
2026-03-09 13:56:41.457Z,10.8973,5,SYNTH
2026-03-09 13:56:42.681Z,10.8976,10,SYNTH
2026-03-09 13:56:43.428Z,10.8992,6,SYNTH
2026-03-09 13:56:44.286Z,10.8917,8,SYNTH
2026-03-09 13:56:45.123Z,10.8913,14,SYNTH
2026-03-09 13:56:46.634Z,10.8948,15,SYNTH
2026-03-09 13:56:47.393Z,10.8997,9,SYNTH
2026-03-09 13:56:48.867Z,10.8925,6,SYNTH
2026-03-09 13:56:49.509Z,10.8960,8,SYNTH
2026-03-09 13:56:50.027Z,10.8911,6,SYNTH
2026-03-09 13:56:51.243Z,10.8961,6,SYNTH
2026-03-09 13:56:52.247Z,10.8896,9,SYNTH
2026-03-09 13:56:53.874Z,10.8910,12,SYNTH
2026-03-09 13:56:54.264Z,10.8947,9,SYNTH
2026-03-09 13:56:55.056Z,10.8975,11,SYNTH
2026-03-09 13:56:56.523Z,10.8977,10,SYNTH
2026-03-09 13:56:57.650Z,10.8926,7,SYNTH
2026-03-09 13:56:58.755Z,10.8974,10,SYNTH
2026-03-09 13:56:59.638Z,10.8938,9,SYNTH
2026-03-09 13:57:00.446Z,10.8530,8,SYNTH
2026-03-09 13:57:01.063Z,10.8529,7,SYNTH
2026-03-09 13:57:02.347Z,10.8512,11,SYNTH
2026-03-09 13:57:03.698Z,10.8482,12,SYNTH
2026-03-09 13:57:04.399Z,10.8514,10,SYNTH
2026-03-09 13:57:05.008Z,10.8479,10,SYNTH
2026-03-09 13:57:06.831Z,10.8536,11,SYNTH
2026-03-09 13:57:07.250Z,10.8497,5,SYNTH
2026-03-09 13:57:08.360Z,10.8484,5,SYNTH
2026-03-09 13:57:09.699Z,10.8535,5,SYNTH
2026-03-09 13:57:10.828Z,10.8479,7,SYNTH
2026-03-09 13:57:11.351Z,10.8513,25,SYNTH
2026-03-09 13:57:12.885Z,10.8510,13,SYNTH
2026-03-09 13:57:13.502Z,10.8462,15,SYNTH
2026-03-09 13:57:14.557Z,10.8526,7,SYNTH
2026-03-09 13:57:15.361Z,10.8539,5,SYNTH
2026-03-09 13:57:16.261Z,10.8498,10,SYNTH
2026-03-09 13:57:17.236Z,10.8488,17,SYNTH
2026-03-09 13:57:18.723Z,10.8525,17,SYNTH
2026-03-09 13:57:19.495Z,10.8537,17,SYNTH
2026-03-09 13:57:20.034Z,10.8488,8,SYNTH
2026-03-09 13:57:21.167Z,10.8537,8,SYNTH
2026-03-09 13:57:22.009Z,10.8492,8,SYNTH
2026-03-09 13:57:23.892Z,10.8496,8,SYNTH
2026-03-09 13:57:24.698Z,10.8548,8,SYNTH
2026-03-09 13:57:25.408Z,10.8550,5,SYNTH
2026-03-09 13:57:26.774Z,10.8463,5,SYNTH
2026-03-09 13:57:27.240Z,10.8529,4,SYNTH
2026-03-09 13:57:28.173Z,10.8564,4,SYNTH
2026-03-09 13:57:29.642Z,10.8491,6,SYNTH
2026-03-09 13:57:30.615Z,10.8474,5,SYNTH
2026-03-09 13:57:31.668Z,10.8508,5,SYNTH
2026-03-09 13:57:32.715Z,10.8480,5,SYNTH
2026-03-09 13:57:33.457Z,10.8512,5,SYNTH
2026-03-09 13:57:34.309Z,10.8551,9,SYNTH
2026-03-09 13:57:35.841Z,10.8472,6,SYNTH
2026-03-09 13:57:36.304Z,10.8467,8,SYNTH
2026-03-09 13:57:37.669Z,10.8550,20,SYNTH
2026-03-09 13:57:38.795Z,10.8464,13,SYNTH
2026-03-09 13:57:39.231Z,10.8457,22,SYNTH
2026-03-09 13:57:40.268Z,10.8519,24,SYNTH
2026-03-09 13:57:41.726Z,10.8481,4,SYNTH
2026-03-09 13:57:42.011Z,10.8537,6,SYNTH
2026-03-09 13:57:43.716Z,10.8556,10,SYNTH
2026-03-09 13:57:44.559Z,10.8475,9,SYNTH
2026-03-09 13:57:45.241Z,10.8531,15,SYNTH
2026-03-09 13:57:46.655Z,10.8468,15,SYNTH
2026-03-09 13:57:47.614Z,10.8510,7,SYNTH
2026-03-09 13:57:48.531Z,10.8460,10,SYNTH
2026-03-09 13:57:49.504Z,10.8517,7,SYNTH
2026-03-09 13:57:50.399Z,10.8548,6,SYNTH
2026-03-09 13:57:51.636Z,10.8442,7,SYNTH
2026-03-09 13:57:52.736Z,10.8528,6,SYNTH
2026-03-09 13:57:53.732Z,10.8455,10,SYNTH
2026-03-09 13:57:54.580Z,10.8508,5,SYNTH
2026-03-09 13:57:55.436Z,10.8528,8,SYNTH
2026-03-09 13:57:56.871Z,10.8484,9,SYNTH
2026-03-09 13:57:57.582Z,10.8451,13,SYNTH
2026-03-09 13:57:58.428Z,10.8527,6,SYNTH
2026-03-09 13:57:59.100Z,10.8493,8,SYNTH
2026-03-09 13:59:00.460Z,10.8805,23,SYNTH
2026-03-09 13:59:01.154Z,10.8771,36,SYNTH
2026-03-09 13:59:02.147Z,10.8757,31,SYNTH
2026-03-09 13:59:03.064Z,10.8848,35,SYNTH
2026-03-09 13:59:04.789Z,10.8754,29,SYNTH
2026-03-09 13:59:05.824Z,10.8793,25,SYNTH
2026-03-09 13:59:06.191Z,10.8841,26,SYNTH
2026-03-09 13:59:07.350Z,10.8779,18,SYNTH
2026-03-09 13:59:08.478Z,10.8853,31,SYNTH
2026-03-09 13:59:09.726Z,10.8745,23,SYNTH
2026-03-09 13:59:10.683Z,10.8820,31,SYNTH
2026-03-09 13:59:11.331Z,10.8826,76,SYNTH
2026-03-09 13:59:12.260Z,10.8757,68,SYNTH
2026-03-09 13:59:13.728Z,10.8856,80,SYNTH
2026-03-09 13:59:14.450Z,10.8752,15,SYNTH
2026-03-09 13:59:15.059Z,10.8763,29,SYNTH
2026-03-09 13:59:16.047Z,10.8838,40,SYNTH
2026-03-09 13:59:17.676Z,10.8756,34,SYNTH
2026-03-09 13:59:18.487Z,10.8804,23,SYNTH
2026-03-09 13:59:19.385Z,10.8752,52,SYNTH
2026-03-09 13:59:20.043Z,10.8849,23,SYNTH
2026-03-09 13:59:21.068Z,10.8785,16,SYNTH
2026-03-09 13:59:22.248Z,10.8776,18,SYNTH
2026-03-09 13:59:23.188Z,10.8780,16,SYNTH
2026-03-09 13:59:24.308Z,10.8834,29,SYNTH
2026-03-09 13:59:25.751Z,10.8773,20,SYNTH
2026-03-09 13:59:26.303Z,10.8852,26,SYNTH
2026-03-09 13:59:27.769Z,10.8761,17,SYNTH
2026-03-09 13:59:28.734Z,10.8857,15,SYNTH
2026-03-09 13:59:29.389Z,10.8743,13,SYNTH
2026-03-09 13:59:30.152Z,10.8840,16,SYNTH
2026-03-09 13:59:31.205Z,10.8785,22,SYNTH
2026-03-09 13:59:32.713Z,10.8826,28,SYNTH
2026-03-09 13:59:33.827Z,10.8750,27,SYNTH
2026-03-09 13:59:34.572Z,10.8809,16,SYNTH
2026-03-09 13:59:35.044Z,10.8822,21,SYNTH
2026-03-09 13:59:36.006Z,10.8769,23,SYNTH
2026-03-09 13:59:37.124Z,10.8753,62,SYNTH
2026-03-09 13:59:38.629Z,10.8836,69,SYNTH
2026-03-09 13:59:39.258Z,10.8755,36,SYNTH
2026-03-09 13:59:40.757Z,10.8765,55,SYNTH
2026-03-09 13:59:41.795Z,10.8772,22,SYNTH
2026-03-09 13:59:42.364Z,10.8826,14,SYNTH
2026-03-09 13:59:43.484Z,10.8777,22,SYNTH
2026-03-09 13:59:44.486Z,10.8821,30,SYNTH
2026-03-09 13:59:45.452Z,10.8841,30,SYNTH
2026-03-09 13:59:46.545Z,10.8774,38,SYNTH
2026-03-09 13:59:47.099Z,10.8838,43,SYNTH
2026-03-09 13:59:48.485Z,10.8820,15,SYNTH
2026-03-09 13:59:49.069Z,10.8772,18,SYNTH
2026-03-09 13:59:50.189Z,10.8757,28,SYNTH
2026-03-09 13:59:51.092Z,10.8785,23,SYNTH
2026-03-09 13:59:52.136Z,10.8810,32,SYNTH
2026-03-09 13:59:53.295Z,10.8765,22,SYNTH
2026-03-09 13:59:54.538Z,10.8827,21,SYNTH
2026-03-09 13:59:55.776Z,10.8756,40,SYNTH
2026-03-09 13:59:56.628Z,10.8818,25,SYNTH
2026-03-09 13:59:57.778Z,10.8814,25,SYNTH
2026-03-09 13:59:58.054Z,10.8758,37,SYNTH
2026-03-09 13:59:59.358Z,10.8828,20,SYNTH
2026-03-09 14:02:00.075Z,10.9513,15,SYNTH
2026-03-09 14:02:01.711Z,10.9514,15,SYNTH
2026-03-09 14:02:02.088Z,10.9472,15,SYNTH
2026-03-09 14:02:03.257Z,10.9560,23,SYNTH
2026-03-09 14:02:04.676Z,10.9490,12,SYNTH
2026-03-09 14:02:05.264Z,10.9531,12,SYNTH
2026-03-09 14:02:06.366Z,10.9466,12,SYNTH
2026-03-09 14:02:07.877Z,10.9518,11,SYNTH
2026-03-09 14:02:08.187Z,10.9451,20,SYNTH
2026-03-09 14:02:09.777Z,10.9521,17,SYNTH
2026-03-09 14:02:10.868Z,10.9550,18,SYNTH
2026-03-09 14:02:11.229Z,10.9462,49,SYNTH
2026-03-09 14:02:12.075Z,10.9478,22,SYNTH
2026-03-09 14:02:13.339Z,10.9514,23,SYNTH
2026-03-09 14:02:14.171Z,10.9463,13,SYNTH
2026-03-09 14:02:15.844Z,10.9537,16,SYNTH
2026-03-09 14:02:16.852Z,10.9455,21,SYNTH
2026-03-09 14:02:17.078Z,10.9512,14,SYNTH
2026-03-09 14:02:18.394Z,10.9455,24,SYNTH
2026-03-09 14:02:19.765Z,10.9467,18,SYNTH
2026-03-09 14:02:20.433Z,10.9522,10,SYNTH
2026-03-09 14:02:21.325Z,10.9479,14,SYNTH
2026-03-09 14:02:22.383Z,10.9510,10,SYNTH
2026-03-09 14:02:23.042Z,10.9533,11,SYNTH
2026-03-09 14:02:24.180Z,10.9494,8,SYNTH
2026-03-09 14:02:25.831Z,10.9536,12,SYNTH
2026-03-09 14:02:26.689Z,10.9514,8,SYNTH
2026-03-09 14:02:27.442Z,10.9546,8,SYNTH
2026-03-09 14:02:28.042Z,10.9455,9,SYNTH
2026-03-09 14:02:29.760Z,10.9499,16,SYNTH
2026-03-09 14:02:30.224Z,10.9512,10,SYNTH
2026-03-09 14:02:31.335Z,10.9519,7,SYNTH
2026-03-09 14:02:32.359Z,10.9454,15,SYNTH
2026-03-09 14:02:33.446Z,10.9465,8,SYNTH
2026-03-09 14:02:34.789Z,10.9531,15,SYNTH
2026-03-09 14:02:35.441Z,10.9493,10,SYNTH
2026-03-09 14:02:36.405Z,10.9545,13,SYNTH
2026-03-09 14:02:37.379Z,10.9482,39,SYNTH
2026-03-09 14:02:38.011Z,10.9464,28,SYNTH
2026-03-09 14:02:39.869Z,10.9466,42,SYNTH
2026-03-09 14:02:40.265Z,10.9521,18,SYNTH
2026-03-09 14:02:41.643Z,10.9565,7,SYNTH
2026-03-09 14:02:42.339Z,10.9514,8,SYNTH
2026-03-09 14:02:43.311Z,10.9492,15,SYNTH
2026-03-09 14:02:44.539Z,10.9464,8,SYNTH
2026-03-09 14:02:45.316Z,10.9510,16,SYNTH
2026-03-09 14:02:46.326Z,10.9472,25,SYNTH
2026-03-09 14:02:47.377Z,10.9558,17,SYNTH
2026-03-09 14:02:48.371Z,10.9470,16,SYNTH
2026-03-09 14:02:49.466Z,10.9526,10,SYNTH
2026-03-09 14:02:50.555Z,10.9446,13,SYNTH
2026-03-09 14:02:51.430Z,10.9556,9,SYNTH
2026-03-09 14:02:52.329Z,10.9481,13,SYNTH
2026-03-09 14:02:53.153Z,10.9460,11,SYNTH
2026-03-09 14:02:54.611Z,10.9534,20,SYNTH
2026-03-09 14:02:55.671Z,10.9477,18,SYNTH
2026-03-09 14:02:56.361Z,10.9475,24,SYNTH
2026-03-09 14:02:57.076Z,10.9528,24,SYNTH
2026-03-09 14:02:58.869Z,10.9476,22,SYNTH
2026-03-09 14:02:59.575Z,10.9511,20,SYNTH
2026-03-09 14:03:00.748Z,11.1335,11,SYNTH
2026-03-09 14:03:01.008Z,11.1336,5,SYNTH
2026-03-09 14:03:02.560Z,11.1257,10,SYNTH
2026-03-09 14:03:03.629Z,11.1281,8,SYNTH
2026-03-09 14:03:04.405Z,11.1342,6,SYNTH
2026-03-09 14:03:05.572Z,11.1260,7,SYNTH
2026-03-09 14:03:06.800Z,11.1322,4,SYNTH
2026-03-09 14:03:07.857Z,11.1289,9,SYNTH
2026-03-09 14:03:08.507Z,11.1330,5,SYNTH
2026-03-09 14:03:09.095Z,11.1335,5,SYNTH
2026-03-09 14:03:10.459Z,11.1259,5,SYNTH
2026-03-09 14:03:11.327Z,11.1335,18,SYNTH
2026-03-09 14:03:12.328Z,11.1295,13,SYNTH
2026-03-09 14:03:13.120Z,11.1250,9,SYNTH
2026-03-09 14:03:14.760Z,11.1317,8,SYNTH
2026-03-09 14:03:15.286Z,11.1256,7,SYNTH
2026-03-09 14:03:16.253Z,11.1323,10,SYNTH
2026-03-09 14:03:17.526Z,11.1335,9,SYNTH
2026-03-09 14:03:18.798Z,11.1257,7,SYNTH
2026-03-09 14:03:19.421Z,11.1305,6,SYNTH
2026-03-09 14:03:20.682Z,11.1344,7,SYNTH
2026-03-09 14:03:21.040Z,11.1263,4,SYNTH
2026-03-09 14:03:22.156Z,11.1341,6,SYNTH
2026-03-09 14:03:23.072Z,11.1322,4,SYNTH
2026-03-09 14:03:24.044Z,11.1247,6,SYNTH
2026-03-09 14:03:25.744Z,11.1346,6,SYNTH
2026-03-09 14:03:26.418Z,11.1277,6,SYNTH
2026-03-09 14:03:27.761Z,11.1345,7,SYNTH
2026-03-09 14:03:28.430Z,11.1281,6,SYNTH
2026-03-09 14:03:29.573Z,11.1258,3,SYNTH
2026-03-09 14:03:30.368Z,11.1315,5,SYNTH
2026-03-09 14:03:31.215Z,11.1359,4,SYNTH
2026-03-09 14:03:32.508Z,11.1292,5,SYNTH
2026-03-09 14:03:33.678Z,11.1270,4,SYNTH
2026-03-09 14:03:34.120Z,11.1265,3,SYNTH
2026-03-09 14:03:35.076Z,11.1318,4,SYNTH
2026-03-09 14:03:36.717Z,11.1335,4,SYNTH
2026-03-09 14:03:37.441Z,11.1280,8,SYNTH
2026-03-09 14:03:38.808Z,11.1255,19,SYNTH
2026-03-09 14:03:39.864Z,11.1361,8,SYNTH
2026-03-09 14:03:40.755Z,11.1265,8,SYNTH
2026-03-09 14:03:41.242Z,11.1247,4,SYNTH
2026-03-09 14:03:42.399Z,11.1306,8,SYNTH
2026-03-09 14:03:43.654Z,11.1275,7,SYNTH
2026-03-09 14:03:44.457Z,11.1309,8,SYNTH
2026-03-09 14:03:45.281Z,11.1272,12,SYNTH
2026-03-09 14:03:46.508Z,11.1261,8,SYNTH
2026-03-09 14:03:47.322Z,11.1284,7,SYNTH
2026-03-09 14:03:48.611Z,11.1363,9,SYNTH
2026-03-09 14:03:49.650Z,11.1265,5,SYNTH
2026-03-09 14:03:50.339Z,11.1316,7,SYNTH
2026-03-09 14:03:51.354Z,11.1313,8,SYNTH
2026-03-09 14:03:52.084Z,11.1277,7,SYNTH
2026-03-09 14:03:53.853Z,11.1351,5,SYNTH
2026-03-09 14:03:54.737Z,11.1330,6,SYNTH
2026-03-09 14:03:55.641Z,11.1251,9,SYNTH
2026-03-09 14:03:56.035Z,11.1294,7,SYNTH
2026-03-09 14:03:57.304Z,11.1326,9,SYNTH
2026-03-09 14:03:58.460Z,11.1280,11,SYNTH
2026-03-09 14:03:59.149Z,11.1300,8,SYNTH
2026-03-09 14:04:00.819Z,11.1906,81,SYNTH
2026-03-09 14:04:01.220Z,11.1838,78,SYNTH
2026-03-09 14:04:02.797Z,11.1916,76,SYNTH
2026-03-09 14:04:03.896Z,11.1866,42,SYNTH
2026-03-09 14:04:04.629Z,11.1923,85,SYNTH
2026-03-09 14:04:05.137Z,11.1953,79,SYNTH
2026-03-09 14:04:06.296Z,11.1877,45,SYNTH
2026-03-09 14:04:07.655Z,11.1918,53,SYNTH
2026-03-09 14:04:08.211Z,11.1933,60,SYNTH
2026-03-09 14:04:09.202Z,11.1909,61,SYNTH
2026-03-09 14:04:10.004Z,11.1877,35,SYNTH
2026-03-09 14:04:11.103Z,11.1921,160,SYNTH
2026-03-09 14:04:12.138Z,11.1861,157,SYNTH
2026-03-09 14:04:13.252Z,11.1910,97,SYNTH
2026-03-09 14:04:14.455Z,11.1848,40,SYNTH
2026-03-09 14:04:15.818Z,11.1886,63,SYNTH
2026-03-09 14:04:16.753Z,11.1860,60,SYNTH
2026-03-09 14:04:17.583Z,11.1900,92,SYNTH
2026-03-09 14:04:18.249Z,11.1908,81,SYNTH
2026-03-09 14:04:19.021Z,11.1868,47,SYNTH
2026-03-09 14:04:20.630Z,11.1824,34,SYNTH
2026-03-09 14:04:21.757Z,11.1810,55,SYNTH
2026-03-09 14:04:22.792Z,11.1714,54,SYNTH
2026-03-09 14:04:23.474Z,11.1666,38,SYNTH
2026-03-09 14:04:24.137Z,11.1577,38,SYNTH
2026-03-09 14:04:25.093Z,11.1550,41,SYNTH
2026-03-09 14:04:26.820Z,11.1436,59,SYNTH
2026-03-09 14:04:27.365Z,11.1405,26,SYNTH
2026-03-09 14:04:28.798Z,11.1298,50,SYNTH
2026-03-09 14:04:29.262Z,11.1217,43,SYNTH
2026-03-09 14:04:30.177Z,11.1146,41,SYNTH
2026-03-09 14:04:31.445Z,11.1001,55,SYNTH
2026-03-09 14:04:32.644Z,11.0977,34,SYNTH
2026-03-09 14:04:33.248Z,11.0897,54,SYNTH
2026-03-09 14:04:34.304Z,11.0823,47,SYNTH
2026-03-09 14:04:35.784Z,11.0770,35,SYNTH
2026-03-09 14:04:36.299Z,11.0687,60,SYNTH
2026-03-09 14:04:37.151Z,11.0699,80,SYNTH
2026-03-09 14:04:38.497Z,11.0714,122,SYNTH
2026-03-09 14:04:39.655Z,11.0695,81,SYNTH
2026-03-09 14:04:40.163Z,11.0751,155,SYNTH
2026-03-09 14:04:41.188Z,11.0780,35,SYNTH
2026-03-09 14:04:42.801Z,11.0777,61,SYNTH
2026-03-09 14:04:43.899Z,11.0822,48,SYNTH
2026-03-09 14:04:44.040Z,11.0750,48,SYNTH
2026-03-09 14:04:45.637Z,11.0820,88,SYNTH
2026-03-09 14:04:46.803Z,11.0860,92,SYNTH
2026-03-09 14:04:47.572Z,11.0823,55,SYNTH
2026-03-09 14:04:48.244Z,11.0762,43,SYNTH
2026-03-09 14:04:49.783Z,11.0821,33,SYNTH
2026-03-09 14:04:50.031Z,11.0798,40,SYNTH
2026-03-09 14:04:51.358Z,11.0768,47,SYNTH
2026-03-09 14:04:52.538Z,11.0765,70,SYNTH
2026-03-09 14:04:53.491Z,11.0724,83,SYNTH
2026-03-09 14:04:54.426Z,11.0787,66,SYNTH
2026-03-09 14:04:55.689Z,11.0694,84,SYNTH
2026-03-09 14:04:56.026Z,11.0757,86,SYNTH
2026-03-09 14:04:57.208Z,11.0661,56,SYNTH
2026-03-09 14:04:58.179Z,11.0745,80,SYNTH
2026-03-09 14:04:59.749Z,11.0679,68,SYNTH
2026-03-09 14:05:00.189Z,11.0709,16,SYNTH
2026-03-09 14:05:01.151Z,11.0675,21,SYNTH
2026-03-09 14:05:02.696Z,11.0571,14,SYNTH
2026-03-09 14:05:03.524Z,11.0430,26,SYNTH
2026-03-09 14:05:04.523Z,11.0247,27,SYNTH
2026-03-09 14:05:05.286Z,11.0077,28,SYNTH
2026-03-09 14:05:06.837Z,10.9854,19,SYNTH
2026-03-09 14:05:07.667Z,10.9625,26,SYNTH
2026-03-09 14:05:08.195Z,10.9481,19,SYNTH
2026-03-09 14:05:09.363Z,10.9293,21,SYNTH
2026-03-09 14:05:10.053Z,10.9207,26,SYNTH
2026-03-09 14:05:11.732Z,10.9133,53,SYNTH
2026-03-09 14:05:12.355Z,10.9064,51,SYNTH
2026-03-09 14:05:13.401Z,10.9212,63,SYNTH
2026-03-09 14:05:14.347Z,10.9325,21,SYNTH
2026-03-09 14:05:15.256Z,10.9466,13,SYNTH
2026-03-09 14:05:16.644Z,10.9608,23,SYNTH
2026-03-09 14:05:17.075Z,10.9714,37,SYNTH
2026-03-09 14:05:18.483Z,10.9736,39,SYNTH
2026-03-09 14:05:19.362Z,10.9756,28,SYNTH
2026-03-09 14:05:20.078Z,10.9773,17,SYNTH
2026-03-09 14:05:21.462Z,10.9833,11,SYNTH
2026-03-09 14:05:22.835Z,10.9855,17,SYNTH
2026-03-09 14:05:23.855Z,10.9937,22,SYNTH
2026-03-09 14:05:24.472Z,10.9956,16,SYNTH
2026-03-09 14:05:25.355Z,10.9995,11,SYNTH
2026-03-09 14:05:26.167Z,11.0102,17,SYNTH
2026-03-09 14:05:27.681Z,11.0178,13,SYNTH
2026-03-09 14:05:28.713Z,11.0196,9,SYNTH
2026-03-09 14:05:29.712Z,11.0330,15,SYNTH
2026-03-09 14:05:30.463Z,11.0370,13,SYNTH
2026-03-09 14:05:31.229Z,11.0467,19,SYNTH
2026-03-09 14:05:32.255Z,11.0495,10,SYNTH
2026-03-09 14:05:33.147Z,11.0564,13,SYNTH
2026-03-09 14:05:34.151Z,11.0583,12,SYNTH
2026-03-09 14:05:35.375Z,11.0632,19,SYNTH
2026-03-09 14:05:36.662Z,11.0692,15,SYNTH
2026-03-09 14:05:37.772Z,11.0719,23,SYNTH
2026-03-09 14:05:38.596Z,11.0656,35,SYNTH
2026-03-09 14:05:39.506Z,11.0694,30,SYNTH
2026-03-09 14:05:40.140Z,11.0659,52,SYNTH
2026-03-09 14:05:41.576Z,11.0711,23,SYNTH
2026-03-09 14:05:42.067Z,11.0715,13,SYNTH
2026-03-09 14:05:43.762Z,11.0664,19,SYNTH
2026-03-09 14:05:44.347Z,11.0663,14,SYNTH
2026-03-09 14:05:45.489Z,11.0707,32,SYNTH
2026-03-09 14:05:46.207Z,11.0730,29,SYNTH
2026-03-09 14:05:47.698Z,11.0710,21,SYNTH
2026-03-09 14:05:48.137Z,11.0644,17,SYNTH
2026-03-09 14:05:49.324Z,11.0706,19,SYNTH
2026-03-09 14:05:50.070Z,11.0720,21,SYNTH
2026-03-09 14:05:51.237Z,11.0646,12,SYNTH
2026-03-09 14:05:52.179Z,11.0645,29,SYNTH
2026-03-09 14:05:53.773Z,11.0655,19,SYNTH
2026-03-09 14:05:54.089Z,11.0729,17,SYNTH
2026-03-09 14:05:55.179Z,11.0732,31,SYNTH
2026-03-09 14:05:56.725Z,11.0738,28,SYNTH
2026-03-09 14:05:57.742Z,11.0722,15,SYNTH
2026-03-09 14:05:58.541Z,11.0750,17,SYNTH
2026-03-09 14:05:59.722Z,11.0669,26,SYNTH
2026-03-09 14:06:00.250Z,10.9406,4,SYNTH
2026-03-09 14:06:01.104Z,10.9429,4,SYNTH
2026-03-09 14:06:02.826Z,10.9384,4,SYNTH
2026-03-09 14:06:03.555Z,10.9364,4,SYNTH
2026-03-09 14:06:04.571Z,10.9352,3,SYNTH
2026-03-09 14:06:05.612Z,10.9459,2,SYNTH
2026-03-09 14:06:06.618Z,10.9377,3,SYNTH
2026-03-09 14:06:07.182Z,10.9422,3,SYNTH
2026-03-09 14:06:08.716Z,10.9457,4,SYNTH
2026-03-09 14:06:09.055Z,10.9350,3,SYNTH
2026-03-09 14:06:10.064Z,10.9437,3,SYNTH
2026-03-09 14:06:11.819Z,10.9391,9,SYNTH
2026-03-09 14:06:12.161Z,10.9373,7,SYNTH
2026-03-09 14:06:13.048Z,10.9356,4,SYNTH
2026-03-09 14:06:14.371Z,10.9354,3,SYNTH
2026-03-09 14:06:15.335Z,10.9398,2,SYNTH
2026-03-09 14:06:16.722Z,10.9370,4,SYNTH
2026-03-09 14:06:17.023Z,10.9414,3,SYNTH
2026-03-09 14:06:18.584Z,10.9419,6,SYNTH
2026-03-09 14:06:19.397Z,10.9442,6,SYNTH
2026-03-09 14:06:20.416Z,10.9343,2,SYNTH
2026-03-09 14:06:21.243Z,10.9403,3,SYNTH
2026-03-09 14:06:22.870Z,10.9441,1,SYNTH
2026-03-09 14:06:23.566Z,10.9365,2,SYNTH
2026-03-09 14:06:24.692Z,10.9452,2,SYNTH
2026-03-09 14:06:25.609Z,10.9408,2,SYNTH
2026-03-09 14:06:26.384Z,10.9376,3,SYNTH
2026-03-09 14:06:27.608Z,10.9437,2,SYNTH
2026-03-09 14:06:28.390Z,10.9398,3,SYNTH
2026-03-09 14:06:29.156Z,10.9380,1,SYNTH
2026-03-09 14:06:30.027Z,10.9407,2,SYNTH
2026-03-09 14:06:31.798Z,10.9422,2,SYNTH
2026-03-09 14:06:32.001Z,10.9362,2,SYNTH
2026-03-09 14:06:33.244Z,10.9453,2,SYNTH
2026-03-09 14:06:34.007Z,10.9358,3,SYNTH
2026-03-09 14:06:35.785Z,10.9421,2,SYNTH
2026-03-09 14:06:36.093Z,10.9453,2,SYNTH
2026-03-09 14:06:37.104Z,10.9371,6,SYNTH
2026-03-09 14:06:38.466Z,10.9434,4,SYNTH
2026-03-09 14:06:39.415Z,10.9377,8,SYNTH
2026-03-09 14:06:40.862Z,10.9457,5,SYNTH
2026-03-09 14:06:41.820Z,10.9339,3,SYNTH
2026-03-09 14:06:42.475Z,10.9393,3,SYNTH
2026-03-09 14:06:43.830Z,10.9425,2,SYNTH
2026-03-09 14:06:44.510Z,10.9358,3,SYNTH
2026-03-09 14:06:45.500Z,10.9458,3,SYNTH
2026-03-09 14:06:46.509Z,10.9372,5,SYNTH
2026-03-09 14:06:47.141Z,10.9447,4,SYNTH
2026-03-09 14:06:48.698Z,10.9422,4,SYNTH
2026-03-09 14:06:49.521Z,10.9373,3,SYNTH
2026-03-09 14:06:50.283Z,10.9370,4,SYNTH
2026-03-09 14:06:51.767Z,10.9397,4,SYNTH
2026-03-09 14:06:52.143Z,10.9433,3,SYNTH
2026-03-09 14:06:53.458Z,10.9369,3,SYNTH
2026-03-09 14:06:54.360Z,10.9450,2,SYNTH
2026-03-09 14:06:55.222Z,10.9379,4,SYNTH
2026-03-09 14:06:56.223Z,10.9444,4,SYNTH
2026-03-09 14:06:57.738Z,10.9386,3,SYNTH
2026-03-09 14:06:58.273Z,10.9435,3,SYNTH
2026-03-09 14:06:59.082Z,10.9391,2,SYNTH
2026-03-09 14:07:00.620Z,11.0506,6,SYNTH
2026-03-09 14:07:01.063Z,11.0559,7,SYNTH
2026-03-09 14:07:02.161Z,11.0467,6,SYNTH
2026-03-09 14:07:03.385Z,11.0462,5,SYNTH
2026-03-09 14:07:04.025Z,11.0515,6,SYNTH
2026-03-09 14:07:05.716Z,11.0477,7,SYNTH
2026-03-09 14:07:06.432Z,11.0539,6,SYNTH
2026-03-09 14:07:07.418Z,11.0482,6,SYNTH
2026-03-09 14:07:08.140Z,11.0554,9,SYNTH
2026-03-09 14:07:09.336Z,11.0469,7,SYNTH
2026-03-09 14:07:10.286Z,11.0506,5,SYNTH
2026-03-09 14:07:11.228Z,11.0513,14,SYNTH
2026-03-09 14:07:12.433Z,11.0538,14,SYNTH
2026-03-09 14:07:13.088Z,11.0492,16,SYNTH
2026-03-09 14:07:14.414Z,11.0451,8,SYNTH
2026-03-09 14:07:15.490Z,11.0486,8,SYNTH
2026-03-09 14:07:16.034Z,11.0522,8,SYNTH
2026-03-09 14:07:17.878Z,11.0518,11,SYNTH
2026-03-09 14:07:18.576Z,11.0555,6,SYNTH
2026-03-09 14:07:19.458Z,11.0483,8,SYNTH
2026-03-09 14:07:20.799Z,11.0536,4,SYNTH
2026-03-09 14:07:21.246Z,11.0481,6,SYNTH
2026-03-09 14:07:22.632Z,11.0540,6,SYNTH
2026-03-09 14:07:23.446Z,11.0497,6,SYNTH
2026-03-09 14:07:24.383Z,11.0494,5,SYNTH
2026-03-09 14:07:25.358Z,11.0506,6,SYNTH
2026-03-09 14:07:26.253Z,11.0525,6,SYNTH
2026-03-09 14:07:27.753Z,11.0550,7,SYNTH
2026-03-09 14:07:28.308Z,11.0518,6,SYNTH
2026-03-09 14:07:29.806Z,11.0591,5,SYNTH
2026-03-09 14:07:30.048Z,11.0591,5,SYNTH
2026-03-09 14:07:31.296Z,11.0617,4,SYNTH
2026-03-09 14:07:32.291Z,11.0547,5,SYNTH
2026-03-09 14:07:33.147Z,11.0604,4,SYNTH
2026-03-09 14:07:34.413Z,11.0591,3,SYNTH
2026-03-09 14:07:35.248Z,11.0615,4,SYNTH
2026-03-09 14:07:36.141Z,11.0650,6,SYNTH
2026-03-09 14:07:37.817Z,11.0582,15,SYNTH
2026-03-09 14:07:38.422Z,11.0621,17,SYNTH
2026-03-09 14:07:39.570Z,11.0558,8,SYNTH
2026-03-09 14:07:40.042Z,11.0633,18,SYNTH
2026-03-09 14:07:41.682Z,11.0567,6,SYNTH
2026-03-09 14:07:42.804Z,11.0637,6,SYNTH
2026-03-09 14:07:43.476Z,11.0564,6,SYNTH
2026-03-09 14:07:44.049Z,11.0593,5,SYNTH
2026-03-09 14:07:45.748Z,11.0545,13,SYNTH
2026-03-09 14:07:46.566Z,11.0541,11,SYNTH
2026-03-09 14:07:47.256Z,11.0584,8,SYNTH
2026-03-09 14:07:48.293Z,11.0654,5,SYNTH
2026-03-09 14:07:49.181Z,11.0567,9,SYNTH
2026-03-09 14:07:50.198Z,11.0551,9,SYNTH
2026-03-09 14:07:51.227Z,11.0532,7,SYNTH
2026-03-09 14:07:52.816Z,11.0629,8,SYNTH
2026-03-09 14:07:53.544Z,11.0558,6,SYNTH
2026-03-09 14:07:54.133Z,11.0632,5,SYNTH
2026-03-09 14:07:55.731Z,11.0571,7,SYNTH
2026-03-09 14:07:56.435Z,11.0588,9,SYNTH
2026-03-09 14:07:57.756Z,11.0615,9,SYNTH
2026-03-09 14:07:58.476Z,11.0615,9,SYNTH
2026-03-09 14:07:59.237Z,11.0575,9,SYNTH
2026-03-09 14:08:00.558Z,10.9103,173,SYNTH
2026-03-09 14:08:01.554Z,10.9071,153,SYNTH
2026-03-09 14:08:02.805Z,10.9047,183,SYNTH
2026-03-09 14:08:03.380Z,10.9129,183,SYNTH
2026-03-09 14:08:04.805Z,10.9071,102,SYNTH
2026-03-09 14:08:05.276Z,10.9132,84,SYNTH
2026-03-09 14:08:06.098Z,10.9136,133,SYNTH
2026-03-09 14:08:07.717Z,10.9083,80,SYNTH
2026-03-09 14:08:08.570Z,10.9148,148,SYNTH
2026-03-09 14:08:09.238Z,10.9139,114,SYNTH
2026-03-09 14:08:10.442Z,10.9071,129,SYNTH
2026-03-09 14:08:11.566Z,10.9080,200,SYNTH
2026-03-09 14:08:12.271Z,10.9127,233,SYNTH
2026-03-09 14:08:13.557Z,10.9066,319,SYNTH
2026-03-09 14:08:14.189Z,10.9059,85,SYNTH
2026-03-09 14:08:15.810Z,10.9119,98,SYNTH
2026-03-09 14:08:16.168Z,10.9129,170,SYNTH
2026-03-09 14:08:17.034Z,10.9135,156,SYNTH
2026-03-09 14:08:18.095Z,10.9064,116,SYNTH
2026-03-09 14:08:19.233Z,10.9053,190,SYNTH
2026-03-09 14:08:20.572Z,10.9039,93,SYNTH
2026-03-09 14:08:21.058Z,10.9011,72,SYNTH
2026-03-09 14:08:22.340Z,10.8979,63,SYNTH
2026-03-09 14:08:23.684Z,10.8890,106,SYNTH
2026-03-09 14:08:24.309Z,10.8819,88,SYNTH
2026-03-09 14:08:25.311Z,10.8751,70,SYNTH
2026-03-09 14:08:26.006Z,10.8653,91,SYNTH
2026-03-09 14:08:27.592Z,10.8612,65,SYNTH
2026-03-09 14:08:28.642Z,10.8537,77,SYNTH
2026-03-09 14:08:29.310Z,10.8478,61,SYNTH
2026-03-09 14:08:30.316Z,10.8408,84,SYNTH
2026-03-09 14:08:31.722Z,10.8314,133,SYNTH
2026-03-09 14:08:32.549Z,10.8234,93,SYNTH
2026-03-09 14:08:33.551Z,10.8181,135,SYNTH
2026-03-09 14:08:34.589Z,10.8117,132,SYNTH
2026-03-09 14:08:35.545Z,10.8053,102,SYNTH
2026-03-09 14:08:36.321Z,10.8044,97,SYNTH
2026-03-09 14:08:37.336Z,10.7971,266,SYNTH
2026-03-09 14:08:38.450Z,10.7955,219,SYNTH
2026-03-09 14:08:39.231Z,10.8046,181,SYNTH
2026-03-09 14:08:40.277Z,10.7960,186,SYNTH
2026-03-09 14:08:41.582Z,10.8050,147,SYNTH
2026-03-09 14:08:42.795Z,10.8090,77,SYNTH
2026-03-09 14:08:43.285Z,10.8143,125,SYNTH
2026-03-09 14:08:44.044Z,10.8135,97,SYNTH
2026-03-09 14:08:45.512Z,10.8186,137,SYNTH
2026-03-09 14:08:46.363Z,10.8129,139,SYNTH
2026-03-09 14:08:47.101Z,10.8188,165,SYNTH
2026-03-09 14:08:48.275Z,10.8109,111,SYNTH
2026-03-09 14:08:49.640Z,10.8204,156,SYNTH
2026-03-09 14:08:50.319Z,10.8116,74,SYNTH
2026-03-09 14:08:51.283Z,10.8091,77,SYNTH
2026-03-09 14:08:52.305Z,10.8068,145,SYNTH
2026-03-09 14:08:53.185Z,10.8094,95,SYNTH
2026-03-09 14:08:54.461Z,10.8021,166,SYNTH
2026-03-09 14:08:55.278Z,10.8019,135,SYNTH
2026-03-09 14:08:56.565Z,10.7982,135,SYNTH
2026-03-09 14:08:57.384Z,10.8041,110,SYNTH
2026-03-09 14:08:58.429Z,10.8010,141,SYNTH
2026-03-09 14:08:59.823Z,10.7970,89,SYNTH
2026-03-09 14:09:00.277Z,10.8508,2,SYNTH
2026-03-09 14:09:01.842Z,10.8477,4,SYNTH
2026-03-09 14:09:02.379Z,10.8536,3,SYNTH
2026-03-09 14:09:03.189Z,10.8508,3,SYNTH
2026-03-09 14:09:04.766Z,10.8453,4,SYNTH
2026-03-09 14:09:05.666Z,10.8553,4,SYNTH
2026-03-09 14:09:06.431Z,10.8472,2,SYNTH
2026-03-09 14:09:07.860Z,10.8522,4,SYNTH
2026-03-09 14:09:08.192Z,10.8481,4,SYNTH
2026-03-09 14:09:09.012Z,10.8532,2,SYNTH
2026-03-09 14:09:10.084Z,10.8485,4,SYNTH
2026-03-09 14:09:11.679Z,10.8507,7,SYNTH
2026-03-09 14:09:12.891Z,10.8538,5,SYNTH
2026-03-09 14:09:13.477Z,10.8511,7,SYNTH
2026-03-09 14:09:14.782Z,10.8476,2,SYNTH
2026-03-09 14:09:15.350Z,10.8525,3,SYNTH
2026-03-09 14:09:16.667Z,10.8472,4,SYNTH
2026-03-09 14:09:17.636Z,10.8529,3,SYNTH
2026-03-09 14:09:18.773Z,10.8544,4,SYNTH
2026-03-09 14:09:19.442Z,10.8504,5,SYNTH
2026-03-09 14:09:20.235Z,10.8462,2,SYNTH
2026-03-09 14:09:21.402Z,10.8516,3,SYNTH
2026-03-09 14:09:22.758Z,10.8548,3,SYNTH
2026-03-09 14:09:23.336Z,10.8551,3,SYNTH
2026-03-09 14:09:24.390Z,10.8470,2,SYNTH
2026-03-09 14:09:25.761Z,10.8456,3,SYNTH
2026-03-09 14:09:26.538Z,10.8520,2,SYNTH
2026-03-09 14:09:27.526Z,10.8480,2,SYNTH
2026-03-09 14:09:28.532Z,10.8482,2,SYNTH
2026-03-09 14:09:29.798Z,10.8530,2,SYNTH
2026-03-09 14:09:30.582Z,10.8462,3,SYNTH
2026-03-09 14:09:31.447Z,10.8536,1,SYNTH
2026-03-09 14:09:32.456Z,10.8481,2,SYNTH
2026-03-09 14:09:33.288Z,10.8526,2,SYNTH
2026-03-09 14:09:34.657Z,10.8484,2,SYNTH
2026-03-09 14:09:35.046Z,10.8448,2,SYNTH
2026-03-09 14:09:36.292Z,10.8536,2,SYNTH
2026-03-09 14:09:37.893Z,10.8493,6,SYNTH
2026-03-09 14:09:38.820Z,10.8489,4,SYNTH
2026-03-09 14:09:39.073Z,10.8517,7,SYNTH
2026-03-09 14:09:40.823Z,10.8458,8,SYNTH
2026-03-09 14:09:41.259Z,10.8521,1,SYNTH
2026-03-09 14:09:42.318Z,10.8543,2,SYNTH
2026-03-09 14:09:43.624Z,10.8508,3,SYNTH
2026-03-09 14:09:44.665Z,10.8462,2,SYNTH
2026-03-09 14:09:45.327Z,10.8524,3,SYNTH
2026-03-09 14:09:46.688Z,10.8538,3,SYNTH
2026-03-09 14:09:47.441Z,10.8457,5,SYNTH
2026-03-09 14:09:48.581Z,10.8527,3,SYNTH
2026-03-09 14:09:49.798Z,10.8459,4,SYNTH
2026-03-09 14:09:50.759Z,10.8542,4,SYNTH
2026-03-09 14:09:51.525Z,10.8484,2,SYNTH
2026-03-09 14:09:52.130Z,10.8519,2,SYNTH
2026-03-09 14:09:53.742Z,10.8559,3,SYNTH
2026-03-09 14:09:54.554Z,10.8476,4,SYNTH
2026-03-09 14:09:55.005Z,10.8467,3,SYNTH
2026-03-09 14:09:56.356Z,10.8457,5,SYNTH
2026-03-09 14:09:57.044Z,10.8534,3,SYNTH
2026-03-09 14:09:58.078Z,10.8445,3,SYNTH
2026-03-09 14:09:59.310Z,10.8520,4,SYNTH
2026-03-09 14:10:00.776Z,10.8924,38,SYNTH
2026-03-09 14:10:01.310Z,10.8929,35,SYNTH
2026-03-09 14:10:02.489Z,10.8868,37,SYNTH
2026-03-09 14:10:03.222Z,10.8937,21,SYNTH
2026-03-09 14:10:04.059Z,10.8869,15,SYNTH
2026-03-09 14:10:05.454Z,10.8922,33,SYNTH
2026-03-09 14:10:06.206Z,10.8939,34,SYNTH
2026-03-09 14:10:07.224Z,10.8928,17,SYNTH
2026-03-09 14:10:08.894Z,10.8891,28,SYNTH
2026-03-09 14:10:09.355Z,10.8877,29,SYNTH
2026-03-09 14:10:10.184Z,10.8891,32,SYNTH
2026-03-09 14:10:11.887Z,10.8872,45,SYNTH
2026-03-09 14:10:12.458Z,10.8902,77,SYNTH
2026-03-09 14:10:13.187Z,10.8879,70,SYNTH
2026-03-09 14:10:14.073Z,10.8865,21,SYNTH
2026-03-09 14:10:15.021Z,10.8903,22,SYNTH
2026-03-09 14:10:16.804Z,10.8935,52,SYNTH
2026-03-09 14:10:17.298Z,10.8899,35,SYNTH
2026-03-09 14:10:18.047Z,10.8900,27,SYNTH
2026-03-09 14:10:19.702Z,10.8875,40,SYNTH
2026-03-09 14:10:20.741Z,10.8864,22,SYNTH
2026-03-09 14:10:21.742Z,10.8961,19,SYNTH
2026-03-09 14:10:22.280Z,10.8907,22,SYNTH
2026-03-09 14:10:23.711Z,10.8921,15,SYNTH
2026-03-09 14:10:24.884Z,10.8916,26,SYNTH
2026-03-09 14:10:25.261Z,10.8980,17,SYNTH
2026-03-09 14:10:26.017Z,10.8987,26,SYNTH
2026-03-09 14:10:27.532Z,10.9033,21,SYNTH
2026-03-09 14:10:28.648Z,10.9036,25,SYNTH
2026-03-09 14:10:29.425Z,10.8976,11,SYNTH
2026-03-09 14:10:30.767Z,10.9051,13,SYNTH
2026-03-09 14:10:31.248Z,10.9093,20,SYNTH
2026-03-09 14:10:32.873Z,10.9088,26,SYNTH
2026-03-09 14:10:33.551Z,10.9048,21,SYNTH
2026-03-09 14:10:34.211Z,10.9112,26,SYNTH
2026-03-09 14:10:35.608Z,10.9050,16,SYNTH
2026-03-09 14:10:36.427Z,10.9099,27,SYNTH
2026-03-09 14:10:37.864Z,10.9141,60,SYNTH
2026-03-09 14:10:38.345Z,10.9139,43,SYNTH
2026-03-09 14:10:39.528Z,10.9146,51,SYNTH
2026-03-09 14:10:40.889Z,10.9064,50,SYNTH
2026-03-09 14:10:41.300Z,10.9132,19,SYNTH
2026-03-09 14:10:42.821Z,10.9027,19,SYNTH
2026-03-09 14:10:43.463Z,10.9086,20,SYNTH
2026-03-09 14:10:44.086Z,10.9026,24,SYNTH
2026-03-09 14:10:45.539Z,10.9025,26,SYNTH
2026-03-09 14:10:46.841Z,10.9076,28,SYNTH
2026-03-09 14:10:47.456Z,10.9022,21,SYNTH
2026-03-09 14:10:48.749Z,10.9043,25,SYNTH
2026-03-09 14:10:49.513Z,10.9061,14,SYNTH
2026-03-09 14:10:50.284Z,10.9032,24,SYNTH
2026-03-09 14:10:51.608Z,10.8996,28,SYNTH
2026-03-09 14:10:52.180Z,10.9080,30,SYNTH
2026-03-09 14:10:53.735Z,10.8993,35,SYNTH
2026-03-09 14:10:54.529Z,10.9049,24,SYNTH
2026-03-09 14:10:55.520Z,10.8998,22,SYNTH
2026-03-09 14:10:56.031Z,10.8986,17,SYNTH
2026-03-09 14:10:57.412Z,10.9057,32,SYNTH
2026-03-09 14:10:58.489Z,10.8987,22,SYNTH
2026-03-09 14:10:59.372Z,10.8970,32,SYNTH
2026-03-09 14:11:00.677Z,10.8502,38,SYNTH
2026-03-09 14:11:01.478Z,10.8463,35,SYNTH
2026-03-09 14:11:02.602Z,10.8542,32,SYNTH
2026-03-09 14:11:03.006Z,10.8539,33,SYNTH
2026-03-09 14:11:04.012Z,10.8487,39,SYNTH
2026-03-09 14:11:05.845Z,10.8478,21,SYNTH
2026-03-09 14:11:06.658Z,10.8545,26,SYNTH
2026-03-09 14:11:07.766Z,10.8451,31,SYNTH
2026-03-09 14:11:08.595Z,10.8536,34,SYNTH
2026-03-09 14:11:09.764Z,10.8475,34,SYNTH
2026-03-09 14:11:10.844Z,10.8520,18,SYNTH
2026-03-09 14:11:11.532Z,10.8445,71,SYNTH
2026-03-09 14:11:12.278Z,10.8518,57,SYNTH
2026-03-09 14:11:13.061Z,10.8522,72,SYNTH
2026-03-09 14:11:14.703Z,10.8497,23,SYNTH
2026-03-09 14:11:15.047Z,10.8457,19,SYNTH
2026-03-09 14:11:16.479Z,10.8547,33,SYNTH
2026-03-09 14:11:17.156Z,10.8481,52,SYNTH
2026-03-09 14:11:18.668Z,10.8440,49,SYNTH
2026-03-09 14:11:19.848Z,10.8465,36,SYNTH
2026-03-09 14:11:20.262Z,10.8487,19,SYNTH
2026-03-09 14:11:21.864Z,10.8423,26,SYNTH
2026-03-09 14:11:22.514Z,10.8403,20,SYNTH
2026-03-09 14:11:23.840Z,10.8379,20,SYNTH
2026-03-09 14:11:24.797Z,10.8335,16,SYNTH
2026-03-09 14:11:25.693Z,10.8321,26,SYNTH
2026-03-09 14:11:26.233Z,10.8262,19,SYNTH
2026-03-09 14:11:27.300Z,10.8225,25,SYNTH
2026-03-09 14:11:28.364Z,10.8175,20,SYNTH
2026-03-09 14:11:29.365Z,10.8139,11,SYNTH
2026-03-09 14:11:30.537Z,10.8098,26,SYNTH
2026-03-09 14:11:31.875Z,10.8048,22,SYNTH
2026-03-09 14:11:32.461Z,10.8036,20,SYNTH
2026-03-09 14:11:33.200Z,10.7969,20,SYNTH
2026-03-09 14:11:34.293Z,10.7964,22,SYNTH
2026-03-09 14:11:35.693Z,10.7953,27,SYNTH
2026-03-09 14:11:36.847Z,10.7911,23,SYNTH
2026-03-09 14:11:37.620Z,10.7856,54,SYNTH
2026-03-09 14:11:38.088Z,10.7926,46,SYNTH
2026-03-09 14:11:39.638Z,10.7858,40,SYNTH
2026-03-09 14:11:40.001Z,10.7942,51,SYNTH
2026-03-09 14:11:41.610Z,10.7875,19,SYNTH
2026-03-09 14:11:42.637Z,10.7930,28,SYNTH
2026-03-09 14:11:43.618Z,10.7941,29,SYNTH
2026-03-09 14:11:44.754Z,10.7963,29,SYNTH
2026-03-09 14:11:45.283Z,10.8013,44,SYNTH
2026-03-09 14:11:46.334Z,10.7948,46,SYNTH
2026-03-09 14:11:47.093Z,10.8004,30,SYNTH
2026-03-09 14:11:48.371Z,10.8005,21,SYNTH
2026-03-09 14:11:49.535Z,10.7918,26,SYNTH
2026-03-09 14:11:50.857Z,10.7969,27,SYNTH
2026-03-09 14:11:51.352Z,10.7915,35,SYNTH
2026-03-09 14:11:52.572Z,10.7911,24,SYNTH
2026-03-09 14:11:53.122Z,10.7959,17,SYNTH
2026-03-09 14:11:54.757Z,10.7933,35,SYNTH
2026-03-09 14:11:55.465Z,10.7921,38,SYNTH
2026-03-09 14:11:56.055Z,10.7914,21,SYNTH
2026-03-09 14:11:57.368Z,10.7874,19,SYNTH
2026-03-09 14:11:58.028Z,10.7940,27,SYNTH
2026-03-09 14:11:59.671Z,10.7878,20,SYNTH
2026-03-09 14:12:00.499Z,10.8013,50,SYNTH
2026-03-09 14:12:01.096Z,10.7947,77,SYNTH
2026-03-09 14:12:02.239Z,10.8020,38,SYNTH
2026-03-09 14:12:03.742Z,10.7981,71,SYNTH
2026-03-09 14:12:04.857Z,10.7958,70,SYNTH
2026-03-09 14:12:05.468Z,10.8030,55,SYNTH
2026-03-09 14:12:06.853Z,10.7984,73,SYNTH
2026-03-09 14:12:07.394Z,10.8018,52,SYNTH
2026-03-09 14:12:08.249Z,10.7994,68,SYNTH
2026-03-09 14:12:09.503Z,10.7968,43,SYNTH
2026-03-09 14:12:10.025Z,10.8027,36,SYNTH
2026-03-09 14:12:11.722Z,10.7975,86,SYNTH
2026-03-09 14:12:12.780Z,10.8000,71,SYNTH
2026-03-09 14:12:13.481Z,10.8050,72,SYNTH
2026-03-09 14:12:14.861Z,10.7980,38,SYNTH
2026-03-09 14:12:15.182Z,10.8036,57,SYNTH
2026-03-09 14:12:16.558Z,10.8008,51,SYNTH
2026-03-09 14:12:17.299Z,10.7973,74,SYNTH
2026-03-09 14:12:18.385Z,10.7949,60,SYNTH
2026-03-09 14:12:19.559Z,10.8047,59,SYNTH
2026-03-09 14:12:20.409Z,10.8056,24,SYNTH
2026-03-09 14:12:21.680Z,10.8133,45,SYNTH
2026-03-09 14:12:22.847Z,10.8101,42,SYNTH
2026-03-09 14:12:23.019Z,10.8205,30,SYNTH
2026-03-09 14:12:24.577Z,10.8228,48,SYNTH
2026-03-09 14:12:25.043Z,10.8341,45,SYNTH
2026-03-09 14:12:26.556Z,10.8385,54,SYNTH
2026-03-09 14:12:27.569Z,10.8461,31,SYNTH
2026-03-09 14:12:28.681Z,10.8526,27,SYNTH
2026-03-09 14:12:29.578Z,10.8602,28,SYNTH
2026-03-09 14:12:30.487Z,10.8656,23,SYNTH
2026-03-09 14:12:31.160Z,10.8716,25,SYNTH
2026-03-09 14:12:32.562Z,10.8773,39,SYNTH
2026-03-09 14:12:33.648Z,10.8874,24,SYNTH
2026-03-09 14:12:34.316Z,10.8915,46,SYNTH
2026-03-09 14:12:35.584Z,10.8890,29,SYNTH
2026-03-09 14:12:36.209Z,10.8967,42,SYNTH
2026-03-09 14:12:37.701Z,10.8996,58,SYNTH
2026-03-09 14:12:38.019Z,10.9019,129,SYNTH
2026-03-09 14:12:39.374Z,10.8963,126,SYNTH
2026-03-09 14:12:40.713Z,10.8955,70,SYNTH
2026-03-09 14:12:41.294Z,10.9002,31,SYNTH
2026-03-09 14:12:42.140Z,10.8924,26,SYNTH
2026-03-09 14:12:43.387Z,10.8906,58,SYNTH
2026-03-09 14:12:44.872Z,10.8862,32,SYNTH
2026-03-09 14:12:45.077Z,10.8839,90,SYNTH
2026-03-09 14:12:46.770Z,10.8914,81,SYNTH
2026-03-09 14:12:47.570Z,10.8798,53,SYNTH
2026-03-09 14:12:48.647Z,10.8845,50,SYNTH
2026-03-09 14:12:49.213Z,10.8790,59,SYNTH
2026-03-09 14:12:50.618Z,10.8768,55,SYNTH
2026-03-09 14:12:51.385Z,10.8811,51,SYNTH
2026-03-09 14:12:52.492Z,10.8711,67,SYNTH
2026-03-09 14:12:53.707Z,10.8696,55,SYNTH
2026-03-09 14:12:54.448Z,10.8658,41,SYNTH
2026-03-09 14:12:55.745Z,10.8609,61,SYNTH
2026-03-09 14:12:56.863Z,10.8565,45,SYNTH
2026-03-09 14:12:57.685Z,10.8527,75,SYNTH
2026-03-09 14:12:58.649Z,10.8596,35,SYNTH
2026-03-09 14:12:59.791Z,10.8526,41,SYNTH
2026-03-09 14:13:00.819Z,10.8202,16,SYNTH
2026-03-09 14:13:01.464Z,10.8232,15,SYNTH
2026-03-09 14:13:02.437Z,10.8202,15,SYNTH
2026-03-09 14:13:03.337Z,10.8184,10,SYNTH
2026-03-09 14:13:04.367Z,10.8155,8,SYNTH
2026-03-09 14:13:05.083Z,10.8199,7,SYNTH
2026-03-09 14:13:06.786Z,10.8219,6,SYNTH
2026-03-09 14:13:07.827Z,10.8235,9,SYNTH
2026-03-09 14:13:08.370Z,10.8170,14,SYNTH
2026-03-09 14:13:09.315Z,10.8150,6,SYNTH
2026-03-09 14:13:10.313Z,10.8250,9,SYNTH
2026-03-09 14:13:11.747Z,10.8184,18,SYNTH
2026-03-09 14:13:12.492Z,10.8235,20,SYNTH
2026-03-09 14:13:13.470Z,10.8186,21,SYNTH
2026-03-09 14:13:14.847Z,10.8140,11,SYNTH
2026-03-09 14:13:15.312Z,10.8208,7,SYNTH
2026-03-09 14:13:16.805Z,10.8241,13,SYNTH
2026-03-09 14:13:17.422Z,10.8150,11,SYNTH
2026-03-09 14:13:18.203Z,10.8248,13,SYNTH
2026-03-09 14:13:19.514Z,10.8146,14,SYNTH
2026-03-09 14:13:20.374Z,10.8244,5,SYNTH
2026-03-09 14:13:21.681Z,10.8181,7,SYNTH
2026-03-09 14:13:22.060Z,10.8219,5,SYNTH
2026-03-09 14:13:23.204Z,10.8199,11,SYNTH
2026-03-09 14:13:24.163Z,10.8165,5,SYNTH
2026-03-09 14:13:25.873Z,10.8207,11,SYNTH
2026-03-09 14:13:26.580Z,10.8230,6,SYNTH
2026-03-09 14:13:27.116Z,10.8265,6,SYNTH
2026-03-09 14:13:28.447Z,10.8150,4,SYNTH
2026-03-09 14:13:29.742Z,10.8235,6,SYNTH
2026-03-09 14:13:30.677Z,10.8259,11,SYNTH
2026-03-09 14:13:31.279Z,10.8190,10,SYNTH
2026-03-09 14:13:32.547Z,10.8177,5,SYNTH
2026-03-09 14:13:33.818Z,10.8236,10,SYNTH
2026-03-09 14:13:34.399Z,10.8177,8,SYNTH
2026-03-09 14:13:35.408Z,10.8256,8,SYNTH
2026-03-09 14:13:36.264Z,10.8175,10,SYNTH
2026-03-09 14:13:37.477Z,10.8216,26,SYNTH
2026-03-09 14:13:38.335Z,10.8227,20,SYNTH
2026-03-09 14:13:39.088Z,10.8173,13,SYNTH
2026-03-09 14:13:40.302Z,10.8148,24,SYNTH
2026-03-09 14:13:41.459Z,10.8231,10,SYNTH
2026-03-09 14:13:42.456Z,10.8151,6,SYNTH
2026-03-09 14:13:43.817Z,10.8221,11,SYNTH
2026-03-09 14:13:44.352Z,10.8164,11,SYNTH
2026-03-09 14:13:45.371Z,10.8229,13,SYNTH
2026-03-09 14:13:46.009Z,10.8151,14,SYNTH
2026-03-09 14:13:47.806Z,10.8195,9,SYNTH
2026-03-09 14:13:48.590Z,10.8256,6,SYNTH
2026-03-09 14:13:49.611Z,10.8160,7,SYNTH
2026-03-09 14:13:50.424Z,10.8250,13,SYNTH
2026-03-09 14:13:51.318Z,10.8246,13,SYNTH
2026-03-09 14:13:52.850Z,10.8181,14,SYNTH
2026-03-09 14:13:53.073Z,10.8235,14,SYNTH
2026-03-09 14:13:54.348Z,10.8185,13,SYNTH
2026-03-09 14:13:55.475Z,10.8176,11,SYNTH
2026-03-09 14:13:56.545Z,10.8170,13,SYNTH
2026-03-09 14:13:57.883Z,10.8188,15,SYNTH
2026-03-09 14:13:58.662Z,10.8207,10,SYNTH
2026-03-09 14:13:59.108Z,10.8233,9,SYNTH
2026-03-09 14:15:00.897Z,10.8227,127,SYNTH
2026-03-09 14:15:01.607Z,10.8213,174,SYNTH
2026-03-09 14:15:02.875Z,10.8154,178,SYNTH
2026-03-09 14:15:03.822Z,10.8230,151,SYNTH
2026-03-09 14:15:04.671Z,10.8176,173,SYNTH
2026-03-09 14:15:05.384Z,10.8255,111,SYNTH
2026-03-09 14:15:06.014Z,10.8190,135,SYNTH
2026-03-09 14:15:07.718Z,10.8243,93,SYNTH
2026-03-09 14:15:08.784Z,10.8298,134,SYNTH
2026-03-09 14:15:09.168Z,10.8209,163,SYNTH
2026-03-09 14:15:10.587Z,10.8271,162,SYNTH
2026-03-09 14:15:11.125Z,10.8256,308,SYNTH
2026-03-09 14:15:12.003Z,10.8290,176,SYNTH
2026-03-09 14:15:13.730Z,10.8250,281,SYNTH
2026-03-09 14:15:14.017Z,10.8242,130,SYNTH
2026-03-09 14:15:15.868Z,10.8258,69,SYNTH
2026-03-09 14:15:16.347Z,10.8208,229,SYNTH
2026-03-09 14:15:17.634Z,10.8209,152,SYNTH
2026-03-09 14:15:18.791Z,10.8271,175,SYNTH
2026-03-09 14:15:19.730Z,10.8198,270,SYNTH
2026-03-09 14:15:20.157Z,10.8249,63,SYNTH
2026-03-09 14:15:21.621Z,10.8222,131,SYNTH
2026-03-09 14:15:22.436Z,10.8200,89,SYNTH
2026-03-09 14:15:23.001Z,10.8160,129,SYNTH
2026-03-09 14:15:24.731Z,10.8145,63,SYNTH
2026-03-09 14:15:25.279Z,10.8136,76,SYNTH
2026-03-09 14:15:26.617Z,10.8129,80,SYNTH
2026-03-09 14:15:27.008Z,10.8111,110,SYNTH
2026-03-09 14:15:28.636Z,10.8124,135,SYNTH
2026-03-09 14:15:29.508Z,10.8069,90,SYNTH
2026-03-09 14:15:30.301Z,10.8105,70,SYNTH
2026-03-09 14:15:31.007Z,10.8042,71,SYNTH
2026-03-09 14:15:32.498Z,10.8081,103,SYNTH
2026-03-09 14:15:33.551Z,10.8051,85,SYNTH
2026-03-09 14:15:34.347Z,10.8014,79,SYNTH
2026-03-09 14:15:35.552Z,10.7958,85,SYNTH
2026-03-09 14:15:36.590Z,10.7952,64,SYNTH
2026-03-09 14:15:37.854Z,10.8013,270,SYNTH
2026-03-09 14:15:38.056Z,10.8036,270,SYNTH
2026-03-09 14:15:39.533Z,10.8015,274,SYNTH
2026-03-09 14:15:40.742Z,10.8070,304,SYNTH
2026-03-09 14:15:41.572Z,10.8013,73,SYNTH
2026-03-09 14:15:42.717Z,10.7966,155,SYNTH
2026-03-09 14:15:43.123Z,10.8022,97,SYNTH
2026-03-09 14:15:44.207Z,10.8082,70,SYNTH
2026-03-09 14:15:45.257Z,10.7991,223,SYNTH
2026-03-09 14:15:46.209Z,10.8037,172,SYNTH
2026-03-09 14:15:47.026Z,10.8064,165,SYNTH
2026-03-09 14:15:48.008Z,10.8024,141,SYNTH
2026-03-09 14:15:49.114Z,10.8100,166,SYNTH
2026-03-09 14:15:50.713Z,10.8008,105,SYNTH
2026-03-09 14:15:51.211Z,10.8087,156,SYNTH
2026-03-09 14:15:52.488Z,10.8103,134,SYNTH
2026-03-09 14:15:53.169Z,10.8033,152,SYNTH
2026-03-09 14:15:54.070Z,10.8110,97,SYNTH
2026-03-09 14:15:55.432Z,10.8138,139,SYNTH
2026-03-09 14:15:56.684Z,10.8138,122,SYNTH
2026-03-09 14:15:57.060Z,10.8117,203,SYNTH
2026-03-09 14:15:58.614Z,10.8066,150,SYNTH
2026-03-09 14:15:59.014Z,10.8090,162,SYNTH
2026-03-09 14:16:00.804Z,10.8225,20,SYNTH
2026-03-09 14:16:01.209Z,10.8193,27,SYNTH
2026-03-09 14:16:02.668Z,10.8218,16,SYNTH
2026-03-09 14:16:03.504Z,10.8201,25,SYNTH
2026-03-09 14:16:04.821Z,10.8180,22,SYNTH
2026-03-09 14:16:05.190Z,10.8223,13,SYNTH
2026-03-09 14:16:06.847Z,10.8234,20,SYNTH
2026-03-09 14:16:07.709Z,10.8188,23,SYNTH
2026-03-09 14:16:08.019Z,10.8187,11,SYNTH
2026-03-09 14:16:09.549Z,10.8162,21,SYNTH
2026-03-09 14:16:10.398Z,10.8148,24,SYNTH
2026-03-09 14:16:11.552Z,10.8203,54,SYNTH
2026-03-09 14:16:12.033Z,10.8225,56,SYNTH
2026-03-09 14:16:13.450Z,10.8243,52,SYNTH
2026-03-09 14:16:14.121Z,10.8203,22,SYNTH
2026-03-09 14:16:15.653Z,10.8189,16,SYNTH
2026-03-09 14:16:16.300Z,10.8236,19,SYNTH
2026-03-09 14:16:17.084Z,10.8179,40,SYNTH
2026-03-09 14:16:18.600Z,10.8155,27,SYNTH
2026-03-09 14:16:19.030Z,10.8231,19,SYNTH
2026-03-09 14:16:20.592Z,10.8231,18,SYNTH
2026-03-09 14:16:21.164Z,10.8284,15,SYNTH
2026-03-09 14:16:22.384Z,10.8272,18,SYNTH
2026-03-09 14:16:23.883Z,10.8350,17,SYNTH
2026-03-09 14:16:24.709Z,10.8366,19,SYNTH
2026-03-09 14:16:25.157Z,10.8417,12,SYNTH
2026-03-09 14:16:26.188Z,10.8421,11,SYNTH
2026-03-09 14:16:27.645Z,10.8454,13,SYNTH
2026-03-09 14:16:28.297Z,10.8502,8,SYNTH
2026-03-09 14:16:29.058Z,10.8566,10,SYNTH
2026-03-09 14:16:30.235Z,10.8616,9,SYNTH
2026-03-09 14:16:31.781Z,10.8659,16,SYNTH
2026-03-09 14:16:32.558Z,10.8694,19,SYNTH
2026-03-09 14:16:33.493Z,10.8697,16,SYNTH
2026-03-09 14:16:34.028Z,10.8779,20,SYNTH
2026-03-09 14:16:35.186Z,10.8810,20,SYNTH
2026-03-09 14:16:36.318Z,10.8806,17,SYNTH
2026-03-09 14:16:37.329Z,10.8828,22,SYNTH
2026-03-09 14:16:38.867Z,10.8793,53,SYNTH
2026-03-09 14:16:39.001Z,10.8773,27,SYNTH
2026-03-09 14:16:40.498Z,10.8822,51,SYNTH
2026-03-09 14:16:41.394Z,10.8823,11,SYNTH
2026-03-09 14:16:42.136Z,10.8775,10,SYNTH
2026-03-09 14:16:43.102Z,10.8717,18,SYNTH
2026-03-09 14:16:44.728Z,10.8704,20,SYNTH
2026-03-09 14:16:45.730Z,10.8711,34,SYNTH
2026-03-09 14:16:46.781Z,10.8760,23,SYNTH
2026-03-09 14:16:47.729Z,10.8673,35,SYNTH
2026-03-09 14:16:48.551Z,10.8732,17,SYNTH
2026-03-09 14:16:49.255Z,10.8775,21,SYNTH
2026-03-09 14:16:50.476Z,10.8791,21,SYNTH
2026-03-09 14:16:51.581Z,10.8726,25,SYNTH
2026-03-09 14:16:52.066Z,10.8796,18,SYNTH
2026-03-09 14:16:53.242Z,10.8722,27,SYNTH
2026-03-09 14:16:54.157Z,10.8776,13,SYNTH
2026-03-09 14:16:55.430Z,10.8805,27,SYNTH
2026-03-09 14:16:56.159Z,10.8813,30,SYNTH
2026-03-09 14:16:57.372Z,10.8838,21,SYNTH
2026-03-09 14:16:58.324Z,10.8738,29,SYNTH
2026-03-09 14:16:59.542Z,10.8835,18,SYNTH
2026-03-09 14:17:00.223Z,10.9996,35,SYNTH
2026-03-09 14:17:01.726Z,10.9964,29,SYNTH
2026-03-09 14:17:02.796Z,11.0009,52,SYNTH
2026-03-09 14:17:03.338Z,10.9982,49,SYNTH
2026-03-09 14:17:04.564Z,10.9960,50,SYNTH
2026-03-09 14:17:05.858Z,10.9990,27,SYNTH
2026-03-09 14:17:06.107Z,11.0029,52,SYNTH
2026-03-09 14:17:07.330Z,10.9932,49,SYNTH
2026-03-09 14:17:08.387Z,11.0000,45,SYNTH
2026-03-09 14:17:09.120Z,10.9907,46,SYNTH
2026-03-09 14:17:10.647Z,10.9994,38,SYNTH
2026-03-09 14:17:11.089Z,11.0011,108,SYNTH
2026-03-09 14:17:12.519Z,10.9966,63,SYNTH
2026-03-09 14:17:13.116Z,10.9947,87,SYNTH
2026-03-09 14:17:14.658Z,11.0008,26,SYNTH
2026-03-09 14:17:15.631Z,10.9945,27,SYNTH
2026-03-09 14:17:16.556Z,10.9934,35,SYNTH
2026-03-09 14:17:17.777Z,10.9984,52,SYNTH
2026-03-09 14:17:18.405Z,10.9998,48,SYNTH
2026-03-09 14:17:19.537Z,10.9948,32,SYNTH
2026-03-09 14:17:20.424Z,10.9889,22,SYNTH
2026-03-09 14:17:21.704Z,10.9807,35,SYNTH
2026-03-09 14:17:22.795Z,10.9769,40,SYNTH
2026-03-09 14:17:23.571Z,10.9720,18,SYNTH
2026-03-09 14:17:24.882Z,10.9562,28,SYNTH
2026-03-09 14:17:25.215Z,10.9500,24,SYNTH
2026-03-09 14:17:26.492Z,10.9377,37,SYNTH
2026-03-09 14:17:27.141Z,10.9309,20,SYNTH
2026-03-09 14:17:28.099Z,10.9191,32,SYNTH
2026-03-09 14:17:29.873Z,10.9086,32,SYNTH
2026-03-09 14:17:30.253Z,10.8937,21,SYNTH
2026-03-09 14:17:31.607Z,10.8799,34,SYNTH
2026-03-09 14:17:32.415Z,10.8754,35,SYNTH
2026-03-09 14:17:33.024Z,10.8667,26,SYNTH
2026-03-09 14:17:34.519Z,10.8582,34,SYNTH
2026-03-09 14:17:35.481Z,10.8497,23,SYNTH
2026-03-09 14:17:36.586Z,10.8456,27,SYNTH
2026-03-09 14:17:37.133Z,10.8395,61,SYNTH
2026-03-09 14:17:38.310Z,10.8439,73,SYNTH
2026-03-09 14:17:39.112Z,10.8371,49,SYNTH
2026-03-09 14:17:40.358Z,10.8432,50,SYNTH
2026-03-09 14:17:41.328Z,10.8438,38,SYNTH
2026-03-09 14:17:42.112Z,10.8473,42,SYNTH
2026-03-09 14:17:43.170Z,10.8523,19,SYNTH
2026-03-09 14:17:44.419Z,10.8556,45,SYNTH
