TimestampUtc,Bid,Ask,BidSize,AskSize,SpreadBps
2026-04-21 13:30:00.770Z,2.7353,2.7447,432,399,34.3
2026-04-21 13:30:01.754Z,2.7355,2.7453,426,304,35.8
2026-04-21 13:30:02.742Z,2.7356,2.7438,184,554,29.9
2026-04-21 13:30:03.414Z,2.7343,2.7463,337,204,43.8
2026-04-21 13:30:04.576Z,2.7342,2.7454,114,192,40.9
2026-04-21 13:30:05.080Z,2.7346,2.7468,413,219,44.5
2026-04-21 13:30:06.422Z,2.7340,2.7454,134,197,41.6
2026-04-21 13:30:07.677Z,2.7341,2.7463,463,253,44.5
2026-04-21 13:30:08.503Z,2.7343,2.7449,123,480,38.7
2026-04-21 13:30:09.544Z,2.7340,2.7454,270,145,41.6
2026-04-21 13:30:10.507Z,2.7356,2.7448,173,100,33.6
2026-04-21 13:30:11.096Z,2.7349,2.7457,758,418,39.4
2026-04-21 13:30:12.846Z,2.7341,2.7455,396,1073,41.6
2026-04-21 13:30:13.671Z,2.7351,2.7441,279,616,32.9
2026-04-21 13:30:14.528Z,2.7352,2.7448,221,129,35.0
2026-04-21 13:30:15.149Z,2.7348,2.7454,246,111,38.7
2026-04-21 13:30:16.796Z,2.7359,2.7451,395,149,33.6
2026-04-21 13:30:17.014Z,2.7347,2.7449,206,542,37.2
2026-04-21 13:30:18.552Z,2.7359,2.7453,522,499,34.3
2026-04-21 13:30:19.311Z,2.7360,2.7450,148,257,32.8
2026-04-21 13:30:20.525Z,2.7367,2.7453,221,100,31.4
2026-04-21 13:30:21.289Z,2.7375,2.7471,426,117,35.0
2026-04-21 13:30:22.771Z,2.7396,2.7486,156,174,32.8
2026-04-21 13:30:23.559Z,2.7412,2.7512,191,150,36.4
2026-04-21 13:30:24.448Z,2.7431,2.7553,319,127,44.4
2026-04-21 13:30:25.819Z,2.7464,2.7578,177,100,41.4
2026-04-21 13:30:26.268Z,2.7497,2.7595,224,175,35.6
2026-04-21 13:30:27.767Z,2.7515,2.7617,305,261,37.0
2026-04-21 13:30:28.296Z,2.7536,2.7652,292,140,42.0
2026-04-21 13:30:29.610Z,2.7568,2.7698,149,198,47.0
2026-04-21 13:30:30.445Z,2.7608,2.7718,308,118,39.8
2026-04-21 13:30:31.396Z,2.7635,2.7727,223,201,33.2
2026-04-21 13:30:32.273Z,2.7660,2.7756,176,118,34.6
2026-04-21 13:30:33.134Z,2.7681,2.7783,427,249,36.8
2026-04-21 13:30:34.683Z,2.7707,2.7811,315,100,37.5
2026-04-21 13:30:35.124Z,2.7730,2.7820,164,100,32.4
2026-04-21 13:30:36.648Z,2.7738,2.7844,327,190,38.1
2026-04-21 13:30:37.514Z,2.7742,2.7836,503,880,33.8
2026-04-21 13:30:38.818Z,2.7743,2.7845,651,478,36.7
2026-04-21 13:30:39.168Z,2.7743,2.7847,886,398,37.4
2026-04-21 13:30:40.878Z,2.7734,2.7846,420,601,40.3
2026-04-21 13:30:41.468Z,2.7731,2.7839,205,353,38.9
2026-04-21 13:30:42.283Z,2.7706,2.7826,100,239,43.2
2026-04-21 13:30:43.297Z,2.7699,2.7815,208,379,41.8
2026-04-21 13:30:44.443Z,2.7702,2.7792,102,315,32.4
2026-04-21 13:30:45.377Z,2.7680,2.7784,347,599,37.5
2026-04-21 13:30:46.802Z,2.7681,2.7769,319,573,31.7
2026-04-21 13:30:47.653Z,2.7673,2.7789,195,122,41.8
2026-04-21 13:30:48.057Z,2.7664,2.7774,110,150,39.7
2026-04-21 13:30:49.429Z,2.7652,2.7758,146,277,38.3
2026-04-21 13:30:50.762Z,2.7660,2.7748,177,399,31.8
2026-04-21 13:30:51.065Z,2.7648,2.7738,131,427,32.5
2026-04-21 13:30:52.316Z,2.7609,2.7739,149,301,47.0
2026-04-21 13:30:53.642Z,2.7621,2.7707,216,273,31.1
2026-04-21 13:30:54.868Z,2.7581,2.7707,151,244,45.6
2026-04-21 13:30:55.033Z,2.7585,2.7673,120,344,31.9
2026-04-21 13:30:56.572Z,2.7565,2.7673,217,605,39.1
2026-04-21 13:30:57.759Z,2.7566,2.7662,179,429,34.8
2026-04-21 13:30:58.742Z,2.7558,2.7656,199,301,35.5
2026-04-21 13:30:59.718Z,2.7551,2.7649,319,782,35.5
2026-04-21 13:31:00.144Z,2.7457,2.7543,100,100,31.3
2026-04-21 13:31:01.809Z,2.7450,2.7558,100,100,39.3
2026-04-21 13:31:02.556Z,2.7461,2.7543,100,117,29.8
2026-04-21 13:31:03.187Z,2.7446,2.7552,100,100,38.5
2026-04-21 13:31:04.187Z,2.7456,2.7544,100,100,32.0
2026-04-21 13:31:05.393Z,2.7454,2.7554,100,100,36.4
2026-04-21 13:31:06.234Z,2.7450,2.7558,100,100,39.3
2026-04-21 13:31:07.714Z,2.7455,2.7547,100,100,33.5
2026-04-21 13:31:08.394Z,2.7444,2.7560,100,100,42.2
2026-04-21 13:31:09.665Z,2.7450,2.7544,100,100,34.2
2026-04-21 13:31:10.412Z,2.7451,2.7551,100,100,36.4
2026-04-21 13:31:11.523Z,2.7440,2.7556,100,178,42.2
2026-04-21 13:31:12.191Z,2.7459,2.7541,106,100,29.8
2026-04-21 13:31:13.252Z,2.7455,2.7553,100,100,35.6
2026-04-21 13:31:14.379Z,2.7457,2.7549,100,100,33.5
2026-04-21 13:31:15.589Z,2.7437,2.7557,100,100,43.6
2026-04-21 13:31:16.737Z,2.7449,2.7561,100,100,40.7
2026-04-21 13:31:17.618Z,2.7460,2.7546,100,137,31.3
2026-04-21 13:31:18.662Z,2.7456,2.7540,100,100,30.5
2026-04-21 13:31:19.009Z,2.7444,2.7552,100,100,39.3
2026-04-21 13:31:20.244Z,2.7461,2.7543,100,100,29.8
2026-04-21 13:31:21.724Z,2.7451,2.7543,100,100,33.5
2026-04-21 13:31:22.899Z,2.7451,2.7551,100,100,36.4
2026-04-21 13:31:23.784Z,2.7465,2.7563,100,100,35.6
2026-04-21 13:31:24.248Z,2.7466,2.7558,100,100,33.4
2026-04-21 13:31:25.825Z,2.7462,2.7574,100,100,40.7
2026-04-21 13:31:26.674Z,2.7454,2.7568,100,100,41.4
2026-04-21 13:31:27.842Z,2.7464,2.7568,100,100,37.8
2026-04-21 13:31:28.028Z,2.7479,2.7565,100,100,31.2
2026-04-21 13:31:29.245Z,2.7476,2.7572,100,100,34.9
2026-04-21 13:31:30.851Z,2.7484,2.7592,100,100,39.2
2026-04-21 13:31:31.259Z,2.7480,2.7580,100,100,36.3
2026-04-21 13:31:32.875Z,2.7489,2.7585,100,100,34.9
2026-04-21 13:31:33.197Z,2.7487,2.7599,100,100,40.7
2026-04-21 13:31:34.296Z,2.7494,2.7584,100,100,32.7
2026-04-21 13:31:35.635Z,2.7499,2.7585,100,100,31.2
2026-04-21 13:31:36.098Z,2.7504,2.7602,100,100,35.6
2026-04-21 13:31:37.076Z,2.7504,2.7602,113,110,35.6
2026-04-21 13:31:38.386Z,2.7504,2.7592,100,100,31.9
2026-04-21 13:31:39.665Z,2.7512,2.7598,144,100,31.2
2026-04-21 13:31:40.633Z,2.7499,2.7593,100,118,34.1
2026-04-21 13:31:41.279Z,2.7507,2.7597,100,100,32.7
2026-04-21 13:31:42.288Z,2.7475,2.7599,100,100,45.0
2026-04-21 13:31:43.293Z,2.7494,2.7576,100,100,29.8
2026-04-21 13:31:44.404Z,2.7496,2.7586,100,100,32.7
2026-04-21 13:31:45.047Z,2.7498,2.7586,123,100,32.0
2026-04-21 13:31:46.808Z,2.7473,2.7597,100,114,45.0
2026-04-21 13:31:47.047Z,2.7497,2.7581,100,100,30.5
2026-04-21 13:31:48.015Z,2.7473,2.7589,100,100,42.1
2026-04-21 13:31:49.711Z,2.7485,2.7575,100,100,32.7
2026-04-21 13:31:50.156Z,2.7479,2.7565,100,100,31.2
2026-04-21 13:31:51.828Z,2.7474,2.7570,100,100,34.9
2026-04-21 13:31:52.275Z,2.7470,2.7584,100,100,41.4
2026-04-21 13:31:53.308Z,2.7459,2.7571,100,100,40.7
2026-04-21 13:31:54.794Z,2.7462,2.7564,100,100,37.1
2026-04-21 13:31:55.348Z,2.7459,2.7545,100,100,31.3
2026-04-21 13:31:56.077Z,2.7458,2.7558,100,100,36.4
2026-04-21 13:31:57.717Z,2.7462,2.7554,100,100,33.4
2026-04-21 13:31:58.096Z,2.7434,2.7560,100,100,45.8
2026-04-21 13:31:59.833Z,2.7444,2.7556,100,100,40.7
2026-04-21 13:32:00.465Z,2.7458,2.7542,100,100,30.5
2026-04-21 13:32:01.656Z,2.7461,2.7551,100,100,32.7
2026-04-21 13:32:02.250Z,2.7457,2.7551,100,100,34.2
2026-04-21 13:32:03.155Z,2.7451,2.7547,100,100,34.9
2026-04-21 13:32:04.344Z,2.7444,2.7550,100,100,38.5
2026-04-21 13:32:05.868Z,2.7461,2.7553,100,100,33.4
2026-04-21 13:32:06.261Z,2.7442,2.7562,100,100,43.6
2026-04-21 13:32:07.037Z,2.7452,2.7540,100,100,32.0
2026-04-21 13:32:08.092Z,2.7457,2.7557,100,100,36.4
2026-04-21 13:32:09.524Z,2.7450,2.7554,100,100,37.8
2026-04-21 13:32:10.483Z,2.7449,2.7543,100,100,34.2
2026-04-21 13:32:11.884Z,2.7448,2.7548,100,100,36.4
2026-04-21 13:32:12.209Z,2.7435,2.7553,100,100,42.9
2026-04-21 13:32:13.216Z,2.7449,2.7549,100,100,36.4
2026-04-21 13:32:14.579Z,2.7457,2.7547,100,100,32.7
2026-04-21 13:32:15.179Z,2.7444,2.7554,100,100,40.0
2026-04-21 13:32:16.096Z,2.7443,2.7553,100,100,40.0
2026-04-21 13:32:17.887Z,2.7455,2.7549,100,100,34.2
2026-04-21 13:32:18.539Z,2.7456,2.7554,100,100,35.6
2026-04-21 13:32:19.077Z,2.7450,2.7548,100,100,35.6
2026-04-21 13:32:20.316Z,2.7443,2.7559,100,100,42.2
2026-04-21 13:32:21.227Z,2.7442,2.7548,100,100,38.6
2026-04-21 13:32:22.292Z,2.7442,2.7558,100,100,42.2
2026-04-21 13:32:23.075Z,2.7438,2.7558,100,100,43.6
2026-04-21 13:32:24.342Z,2.7453,2.7549,100,100,34.9
2026-04-21 13:32:25.486Z,2.7457,2.7539,100,100,29.8
2026-04-21 13:32:26.166Z,2.7444,2.7558,100,100,41.5
2026-04-21 13:32:27.883Z,2.7459,2.7543,100,100,30.5
2026-04-21 13:32:28.132Z,2.7445,2.7547,100,100,37.1
2026-04-21 13:32:29.497Z,2.7439,2.7555,100,100,42.2
2026-04-21 13:32:30.399Z,2.7440,2.7552,100,100,40.7
2026-04-21 13:32:31.519Z,2.7449,2.7551,100,100,37.1
2026-04-21 13:32:32.266Z,2.7443,2.7547,100,100,37.8
2026-04-21 13:32:33.563Z,2.7452,2.7548,100,100,34.9
2026-04-21 13:32:34.349Z,2.7456,2.7546,100,100,32.7
2026-04-21 13:32:35.434Z,2.7448,2.7552,100,100,37.8
2026-04-21 13:32:36.516Z,2.7433,2.7555,100,100,44.4
2026-04-21 13:32:37.705Z,2.7446,2.7546,100,100,36.4
2026-04-21 13:32:38.397Z,2.7449,2.7555,100,100,38.5
2026-04-21 13:32:39.741Z,2.7452,2.7548,100,100,34.9
2026-04-21 13:32:40.097Z,2.7458,2.7552,100,100,34.2
2026-04-21 13:32:41.394Z,2.7444,2.7560,100,100,42.2
2026-04-21 13:32:42.412Z,2.7454,2.7544,100,100,32.7
2026-04-21 13:32:43.264Z,2.7442,2.7556,100,100,41.5
2026-04-21 13:32:44.442Z,2.7444,2.7568,100,100,45.1
2026-04-21 13:32:45.733Z,2.7447,2.7553,100,100,38.5
2026-04-21 13:32:46.523Z,2.7443,2.7559,100,100,42.2
2026-04-21 13:32:47.253Z,2.7448,2.7560,100,100,40.7
2026-04-21 13:32:48.481Z,2.7451,2.7547,100,100,34.9
2026-04-21 13:32:49.558Z,2.7442,2.7552,100,100,40.0
2026-04-21 13:32:50.884Z,2.7456,2.7550,100,100,34.2
2026-04-21 13:32:51.031Z,2.7465,2.7549,100,100,30.5
2026-04-21 13:32:52.493Z,2.7433,2.7553,100,100,43.6
2026-04-21 13:32:53.020Z,2.7445,2.7553,100,100,39.3
2026-04-21 13:32:54.832Z,2.7451,2.7541,100,100,32.7
2026-04-21 13:32:55.486Z,2.7453,2.7539,100,100,31.3
2026-04-21 13:32:56.850Z,2.7450,2.7564,100,100,41.4
2026-04-21 13:32:57.186Z,2.7461,2.7553,100,100,33.4
2026-04-21 13:32:58.404Z,2.7446,2.7548,100,100,37.1
2026-04-21 13:32:59.774Z,2.7440,2.7560,100,100,43.6
2026-04-21 13:33:00.758Z,2.7507,2.7593,100,100,31.2
2026-04-21 13:33:01.832Z,2.7497,2.7605,100,100,39.2
2026-04-21 13:33:02.090Z,2.7492,2.7606,100,100,41.4
2026-04-21 13:33:03.497Z,2.7497,2.7593,100,100,34.9
2026-04-21 13:33:04.069Z,2.7510,2.7596,100,100,31.2
2026-04-21 13:33:05.056Z,2.7491,2.7609,100,100,42.8
2026-04-21 13:33:06.388Z,2.7498,2.7608,100,100,39.9
2026-04-21 13:33:07.368Z,2.7506,2.7596,100,100,32.7
2026-04-21 13:33:08.132Z,2.7484,2.7606,100,100,44.3
2026-04-21 13:33:09.057Z,2.7503,2.7603,100,100,36.3
2026-04-21 13:33:10.666Z,2.7491,2.7603,100,100,40.7
2026-04-21 13:33:11.008Z,2.7512,2.7598,100,100,31.2
2026-04-21 13:33:12.601Z,2.7502,2.7596,100,100,34.1
2026-04-21 13:33:13.318Z,2.7494,2.7612,100,100,42.8
2026-04-21 13:33:14.001Z,2.7504,2.7588,100,100,30.5
2026-04-21 13:33:15.176Z,2.7509,2.7595,100,100,31.2
2026-04-21 13:33:16.787Z,2.7502,2.7592,100,100,32.7
2026-04-21 13:33:17.068Z,2.7497,2.7595,100,100,35.6
2026-04-21 13:33:18.589Z,2.7498,2.7598,100,100,36.3
2026-04-21 13:33:19.204Z,2.7509,2.7607,100,100,35.6
2026-04-21 13:33:20.084Z,2.7508,2.7598,100,100,32.7
2026-04-21 13:33:21.654Z,2.7498,2.7612,100,100,41.4
2026-04-21 13:33:22.241Z,2.7505,2.7631,100,100,45.7
2026-04-21 13:33:23.555Z,2.7524,2.7612,100,100,31.9
2026-04-21 13:33:24.658Z,2.7537,2.7633,100,100,34.8
2026-04-21 13:33:25.073Z,2.7536,2.7636,100,100,36.3
2026-04-21 13:33:26.189Z,2.7547,2.7661,100,100,41.3
2026-04-21 13:33:27.806Z,2.7566,2.7648,100,100,29.7
2026-04-21 13:33:28.190Z,2.7570,2.7672,100,100,36.9
2026-04-21 13:33:29.501Z,2.7594,2.7690,100,100,34.7
2026-04-21 13:33:30.588Z,2.7596,2.7698,100,100,36.9
2026-04-21 13:33:31.002Z,2.7599,2.7723,100,100,44.8
2026-04-21 13:33:32.336Z,2.7628,2.7714,100,100,31.1
2026-04-21 13:33:33.710Z,2.7619,2.7733,100,100,41.2
2026-04-21 13:33:34.791Z,2.7628,2.7744,100,100,41.9
2026-04-21 13:33:35.115Z,2.7637,2.7733,100,100,34.7
2026-04-21 13:33:36.636Z,2.7655,2.7747,100,100,33.2
2026-04-21 13:33:37.160Z,2.7652,2.7740,100,100,31.8
2026-04-21 13:33:38.755Z,2.7649,2.7743,100,100,33.9
2026-04-21 13:33:39.071Z,2.7644,2.7758,100,100,41.2
2026-04-21 13:33:40.651Z,2.7655,2.7745,100,100,32.5
2026-04-21 13:33:41.531Z,2.7641,2.7743,100,100,36.8
2026-04-21 13:33:42.587Z,2.7644,2.7738,100,100,33.9
2026-04-21 13:33:43.461Z,2.7628,2.7746,100,100,42.6
2026-04-21 13:33:44.520Z,2.7639,2.7725,100,100,31.1
2026-04-21 13:33:45.750Z,2.7638,2.7728,100,100,32.5
2026-04-21 13:33:46.486Z,2.7617,2.7733,100,100,41.9
2026-04-21 13:33:47.637Z,2.7627,2.7743,100,100,41.9
2026-04-21 13:33:48.264Z,2.7615,2.7739,100,100,44.8
2026-04-21 13:33:49.100Z,2.7635,2.7721,100,100,31.1
2026-04-21 13:33:50.372Z,2.7637,2.7723,100,100,31.1
2026-04-21 13:33:51.494Z,2.7644,2.7740,100,100,34.7
2026-04-21 13:33:52.535Z,2.7643,2.7731,100,100,31.8
2026-04-21 13:33:53.206Z,2.7644,2.7744,100,100,36.1
2026-04-21 13:33:54.605Z,2.7655,2.7739,100,100,30.3
2026-04-21 13:33:55.527Z,2.7650,2.7744,100,100,33.9
2026-04-21 13:33:56.043Z,2.7642,2.7740,100,100,35.4
2026-04-21 13:33:57.106Z,2.7643,2.7749,100,100,38.3
2026-04-21 13:33:58.097Z,2.7653,2.7745,100,100,33.2
2026-04-21 13:33:59.215Z,2.7660,2.7740,100,100,28.9
2026-04-21 13:34:00.824Z,2.7629,2.7721,100,100,33.2
2026-04-21 13:34:01.893Z,2.7618,2.7734,100,100,41.9
2026-04-21 13:34:02.845Z,2.7634,2.7724,100,100,32.5
2026-04-21 13:34:03.292Z,2.7620,2.7722,100,100,36.9
2026-04-21 13:34:04.102Z,2.7625,2.7735,100,100,39.7
2026-04-21 13:34:05.677Z,2.7629,2.7727,100,100,35.4
2026-04-21 13:34:06.828Z,2.7612,2.7726,100,100,41.2
2026-04-21 13:34:07.873Z,2.7624,2.7738,100,100,41.2
2026-04-21 13:34:08.125Z,2.7627,2.7723,100,100,34.7
2026-04-21 13:34:09.596Z,2.7628,2.7724,100,100,34.7
2026-04-21 13:34:10.097Z,2.7618,2.7720,100,100,36.9
2026-04-21 13:34:11.294Z,2.7624,2.7730,100,100,38.3
2026-04-21 13:34:12.395Z,2.7630,2.7732,100,100,36.8
2026-04-21 13:34:13.334Z,2.7634,2.7718,100,100,30.4
2026-04-21 13:34:14.745Z,2.7628,2.7718,100,100,32.5
2026-04-21 13:34:15.748Z,2.7626,2.7718,100,100,33.2
2026-04-21 13:34:16.638Z,2.7631,2.7713,100,100,29.6
2026-04-21 13:34:17.301Z,2.7625,2.7719,100,100,34.0
2026-04-21 13:34:18.337Z,2.7632,2.7712,100,100,28.9
2026-04-21 13:34:19.514Z,2.7619,2.7729,100,100,39.7
2026-04-21 13:34:20.346Z,2.7629,2.7725,100,100,34.7
2026-04-21 13:34:21.647Z,2.7633,2.7717,100,100,30.4
2026-04-21 13:34:22.486Z,2.7622,2.7736,100,100,41.2
2026-04-21 13:34:23.209Z,2.7619,2.7723,100,100,37.6
2026-04-21 13:34:24.666Z,2.7615,2.7735,100,100,43.4
2026-04-21 13:34:25.102Z,2.7631,2.7721,100,100,32.5
2026-04-21 13:34:26.622Z,2.7633,2.7729,100,100,34.7
2026-04-21 13:34:27.737Z,2.7618,2.7724,100,100,38.3
2026-04-21 13:34:28.348Z,2.7625,2.7713,100,100,31.8
2026-04-21 13:34:29.295Z,2.7626,2.7732,100,100,38.3
2026-04-21 13:34:30.152Z,2.7625,2.7735,100,100,39.7
2026-04-21 13:34:31.018Z,2.7631,2.7723,100,100,33.2
2026-04-21 13:34:32.490Z,2.7628,2.7728,100,100,36.1
2026-04-21 13:34:33.393Z,2.7616,2.7724,100,100,39.0
2026-04-21 13:34:34.479Z,2.7624,2.7728,100,100,37.6
2026-04-21 13:34:35.258Z,2.7622,2.7740,100,100,42.6
2026-04-21 13:34:36.649Z,2.7623,2.7735,100,100,40.5
2026-04-21 13:34:37.386Z,2.7630,2.7714,100,100,30.4
2026-04-21 13:34:38.064Z,2.7624,2.7734,100,100,39.7
2026-04-21 13:34:39.485Z,2.7613,2.7735,100,100,44.1
2026-04-21 13:34:40.667Z,2.7621,2.7719,100,100,35.4
2026-04-21 13:34:41.771Z,2.7617,2.7737,100,100,43.4
2026-04-21 13:34:42.298Z,2.7622,2.7720,100,100,35.4
2026-04-21 13:34:43.253Z,2.7621,2.7731,100,100,39.7
2026-04-21 13:34:44.721Z,2.7640,2.7724,100,100,30.3
2026-04-21 13:34:45.375Z,2.7628,2.7726,100,100,35.4
2026-04-21 13:34:46.871Z,2.7621,2.7735,100,100,41.2
2026-04-21 13:34:47.860Z,2.7617,2.7719,100,100,36.9
2026-04-21 13:34:48.388Z,2.7625,2.7713,100,100,31.8
2026-04-21 13:34:49.863Z,2.7633,2.7715,100,100,29.6
2026-04-21 13:34:50.869Z,2.7609,2.7731,100,100,44.1
2026-04-21 13:34:51.860Z,2.7612,2.7726,100,100,41.2
2026-04-21 13:34:52.880Z,2.7616,2.7722,100,100,38.3
2026-04-21 13:34:53.720Z,2.7631,2.7715,100,100,30.4
2026-04-21 13:34:54.834Z,2.7632,2.7722,100,100,32.5
2026-04-21 13:34:55.042Z,2.7616,2.7728,100,100,40.5
2026-04-21 13:34:56.384Z,2.7625,2.7721,100,100,34.7
2026-04-21 13:34:57.230Z,2.7614,2.7728,100,100,41.2
2026-04-21 13:34:58.680Z,2.7624,2.7724,100,100,36.1
2026-04-21 13:34:59.303Z,2.7628,2.7722,100,100,34.0
2026-04-21 13:35:00.155Z,2.7659,2.7741,100,100,29.6
2026-04-21 13:35:01.424Z,2.7655,2.7747,100,100,33.2
2026-04-21 13:35:02.547Z,2.7652,2.7748,100,100,34.7
2026-04-21 13:35:03.092Z,2.7653,2.7751,100,100,35.4
2026-04-21 13:35:04.194Z,2.7656,2.7746,100,100,32.5
2026-04-21 13:35:05.171Z,2.7648,2.7760,100,100,40.4
2026-04-21 13:35:06.133Z,2.7658,2.7750,100,100,33.2
2026-04-21 13:35:07.209Z,2.7648,2.7762,100,100,41.1
2026-04-21 13:35:08.826Z,2.7657,2.7749,100,100,33.2
2026-04-21 13:35:09.780Z,2.7652,2.7752,100,100,36.1
2026-04-21 13:35:10.006Z,2.7659,2.7753,100,100,33.9
2026-04-21 13:35:11.791Z,2.7643,2.7753,100,100,39.7
2026-04-21 13:35:12.610Z,2.7657,2.7751,100,100,33.9
2026-04-21 13:35:13.897Z,2.7649,2.7749,100,100,36.1
2026-04-21 13:35:14.543Z,2.7657,2.7745,100,100,31.8
2026-04-21 13:35:15.795Z,2.7637,2.7753,100,100,41.9
2026-04-21 13:35:16.607Z,2.7660,2.7752,100,100,33.2
2026-04-21 13:35:17.414Z,2.7638,2.7752,100,100,41.2
2026-04-21 13:35:18.255Z,2.7647,2.7749,100,100,36.8
2026-04-21 13:35:19.078Z,2.7651,2.7763,100,100,40.4
2026-04-21 13:35:20.763Z,2.7661,2.7747,100,100,31.0
2026-04-21 13:35:21.472Z,2.7641,2.7761,100,100,43.3
2026-04-21 13:35:22.420Z,2.7657,2.7753,100,100,34.7
2026-04-21 13:35:23.402Z,2.7660,2.7742,100,100,29.6
2026-04-21 13:35:24.436Z,2.7644,2.7746,100,100,36.8
2026-04-21 13:35:25.327Z,2.7647,2.7741,100,100,33.9
2026-04-21 13:35:26.496Z,2.7636,2.7758,100,100,44.0
2026-04-21 13:35:27.775Z,2.7645,2.7759,100,100,41.2
2026-04-21 13:35:28.407Z,2.7650,2.7748,100,100,35.4
2026-04-21 13:35:29.229Z,2.7659,2.7743,100,100,30.3
2026-04-21 13:35:30.400Z,2.7658,2.7742,100,100,30.3
2026-04-21 13:35:31.854Z,2.7642,2.7758,100,100,41.9
2026-04-21 13:35:32.358Z,2.7645,2.7765,100,100,43.3
2026-04-21 13:35:33.867Z,2.7642,2.7762,100,100,43.3
2026-04-21 13:35:34.286Z,2.7654,2.7742,100,100,31.8
2026-04-21 13:35:35.747Z,2.7650,2.7750,100,100,36.1
2026-04-21 13:35:36.349Z,2.7654,2.7748,100,100,33.9
2026-04-21 13:35:37.685Z,2.7651,2.7741,100,100,32.5
2026-04-21 13:35:38.721Z,2.7648,2.7746,100,100,35.4
2026-04-21 13:35:39.438Z,2.7646,2.7760,100,100,41.2
2026-04-21 13:35:40.338Z,2.7652,2.7756,100,100,37.5
2026-04-21 13:35:41.689Z,2.7653,2.7759,100,100,38.3
2026-04-21 13:35:42.409Z,2.7648,2.7744,100,100,34.7
2026-04-21 13:35:43.545Z,2.7650,2.7746,100,100,34.7
2026-04-21 13:35:44.861Z,2.7659,2.7747,100,100,31.8
2026-04-21 13:35:45.228Z,2.7635,2.7755,100,100,43.3
2026-04-21 13:35:46.565Z,2.7652,2.7748,100,100,34.7
2026-04-21 13:35:47.589Z,2.7655,2.7745,100,100,32.5
2026-04-21 13:35:48.483Z,2.7636,2.7756,100,100,43.3
2026-04-21 13:35:49.124Z,2.7643,2.7763,100,100,43.3
2026-04-21 13:35:50.066Z,2.7645,2.7759,100,100,41.2
2026-04-21 13:35:51.657Z,2.7663,2.7749,100,100,31.0
2026-04-21 13:35:52.414Z,2.7654,2.7754,100,100,36.1
2026-04-21 13:35:53.542Z,2.7650,2.7754,100,100,37.5
2026-04-21 13:35:54.452Z,2.7661,2.7751,100,100,32.5
2026-04-21 13:35:55.410Z,2.7649,2.7751,100,100,36.8
2026-04-21 13:35:56.725Z,2.7651,2.7749,100,100,35.4
2026-04-21 13:35:57.593Z,2.7652,2.7742,100,100,32.5
2026-04-21 13:35:58.829Z,2.7649,2.7759,100,100,39.7
2026-04-21 13:35:59.864Z,2.7642,2.7758,100,100,41.9
2026-04-21 13:37:00.507Z,2.7697,2.7803,100,100,38.2
2026-04-21 13:37:01.704Z,2.7693,2.7797,100,100,37.5
2026-04-21 13:37:02.303Z,2.7699,2.7801,100,100,36.8
2026-04-21 13:37:03.116Z,2.7686,2.7802,100,100,41.8
2026-04-21 13:37:04.897Z,2.7684,2.7802,100,100,42.5
2026-04-21 13:37:05.861Z,2.7688,2.7810,100,100,44.0
2026-04-21 13:37:06.099Z,2.7693,2.7813,100,100,43.2
2026-04-21 13:37:07.453Z,2.7697,2.7795,100,100,35.3
2026-04-21 13:37:08.450Z,2.7696,2.7802,100,100,38.2
2026-04-21 13:37:09.228Z,2.7698,2.7790,100,100,33.2
2026-04-21 13:37:10.052Z,2.7707,2.7801,100,100,33.9
2026-04-21 13:37:11.422Z,2.7693,2.7795,100,100,36.8
2026-04-21 13:37:12.517Z,2.7693,2.7809,100,100,41.8
2026-04-21 13:37:13.216Z,2.7702,2.7804,100,100,36.8
2026-04-21 13:37:14.058Z,2.7703,2.7795,100,100,33.2
2026-04-21 13:37:15.640Z,2.7709,2.7799,100,100,32.4
2026-04-21 13:37:16.424Z,2.7699,2.7789,100,100,32.4
2026-04-21 13:37:17.525Z,2.7694,2.7808,100,100,41.1
2026-04-21 13:37:18.445Z,2.7701,2.7809,100,100,38.9
2026-04-21 13:37:19.772Z,2.7704,2.7804,100,100,36.0
2026-04-21 13:37:20.582Z,2.7695,2.7815,100,100,43.2
2026-04-21 13:37:21.814Z,2.7701,2.7807,100,100,38.2
2026-04-21 13:37:22.877Z,2.7694,2.7800,100,100,38.2
2026-04-21 13:37:23.304Z,2.7691,2.7803,100,100,40.4
2026-04-21 13:37:24.280Z,2.7706,2.7796,100,100,32.4
2026-04-21 13:37:25.721Z,2.7692,2.7790,100,100,35.3
2026-04-21 13:37:26.632Z,2.7686,2.7802,100,100,41.8
2026-04-21 13:37:27.108Z,2.7689,2.7811,100,100,44.0
2026-04-21 13:37:28.824Z,2.7684,2.7796,100,100,40.4
2026-04-21 13:37:29.198Z,2.7702,2.7788,100,100,31.0
2026-04-21 13:37:30.604Z,2.7687,2.7787,100,100,36.1
2026-04-21 13:37:31.496Z,2.7697,2.7797,100,100,36.0
2026-04-21 13:37:32.662Z,2.7687,2.7783,100,100,34.6
2026-04-21 13:37:33.061Z,2.7679,2.7799,100,100,43.3
2026-04-21 13:37:34.552Z,2.7687,2.7791,100,100,37.5
2026-04-21 13:37:35.284Z,2.7685,2.7787,100,100,36.8
2026-04-21 13:37:36.616Z,2.7691,2.7801,100,100,39.6
2026-04-21 13:37:37.063Z,2.7702,2.7786,100,100,30.3
2026-04-21 13:37:38.335Z,2.7694,2.7782,100,100,31.7
2026-04-21 13:37:39.588Z,2.7675,2.7791,100,100,41.8
2026-04-21 13:37:40.145Z,2.7689,2.7789,100,100,36.1
2026-04-21 13:37:41.226Z,2.7677,2.7787,100,100,39.7
2026-04-21 13:37:42.156Z,2.7674,2.7794,100,100,43.3
2026-04-21 13:37:43.368Z,2.7683,2.7785,100,100,36.8
2026-04-21 13:37:44.626Z,2.7678,2.7792,100,100,41.1
2026-04-21 13:37:45.836Z,2.7692,2.7780,100,100,31.7
2026-04-21 13:37:46.285Z,2.7690,2.7802,100,100,40.4
2026-04-21 13:37:47.049Z,2.7693,2.7787,100,100,33.9
2026-04-21 13:37:48.635Z,2.7685,2.7789,100,100,37.5
2026-04-21 13:37:49.464Z,2.7695,2.7777,100,100,29.6
2026-04-21 13:37:50.241Z,2.7692,2.7778,100,100,31.0
2026-04-21 13:37:51.348Z,2.7678,2.7788,100,100,39.7
2026-04-21 13:37:52.439Z,2.7686,2.7796,100,100,39.7
2026-04-21 13:37:53.878Z,2.7691,2.7789,100,100,35.3
2026-04-21 13:37:54.602Z,2.7696,2.7780,100,100,30.3
2026-04-21 13:37:55.509Z,2.7685,2.7803,100,100,42.5
2026-04-21 13:37:56.667Z,2.7690,2.7782,100,100,33.2
2026-04-21 13:37:57.576Z,2.7704,2.7788,100,100,30.3
2026-04-21 13:37:58.356Z,2.7691,2.7797,100,100,38.2
2026-04-21 13:37:59.256Z,2.7694,2.7784,100,100,32.4
2026-04-21 13:38:00.614Z,2.7710,2.7790,100,100,28.8
2026-04-21 13:38:01.282Z,2.7696,2.7798,100,100,36.8
2026-04-21 13:38:02.818Z,2.7703,2.7787,100,100,30.3
2026-04-21 13:38:03.617Z,2.7697,2.7799,100,100,36.8
2026-04-21 13:38:04.136Z,2.7696,2.7816,100,100,43.2
2026-04-21 13:38:05.384Z,2.7711,2.7795,100,100,30.3
2026-04-21 13:38:06.231Z,2.7704,2.7798,100,100,33.9
2026-04-21 13:38:07.356Z,2.7688,2.7800,100,100,40.4
2026-04-21 13:38:08.094Z,2.7706,2.7790,100,100,30.3
2026-04-21 13:38:09.831Z,2.7709,2.7801,100,100,33.1
2026-04-21 13:38:10.229Z,2.7691,2.7811,100,100,43.2
2026-04-21 13:38:11.056Z,2.7714,2.7798,100,100,30.3
2026-04-21 13:38:12.870Z,2.7709,2.7795,100,100,31.0
2026-04-21 13:38:13.892Z,2.7693,2.7797,100,100,37.5
2026-04-21 13:38:14.622Z,2.7705,2.7799,100,100,33.9
2026-04-21 13:38:15.734Z,2.7691,2.7795,100,100,37.5
2026-04-21 13:38:16.429Z,2.7688,2.7800,103,100,40.4
2026-04-21 13:38:17.887Z,2.7706,2.7804,100,100,35.3
2026-04-21 13:38:18.728Z,2.7695,2.7813,100,101,42.5
2026-04-21 13:38:19.785Z,2.7704,2.7804,100,100,36.0
2026-04-21 13:38:20.371Z,2.7700,2.7802,100,100,36.8
2026-04-21 13:38:21.781Z,2.7694,2.7794,100,100,36.0
2026-04-21 13:38:22.023Z,2.7706,2.7792,100,100,31.0
2026-04-21 13:38:23.606Z,2.7695,2.7783,100,100,31.7
2026-04-21 13:38:24.760Z,2.7694,2.7794,100,100,36.0
2026-04-21 13:38:25.379Z,2.7693,2.7777,100,100,30.3
2026-04-21 13:38:26.725Z,2.7685,2.7791,100,100,38.2
2026-04-21 13:38:27.061Z,2.7686,2.7772,100,100,31.0
2026-04-21 13:38:28.609Z,2.7691,2.7773,100,100,29.6
2026-04-21 13:38:29.241Z,2.7662,2.7770,100,100,39.0
2026-04-21 13:38:30.127Z,2.7666,2.7778,100,100,40.4
2026-04-21 13:38:31.478Z,2.7672,2.7770,100,100,35.4
2026-04-21 13:38:32.022Z,2.7649,2.7765,100,100,41.9
2026-04-21 13:38:33.129Z,2.7653,2.7765,100,100,40.4
2026-04-21 13:38:34.677Z,2.7654,2.7746,100,100,33.2
2026-04-21 13:38:35.784Z,2.7646,2.7760,100,100,41.2
2026-04-21 13:38:36.201Z,2.7661,2.7749,100,100,31.8
2026-04-21 13:38:37.280Z,2.7646,2.7766,100,100,43.3
2026-04-21 13:38:38.637Z,2.7657,2.7757,100,100,36.1
2026-04-21 13:38:39.004Z,2.7651,2.7759,100,100,39.0
2026-04-21 13:38:40.380Z,2.7643,2.7749,100,100,38.3
2026-04-21 13:38:41.451Z,2.7651,2.7765,100,100,41.1
2026-04-21 13:38:42.034Z,2.7653,2.7747,100,100,33.9
2026-04-21 13:38:43.585Z,2.7658,2.7746,100,100,31.8
2026-04-21 13:38:44.847Z,2.7653,2.7761,100,100,39.0
2026-04-21 13:38:45.605Z,2.7649,2.7751,100,100,36.8
2026-04-21 13:38:46.423Z,2.7667,2.7759,100,100,33.2
2026-04-21 13:38:47.201Z,2.7662,2.7764,100,100,36.8
2026-04-21 13:38:48.178Z,2.7653,2.7749,100,100,34.7
2026-04-21 13:38:49.804Z,2.7661,2.7743,100,100,29.6
2026-04-21 13:38:50.416Z,2.7651,2.7757,100,100,38.3
2026-04-21 13:38:51.777Z,2.7650,2.7770,100,100,43.3
2026-04-21 13:38:52.290Z,2.7656,2.7744,100,100,31.8
2026-04-21 13:38:53.709Z,2.7646,2.7772,100,100,45.5
2026-04-21 13:38:54.841Z,2.7641,2.7765,100,100,44.8
2026-04-21 13:38:55.706Z,2.7654,2.7760,100,100,38.3
2026-04-21 13:38:56.552Z,2.7652,2.7754,100,100,36.8
2026-04-21 13:38:57.577Z,2.7648,2.7750,100,100,36.8
2026-04-21 13:38:58.115Z,2.7642,2.7746,100,100,37.6
2026-04-21 13:38:59.835Z,2.7650,2.7750,100,100,36.1
2026-04-21 13:41:00.458Z,2.7655,2.7745,100,100,32.5
2026-04-21 13:41:01.511Z,2.7662,2.7746,100,100,30.3
2026-04-21 13:41:02.534Z,2.7647,2.7761,100,100,41.1
2026-04-21 13:41:03.622Z,2.7646,2.7748,100,100,36.8
2026-04-21 13:41:04.691Z,2.7649,2.7739,100,100,32.5
2026-04-21 13:41:05.736Z,2.7649,2.7765,100,100,41.9
2026-04-21 13:41:06.796Z,2.7652,2.7740,100,100,31.8
2026-04-21 13:41:07.689Z,2.7640,2.7758,100,100,42.6
2026-04-21 13:41:08.537Z,2.7643,2.7747,100,100,37.6
2026-04-21 13:41:09.292Z,2.7661,2.7743,100,100,29.6
2026-04-21 13:41:10.338Z,2.7656,2.7756,100,100,36.1
2026-04-21 13:41:11.448Z,2.7651,2.7749,100,211,35.4
2026-04-21 13:41:12.505Z,2.7652,2.7748,100,100,34.7
2026-04-21 13:41:13.094Z,2.7639,2.7751,100,100,40.4
2026-04-21 13:41:14.261Z,2.7642,2.7748,100,100,38.3
2026-04-21 13:41:15.396Z,2.7644,2.7758,100,100,41.2
2026-04-21 13:41:16.883Z,2.7636,2.7752,100,100,41.9
2026-04-21 13:41:17.081Z,2.7639,2.7747,100,100,39.0
2026-04-21 13:41:18.498Z,2.7657,2.7739,100,100,29.6
2026-04-21 13:41:19.271Z,2.7643,2.7761,100,100,42.6
2026-04-21 13:41:20.398Z,2.7657,2.7747,100,100,32.5
2026-04-21 13:41:21.437Z,2.7633,2.7755,100,100,44.1
2026-04-21 13:41:22.827Z,2.7644,2.7758,100,100,41.2
2026-04-21 13:41:23.485Z,2.7647,2.7759,100,100,40.4
2026-04-21 13:41:24.075Z,2.7647,2.7753,100,100,38.3
2026-04-21 13:41:25.421Z,2.7641,2.7761,100,100,43.3
2026-04-21 13:41:26.869Z,2.7646,2.7766,100,100,43.3
2026-04-21 13:41:27.241Z,2.7655,2.7749,100,100,33.9
2026-04-21 13:41:28.008Z,2.7663,2.7749,100,100,31.0
2026-04-21 13:41:29.138Z,2.7657,2.7753,100,100,34.7
2026-04-21 13:41:30.655Z,2.7652,2.7754,100,100,36.8
2026-04-21 13:41:31.225Z,2.7650,2.7748,100,100,35.4
2026-04-21 13:41:32.035Z,2.7641,2.7757,100,100,41.9
2026-04-21 13:41:33.421Z,2.7661,2.7751,100,100,32.5
2026-04-21 13:41:34.735Z,2.7654,2.7754,100,100,36.1
2026-04-21 13:41:35.234Z,2.7644,2.7744,100,100,36.1
2026-04-21 13:41:36.378Z,2.7644,2.7746,100,100,36.8
2026-04-21 13:41:37.840Z,2.7651,2.7761,100,100,39.7
2026-04-21 13:41:38.010Z,2.7659,2.7749,100,133,32.5
2026-04-21 13:41:39.809Z,2.7652,2.7746,100,118,33.9
2026-04-21 13:41:40.768Z,2.7642,2.7758,144,100,41.9
2026-04-21 13:41:41.080Z,2.7662,2.7748,100,100,31.0
2026-04-21 13:41:42.631Z,2.7644,2.7744,100,100,36.1
2026-04-21 13:41:43.130Z,2.7662,2.7748,100,100,31.0
2026-04-21 13:41:44.772Z,2.7659,2.7747,100,100,31.8
2026-04-21 13:41:45.502Z,2.7662,2.7750,100,100,31.8
2026-04-21 13:41:46.098Z,2.7637,2.7761,100,100,44.8
2026-04-21 13:41:47.871Z,2.7648,2.7758,116,100,39.7
2026-04-21 13:41:48.210Z,2.7651,2.7753,100,100,36.8
2026-04-21 13:41:49.223Z,2.7655,2.7739,100,100,30.3
2026-04-21 13:41:50.739Z,2.7647,2.7763,100,100,41.9
2026-04-21 13:41:51.254Z,2.7641,2.7755,100,100,41.2
2026-04-21 13:41:52.146Z,2.7654,2.7758,100,100,37.5
2026-04-21 13:41:53.276Z,2.7650,2.7758,100,100,39.0
2026-04-21 13:41:54.652Z,2.7652,2.7740,100,100,31.8
2026-04-21 13:41:55.354Z,2.7645,2.7745,100,100,36.1
2026-04-21 13:41:56.856Z,2.7644,2.7752,100,100,39.0
2026-04-21 13:41:57.844Z,2.7650,2.7750,100,100,36.1
2026-04-21 13:41:58.196Z,2.7657,2.7741,100,100,30.3
2026-04-21 13:41:59.428Z,2.7643,2.7757,100,100,41.2
2026-04-21 13:42:00.746Z,2.7760,2.7840,100,100,28.8
2026-04-21 13:42:01.279Z,2.7736,2.7852,100,100,41.7
2026-04-21 13:42:02.825Z,2.7745,2.7853,100,100,38.9
2026-04-21 13:42:03.010Z,2.7750,2.7858,100,100,38.8
2026-04-21 13:42:04.182Z,2.7754,2.7848,100,100,33.8
2026-04-21 13:42:05.039Z,2.7741,2.7853,100,100,40.3
2026-04-21 13:42:06.275Z,2.7749,2.7857,100,100,38.8
2026-04-21 13:42:07.565Z,2.7751,2.7837,100,119,30.9
2026-04-21 13:42:08.035Z,2.7737,2.7853,100,100,41.7
2026-04-21 13:42:09.459Z,2.7747,2.7851,100,100,37.4
2026-04-21 13:42:10.608Z,2.7742,2.7858,100,100,41.7
2026-04-21 13:42:11.685Z,2.7751,2.7849,100,100,35.3
2026-04-21 13:42:12.817Z,2.7752,2.7840,100,146,31.7
2026-04-21 13:42:13.788Z,2.7750,2.7844,104,100,33.8
2026-04-21 13:42:14.802Z,2.7760,2.7854,100,100,33.8
2026-04-21 13:42:15.689Z,2.7748,2.7846,100,100,35.3
2026-04-21 13:42:16.894Z,2.7748,2.7838,100,134,32.4
2026-04-21 13:42:17.074Z,2.7738,2.7852,100,100,41.0
2026-04-21 13:42:18.739Z,2.7759,2.7845,141,100,30.9
2026-04-21 13:42:19.521Z,2.7752,2.7858,100,100,38.1
2026-04-21 13:42:20.045Z,2.7761,2.7851,100,100,32.4
2026-04-21 13:42:21.069Z,2.7768,2.7862,100,100,33.8
2026-04-21 13:42:22.123Z,2.7761,2.7873,100,100,40.3
2026-04-21 13:42:23.612Z,2.7777,2.7867,100,100,32.3
2026-04-21 13:42:24.034Z,2.7782,2.7878,100,100,34.5
2026-04-21 13:42:25.622Z,2.7775,2.7899,100,100,44.5
2026-04-21 13:42:26.316Z,2.7797,2.7897,100,100,35.9
2026-04-21 13:42:27.348Z,2.7803,2.7915,100,100,40.2
2026-04-21 13:42:28.279Z,2.7826,2.7920,100,100,33.7
2026-04-21 13:42:29.439Z,2.7840,2.7926,100,100,30.8
2026-04-21 13:42:30.298Z,2.7841,2.7955,100,100,40.9
2026-04-21 13:42:31.065Z,2.7851,2.7955,100,100,37.3
2026-04-21 13:42:32.548Z,2.7866,2.7972,100,100,38.0
2026-04-21 13:42:33.253Z,2.7882,2.7970,100,100,31.5
2026-04-21 13:42:34.137Z,2.7880,2.7998,100,100,42.2
2026-04-21 13:42:35.145Z,2.7879,2.7993,100,100,40.8
2026-04-21 13:42:36.105Z,2.7895,2.7985,100,100,32.2
2026-04-21 13:42:37.243Z,2.7887,2.8011,114,100,44.4
2026-04-21 13:42:38.890Z,2.7907,2.7993,206,100,30.8
2026-04-21 13:42:39.411Z,2.7899,2.7987,100,218,31.5
2026-04-21 13:42:40.236Z,2.7891,2.8015,173,100,44.4
2026-04-21 13:42:41.180Z,2.7898,2.8004,100,100,37.9
2026-04-21 13:42:42.090Z,2.7891,2.7989,100,100,35.1
2026-04-21 13:42:43.599Z,2.7891,2.7981,100,100,32.2
2026-04-21 13:42:44.212Z,2.7901,2.7987,100,100,30.8
2026-04-21 13:42:45.541Z,2.7891,2.7991,100,100,35.8
2026-04-21 13:42:46.182Z,2.7880,2.7998,100,100,42.2
2026-04-21 13:42:47.299Z,2.7884,2.7994,100,100,39.4
2026-04-21 13:42:48.738Z,2.7875,2.7997,100,100,43.7
2026-04-21 13:42:49.860Z,2.7880,2.7972,100,100,32.9
2026-04-21 13:42:50.229Z,2.7878,2.7988,100,100,39.4
2026-04-21 13:42:51.242Z,2.7861,2.7983,100,100,43.7
2026-04-21 13:42:52.252Z,2.7856,2.7972,100,100,41.6
2026-04-21 13:42:53.587Z,2.7862,2.7974,100,100,40.1
2026-04-21 13:42:54.124Z,2.7854,2.7972,100,100,42.3
2026-04-21 13:42:55.164Z,2.7856,2.7948,100,100,33.0
2026-04-21 13:42:56.258Z,2.7867,2.7951,100,100,30.1
2026-04-21 13:42:57.045Z,2.7840,2.7956,100,100,41.6
2026-04-21 13:42:58.775Z,2.7852,2.7938,100,100,30.8
2026-04-21 13:42:59.528Z,2.7858,2.7942,130,100,30.1
2026-04-21 13:43:00.420Z,2.7799,2.7901,100,100,36.6
2026-04-21 13:43:01.329Z,2.7800,2.7900,100,100,35.9
2026-04-21 13:43:02.374Z,2.7799,2.7901,100,100,36.6
2026-04-21 13:43:03.143Z,2.7811,2.7893,100,100,29.4
2026-04-21 13:43:04.015Z,2.7798,2.7898,100,100,35.9
2026-04-21 13:43:05.348Z,2.7800,2.7900,100,100,35.9
2026-04-21 13:43:06.168Z,2.7803,2.7893,100,100,32.3
2026-04-21 13:43:07.033Z,2.7797,2.7911,100,100,40.9
2026-04-21 13:43:08.164Z,2.7796,2.7906,100,100,39.5
2026-04-21 13:43:09.128Z,2.7805,2.7907,100,100,36.6
2026-04-21 13:43:10.763Z,2.7813,2.7899,100,100,30.9
2026-04-21 13:43:11.520Z,2.7805,2.7901,100,100,34.5
2026-04-21 13:43:12.453Z,2.7806,2.7894,100,100,31.6
2026-04-21 13:43:13.309Z,2.7809,2.7889,100,100,28.7
2026-04-21 13:43:14.030Z,2.7810,2.7902,100,100,33.0
2026-04-21 13:43:15.182Z,2.7807,2.7907,100,100,35.9
2026-04-21 13:43:16.524Z,2.7800,2.7886,100,100,30.9
2026-04-21 13:43:17.890Z,2.7790,2.7902,100,100,40.2
2026-04-21 13:43:18.879Z,2.7807,2.7895,100,100,31.6
2026-04-21 13:43:19.088Z,2.7791,2.7901,100,100,39.5
2026-04-21 13:43:20.528Z,2.7805,2.7907,100,100,36.6
2026-04-21 13:43:21.025Z,2.7786,2.7904,100,100,42.4
2026-04-21 13:43:22.149Z,2.7793,2.7915,100,100,43.8
2026-04-21 13:43:23.646Z,2.7814,2.7896,100,100,29.4
2026-04-21 13:43:24.228Z,2.7799,2.7909,100,100,39.5
2026-04-21 13:43:25.182Z,2.7790,2.7906,100,100,41.7
2026-04-21 13:43:26.840Z,2.7792,2.7916,100,100,44.5
2026-04-21 13:43:27.603Z,2.7788,2.7900,100,100,40.2
2026-04-21 13:43:28.797Z,2.7792,2.7908,100,100,41.7
2026-04-21 13:43:29.775Z,2.7790,2.7900,100,100,39.5
2026-04-21 13:43:30.260Z,2.7802,2.7898,100,100,34.5
2026-04-21 13:43:31.176Z,2.7803,2.7899,100,100,34.5
2026-04-21 13:43:32.660Z,2.7801,2.7897,100,100,34.5
2026-04-21 13:43:33.049Z,2.7790,2.7900,100,100,39.5
2026-04-21 13:43:34.029Z,2.7799,2.7903,100,100,37.3
2026-04-21 13:43:35.029Z,2.7791,2.7897,100,100,38.1
2026-04-21 13:43:36.063Z,2.7790,2.7908,100,100,42.4
2026-04-21 13:43:37.518Z,2.7800,2.7892,100,100,33.0
2026-04-21 13:43:38.832Z,2.7805,2.7895,100,100,32.3
2026-04-21 13:43:39.588Z,2.7802,2.7886,100,100,30.2
2026-04-21 13:43:40.309Z,2.7797,2.7909,100,100,40.2
2026-04-21 13:43:41.595Z,2.7789,2.7897,100,100,38.8
2026-04-21 13:43:42.030Z,2.7787,2.7907,100,100,43.1
2026-04-21 13:43:43.681Z,2.7794,2.7898,100,100,37.3
2026-04-21 13:43:44.477Z,2.7799,2.7905,100,100,38.1
2026-04-21 13:43:45.111Z,2.7782,2.7906,100,100,44.5
2026-04-21 13:43:46.234Z,2.7807,2.7893,100,100,30.9
2026-04-21 13:43:47.525Z,2.7798,2.7908,100,100,39.5
2026-04-21 13:43:48.818Z,2.7791,2.7905,100,100,40.9
2026-04-21 13:43:49.872Z,2.7813,2.7897,100,100,30.2
2026-04-21 13:43:50.208Z,2.7803,2.7905,100,100,36.6
2026-04-21 13:43:51.815Z,2.7803,2.7887,100,100,30.2
2026-04-21 13:43:52.692Z,2.7805,2.7903,100,100,35.2
2026-04-21 13:43:53.566Z,2.7796,2.7912,100,100,41.6
2026-04-21 13:43:54.257Z,2.7794,2.7894,100,100,35.9
2026-04-21 13:43:55.327Z,2.7796,2.7908,100,100,40.2
2026-04-21 13:43:56.704Z,2.7798,2.7906,100,100,38.8
2026-04-21 13:43:57.518Z,2.7784,2.7904,100,100,43.1
2026-04-21 13:43:58.709Z,2.7808,2.7906,100,100,35.2
2026-04-21 13:43:59.702Z,2.7803,2.7897,100,100,33.8
2026-04-21 13:44:00.837Z,2.7842,2.7958,107,113,41.6
2026-04-21 13:44:01.186Z,2.7851,2.7943,100,118,33.0
2026-04-21 13:44:02.733Z,2.7843,2.7955,157,133,40.1
2026-04-21 13:44:03.586Z,2.7847,2.7965,120,112,42.3
2026-04-21 13:44:04.408Z,2.7850,2.7956,100,100,38.0
2026-04-21 13:44:05.570Z,2.7848,2.7960,100,100,40.1
2026-04-21 13:44:06.300Z,2.7847,2.7955,100,159,38.7
2026-04-21 13:44:07.623Z,2.7849,2.7945,100,100,34.4
2026-04-21 13:44:08.294Z,2.7853,2.7939,100,126,30.8
2026-04-21 13:44:09.143Z,2.7849,2.7959,100,100,39.4
2026-04-21 13:44:10.078Z,2.7851,2.7945,100,121,33.7
2026-04-21 13:44:11.856Z,2.7839,2.7953,178,191,40.9
2026-04-21 13:44:12.396Z,2.7838,2.7954,100,100,41.6
2026-04-21 13:44:13.376Z,2.7851,2.7949,147,100,35.1
2026-04-21 13:44:14.668Z,2.7855,2.7941,100,100,30.8
2026-04-21 13:44:15.077Z,2.7850,2.7944,100,155,33.7
2026-04-21 13:44:16.083Z,2.7848,2.7954,148,100,38.0
2026-04-21 13:44:17.342Z,2.7863,2.7945,100,100,29.4
2026-04-21 13:44:18.163Z,2.7832,2.7956,100,140,44.5
2026-04-21 13:44:19.700Z,2.7841,2.7955,226,100,40.9
2026-04-21 13:44:20.217Z,2.7842,2.7954,100,101,40.1
2026-04-21 13:44:21.352Z,2.7851,2.7965,130,100,40.8
2026-04-21 13:44:22.386Z,2.7857,2.7959,100,100,36.5
2026-04-21 13:44:23.640Z,2.7857,2.7961,100,100,37.3
2026-04-21 13:44:24.512Z,2.7857,2.7981,122,100,44.4
2026-04-21 13:44:25.289Z,2.7873,2.7975,100,100,36.5
2026-04-21 13:44:26.465Z,2.7871,2.7991,105,100,43.0
2026-04-21 13:44:27.867Z,2.7880,2.8008,100,100,45.8
2026-04-21 13:44:28.285Z,2.7900,2.7988,100,100,31.5
2026-04-21 13:44:29.585Z,2.7907,2.8003,100,100,34.3
2026-04-21 13:44:30.652Z,2.7912,2.8004,100,100,32.9
2026-04-21 13:44:31.491Z,2.7915,2.8025,100,100,39.3
2026-04-21 13:44:32.821Z,2.7928,2.8030,138,100,36.5
2026-04-21 13:44:33.609Z,2.7925,2.8041,100,100,41.5
2026-04-21 13:44:34.493Z,2.7932,2.8052,140,100,42.9
2026-04-21 13:44:35.488Z,2.7953,2.8043,100,100,32.1
2026-04-21 13:44:36.037Z,2.7946,2.8042,100,100,34.3
2026-04-21 13:44:37.803Z,2.7948,2.8050,113,100,36.4
2026-04-21 13:44:38.669Z,2.7950,2.8050,200,100,35.7
2026-04-21 13:44:39.150Z,2.7952,2.8044,153,223,32.9
2026-04-21 13:44:40.808Z,2.7938,2.8048,100,360,39.3
2026-04-21 13:44:41.303Z,2.7941,2.8057,124,100,41.4
2026-04-21 13:44:42.742Z,2.7943,2.8047,100,100,37.1
2026-04-21 13:44:43.253Z,2.7933,2.8053,100,129,42.9
2026-04-21 13:44:44.686Z,2.7946,2.8030,100,114,30.0
2026-04-21 13:44:45.711Z,2.7944,2.8038,100,100,33.6
2026-04-21 13:44:46.230Z,2.7942,2.8038,100,113,34.3
2026-04-21 13:44:47.768Z,2.7945,2.8039,164,100,33.6
2026-04-21 13:44:48.792Z,2.7923,2.8045,100,100,43.6
2026-04-21 13:44:49.465Z,2.7926,2.8036,100,100,39.3
2026-04-21 13:44:50.288Z,2.7938,2.8032,100,100,33.6
2026-04-21 13:44:51.026Z,2.7942,2.8050,100,100,38.6
2026-04-21 13:44:52.662Z,2.7951,2.8037,100,100,30.7
2026-04-21 13:44:53.894Z,2.7956,2.8042,100,100,30.7
2026-04-21 13:44:54.099Z,2.7950,2.8046,100,133,34.3
2026-04-21 13:44:55.143Z,2.7949,2.8047,100,100,35.0
2026-04-21 13:44:56.149Z,2.7955,2.8039,100,195,30.0
2026-04-21 13:44:57.150Z,2.7947,2.8055,100,100,38.6
2026-04-21 13:44:58.130Z,2.7955,2.8047,133,100,32.9
2026-04-21 13:44:59.849Z,2.7954,2.8046,100,171,32.9
2026-04-21 13:45:00.690Z,2.7945,2.8055,126,114,39.3
2026-04-21 13:45:01.481Z,2.7943,2.8053,160,238,39.3
2026-04-21 13:45:02.118Z,2.7939,2.8049,130,283,39.3
2026-04-21 13:45:03.124Z,2.7944,2.8068,161,125,44.3
2026-04-21 13:45:04.753Z,2.7951,2.8037,121,167,30.7
2026-04-21 13:45:05.333Z,2.7954,2.8052,330,183,35.0
2026-04-21 13:45:06.611Z,2.7947,2.8051,132,318,37.1
2026-04-21 13:45:07.708Z,2.7963,2.8049,346,211,30.7
2026-04-21 13:45:08.267Z,2.7953,2.8061,248,169,38.6
2026-04-21 13:45:09.625Z,2.7958,2.8048,101,415,32.1
2026-04-21 13:45:10.130Z,2.7938,2.8056,189,260,42.1
2026-04-21 13:45:11.303Z,2.7945,2.8053,600,409,38.6
2026-04-21 13:45:12.502Z,2.7939,2.8053,532,1092,40.7
2026-04-21 13:45:13.488Z,2.7944,2.8070,562,259,45.0
2026-04-21 13:45:14.299Z,2.7947,2.8043,100,323,34.3
2026-04-21 13:45:15.895Z,2.7960,2.8054,290,114,33.6
2026-04-21 13:45:16.035Z,2.7936,2.8058,151,404,43.6
2026-04-21 13:45:17.516Z,2.7956,2.8046,383,218,32.1
2026-04-21 13:45:18.111Z,2.7945,2.8063,426,157,42.1
2026-04-21 13:45:19.358Z,2.7949,2.8053,108,242,37.1
2026-04-21 13:45:20.510Z,2.7965,2.8067,353,156,36.4
2026-04-21 13:45:21.004Z,2.7973,2.8075,152,124,36.4
2026-04-21 13:45:22.798Z,2.7969,2.8087,276,100,42.1
2026-04-21 13:45:23.237Z,2.7980,2.8110,100,100,46.4
2026-04-21 13:45:24.822Z,2.8018,2.8118,199,107,35.6
2026-04-21 13:45:25.161Z,2.8039,2.8131,206,155,32.8
2026-04-21 13:45:26.475Z,2.8046,2.8158,119,100,39.9
2026-04-21 13:45:27.148Z,2.8072,2.8178,157,145,37.7
2026-04-21 13:45:28.209Z,2.8100,2.8206,243,160,37.7
2026-04-21 13:45:29.272Z,2.8108,2.8226,100,100,41.9
2026-04-21 13:45:30.170Z,2.8133,2.8255,100,100,43.3
2026-04-21 13:45:31.265Z,2.8159,2.8269,125,100,39.0
2026-04-21 13:45:32.572Z,2.8168,2.8290,161,138,43.2
2026-04-21 13:45:33.319Z,2.8195,2.8309,129,100,40.4
2026-04-21 13:45:34.517Z,2.8213,2.8317,123,131,36.8
2026-04-21 13:45:35.118Z,2.8221,2.8329,107,100,38.2
2026-04-21 13:45:36.047Z,2.8247,2.8341,154,100,33.2
2026-04-21 13:45:37.625Z,2.8246,2.8342,262,285,33.9
2026-04-21 13:45:38.124Z,2.8257,2.8353,330,208,33.9
2026-04-21 13:45:39.211Z,2.8243,2.8361,158,292,41.7
2026-04-21 13:45:40.407Z,2.8255,2.8349,326,192,33.2
2026-04-21 13:45:41.771Z,2.8248,2.8336,126,152,31.1
2026-04-21 13:45:42.040Z,2.8236,2.8346,100,121,38.9
2026-04-21 13:45:43.498Z,2.8228,2.8318,100,118,31.8
2026-04-21 13:45:44.370Z,2.8219,2.8333,217,141,40.3
2026-04-21 13:45:45.503Z,2.8221,2.8331,130,169,38.9
2026-04-21 13:45:46.577Z,2.8207,2.8321,302,382,40.3
2026-04-21 13:45:47.320Z,2.8214,2.8318,287,161,36.8
2026-04-21 13:45:48.587Z,2.8228,2.8316,288,217,31.1
2026-04-21 13:45:49.006Z,2.8211,2.8315,100,338,36.8
2026-04-21 13:45:50.123Z,2.8211,2.8309,126,147,34.7
2026-04-21 13:45:51.782Z,2.8220,2.8314,251,114,33.3
2026-04-21 13:45:52.494Z,2.8207,2.8323,110,290,41.0
2026-04-21 13:45:53.217Z,2.8215,2.8311,152,493,34.0
2026-04-21 13:45:54.568Z,2.8211,2.8297,209,498,30.4
2026-04-21 13:45:55.517Z,2.8204,2.8292,205,334,31.2
2026-04-21 13:45:56.712Z,2.8186,2.8306,180,214,42.5
2026-04-21 13:45:57.639Z,2.8186,2.8304,130,389,41.8
2026-04-21 13:45:58.346Z,2.8207,2.8305,383,195,34.7
2026-04-21 13:45:59.705Z,2.8193,2.8307,247,385,40.4
2026-04-21 13:46:00.196Z,2.8202,2.8298,100,100,34.0
2026-04-21 13:46:01.439Z,2.8199,2.8297,100,100,34.7
2026-04-21 13:46:02.350Z,2.8206,2.8302,100,100,34.0
2026-04-21 13:46:03.114Z,2.8205,2.8303,100,100,34.7
2026-04-21 13:46:04.062Z,2.8212,2.8294,100,100,29.0
2026-04-21 13:46:05.000Z,2.8208,2.8302,100,100,33.3
2026-04-21 13:46:06.013Z,2.8194,2.8314,100,100,42.5
2026-04-21 13:46:07.132Z,2.8206,2.8304,100,100,34.7
2026-04-21 13:46:08.364Z,2.8205,2.8297,100,100,32.6
2026-04-21 13:46:09.770Z,2.8201,2.8305,100,100,36.8
2026-04-21 13:46:10.615Z,2.8206,2.8300,100,100,33.3
2026-04-21 13:46:11.716Z,2.8192,2.8300,100,114,38.2
2026-04-21 13:46:12.074Z,2.8204,2.8288,100,100,29.7
2026-04-21 13:46:13.864Z,2.8205,2.8307,100,100,36.1
2026-04-21 13:46:14.787Z,2.8209,2.8295,100,100,30.4
2026-04-21 13:46:15.604Z,2.8201,2.8305,100,100,36.8
2026-04-21 13:46:16.690Z,2.8189,2.8311,100,100,43.2
2026-04-21 13:46:17.564Z,2.8194,2.8314,100,100,42.5
2026-04-21 13:46:18.551Z,2.8203,2.8295,100,100,32.6
2026-04-21 13:46:19.889Z,2.8203,2.8295,100,100,32.6
2026-04-21 13:46:20.559Z,2.8199,2.8287,100,100,31.2
2026-04-21 13:46:21.127Z,2.8188,2.8298,100,100,38.9
2026-04-21 13:46:22.777Z,2.8176,2.8290,100,100,40.4
2026-04-21 13:46:23.617Z,2.8190,2.8288,100,100,34.7
2026-04-21 13:46:24.771Z,2.8178,2.8266,100,100,31.2
2026-04-21 13:46:25.104Z,2.8168,2.8278,100,100,39.0
2026-04-21 13:46:26.237Z,2.8166,2.8252,100,100,30.5
2026-04-21 13:46:27.711Z,2.8148,2.8266,100,100,41.8
2026-04-21 13:46:28.527Z,2.8163,2.8247,100,100,29.8
2026-04-21 13:46:29.465Z,2.8134,2.8238,100,100,36.9
2026-04-21 13:46:30.237Z,2.8126,2.8242,100,100,41.2
2026-04-21 13:46:31.142Z,2.8135,2.8231,100,100,34.1
2026-04-21 13:46:32.842Z,2.8122,2.8216,100,100,33.4
2026-04-21 13:46:33.110Z,2.8101,2.8223,100,100,43.3
2026-04-21 13:46:34.710Z,2.8111,2.8217,100,100,37.6
2026-04-21 13:46:35.613Z,2.8105,2.8207,100,100,36.2
2026-04-21 13:46:36.319Z,2.8096,2.8212,100,100,41.2
2026-04-21 13:46:37.119Z,2.8096,2.8204,100,102,38.4
2026-04-21 13:46:38.668Z,2.8094,2.8198,100,111,37.0
2026-04-21 13:46:39.437Z,2.8095,2.8199,100,100,36.9
2026-04-21 13:46:40.721Z,2.8092,2.8206,124,100,40.5
2026-04-21 13:46:41.272Z,2.8115,2.8203,100,100,31.3
2026-04-21 13:46:42.231Z,2.8100,2.8210,100,100,39.1
2026-04-21 13:46:43.552Z,2.8110,2.8194,100,100,29.8
2026-04-21 13:46:44.292Z,2.8094,2.8214,100,100,42.6
2026-04-21 13:46:45.458Z,2.8116,2.8214,100,100,34.8
2026-04-21 13:46:46.639Z,2.8115,2.8219,100,100,36.9
2026-04-21 13:46:47.550Z,2.8116,2.8212,100,100,34.1
2026-04-21 13:46:48.496Z,2.8109,2.8197,100,100,31.3
2026-04-21 13:46:49.128Z,2.8109,2.8215,100,100,37.6
2026-04-21 13:46:50.780Z,2.8107,2.8213,100,100,37.6
2026-04-21 13:46:51.779Z,2.8107,2.8219,100,100,39.8
2026-04-21 13:46:52.449Z,2.8105,2.8197,100,100,32.7
2026-04-21 13:46:53.337Z,2.8105,2.8199,100,100,33.4
2026-04-21 13:46:54.421Z,2.8096,2.8218,100,100,43.3
2026-04-21 13:46:55.318Z,2.8106,2.8208,100,100,36.2
2026-04-21 13:46:56.019Z,2.8112,2.8200,100,100,31.3
2026-04-21 13:46:57.615Z,2.8106,2.8194,100,100,31.3
2026-04-21 13:46:58.186Z,2.8097,2.8193,100,100,34.1
2026-04-21 13:46:59.511Z,2.8106,2.8194,100,100,31.3
2026-04-21 13:47:00.463Z,2.8110,2.8190,100,100,28.4
2026-04-21 13:47:01.454Z,2.8107,2.8195,171,100,31.3
2026-04-21 13:47:02.533Z,2.8114,2.8200,150,100,30.5
2026-04-21 13:47:03.460Z,2.8105,2.8193,100,173,31.3
2026-04-21 13:47:04.277Z,2.8104,2.8204,100,100,35.5
2026-04-21 13:47:05.334Z,2.8103,2.8203,100,100,35.5
2026-04-21 13:47:06.143Z,2.8090,2.8210,100,100,42.6
2026-04-21 13:47:07.488Z,2.8114,2.8200,131,100,30.5
2026-04-21 13:47:08.237Z,2.8111,2.8197,100,109,30.5
2026-04-21 13:47:09.603Z,2.8092,2.8208,100,100,41.2
2026-04-21 13:47:10.324Z,2.8104,2.8208,107,100,36.9
2026-04-21 13:47:11.449Z,2.8105,2.8199,175,320,33.4
2026-04-21 13:47:12.666Z,2.8100,2.8198,109,150,34.8
2026-04-21 13:47:13.766Z,2.8101,2.8211,277,213,39.1
2026-04-21 13:47:14.136Z,2.8112,2.8194,100,100,29.1
2026-04-21 13:47:15.165Z,2.8099,2.8211,100,100,39.8
2026-04-21 13:47:16.794Z,2.8103,2.8209,103,100,37.6
2026-04-21 13:47:17.634Z,2.8099,2.8203,110,177,36.9
2026-04-21 13:47:18.739Z,2.8098,2.8210,207,100,39.8
2026-04-21 13:47:19.801Z,2.8083,2.8205,100,119,43.3
2026-04-21 13:47:20.710Z,2.8099,2.8195,100,100,34.1
2026-04-21 13:47:21.266Z,2.8102,2.8212,100,100,39.1
2026-04-21 13:47:22.169Z,2.8100,2.8202,100,139,36.2
2026-04-21 13:47:23.161Z,2.8103,2.8209,100,100,37.6
2026-04-21 13:47:24.850Z,2.8105,2.8217,115,100,39.8
2026-04-21 13:47:25.544Z,2.8114,2.8206,100,100,32.7
2026-04-21 13:47:26.436Z,2.8124,2.8216,101,100,32.7
2026-04-21 13:47:27.222Z,2.8130,2.8222,100,100,32.7
2026-04-21 13:47:28.494Z,2.8115,2.8225,100,100,39.0
2026-04-21 13:47:29.573Z,2.8123,2.8247,100,100,44.0
2026-04-21 13:47:30.321Z,2.8124,2.8240,100,100,41.2
2026-04-21 13:47:31.815Z,2.8123,2.8241,100,100,41.9
2026-04-21 13:47:32.303Z,2.8147,2.8235,111,100,31.2
2026-04-21 13:47:33.555Z,2.8147,2.8237,100,100,31.9
2026-04-21 13:47:34.512Z,2.8151,2.8249,100,100,34.8
2026-04-21 13:47:35.653Z,2.8150,2.8240,100,158,31.9
2026-04-21 13:47:36.638Z,2.8157,2.8247,100,100,31.9
2026-04-21 13:47:37.708Z,2.8160,2.8242,177,193,29.1
2026-04-21 13:47:38.109Z,2.8145,2.8257,100,127,39.7
2026-04-21 13:47:39.486Z,2.8162,2.8244,267,225,29.1
2026-04-21 13:47:40.532Z,2.8156,2.8240,137,316,29.8
2026-04-21 13:47:41.621Z,2.8160,2.8244,100,100,29.8
2026-04-21 13:47:42.791Z,2.8133,2.8249,100,100,41.1
2026-04-21 13:47:43.312Z,2.8148,2.8252,101,100,36.9
2026-04-21 13:47:44.813Z,2.8143,2.8249,100,116,37.6
2026-04-21 13:47:45.731Z,2.8146,2.8246,100,128,35.5
2026-04-21 13:47:46.194Z,2.8142,2.8246,100,100,36.9
2026-04-21 13:47:47.576Z,2.8147,2.8251,133,104,36.9
2026-04-21 13:47:48.578Z,2.8152,2.8240,100,100,31.2
2026-04-21 13:47:49.514Z,2.8138,2.8256,116,100,41.8
2026-04-21 13:47:50.568Z,2.8139,2.8247,100,178,38.3
2026-04-21 13:47:51.644Z,2.8144,2.8236,100,152,32.6
2026-04-21 13:47:52.369Z,2.8154,2.8246,100,100,32.6
2026-04-21 13:47:53.369Z,2.8144,2.8246,100,131,36.2
2026-04-21 13:47:54.157Z,2.8136,2.8252,100,100,41.1
2026-04-21 13:47:55.573Z,2.8150,2.8258,126,119,38.3
2026-04-21 13:47:56.198Z,2.8153,2.8241,100,100,31.2
2026-04-21 13:47:57.497Z,2.8142,2.8262,100,100,42.6
2026-04-21 13:47:58.781Z,2.8144,2.8252,100,217,38.3
2026-04-21 13:47:59.032Z,2.8140,2.8260,100,100,42.6
2026-04-21 13:48:00.747Z,2.8095,2.8215,182,161,42.6
2026-04-21 13:48:01.157Z,2.8107,2.8211,114,100,36.9
2026-04-21 13:48:02.805Z,2.8095,2.8209,100,133,40.5
2026-04-21 13:48:03.576Z,2.8103,2.8215,100,100,39.8
2026-04-21 13:48:04.089Z,2.8118,2.8204,135,100,30.5
2026-04-21 13:48:05.573Z,2.8101,2.8199,100,200,34.8
2026-04-21 13:48:06.883Z,2.8107,2.8211,128,100,36.9
2026-04-21 13:48:07.752Z,2.8087,2.8211,100,100,44.1
2026-04-21 13:48:08.318Z,2.8099,2.8217,168,103,41.9
2026-04-21 13:48:09.896Z,2.8104,2.8212,100,100,38.4
2026-04-21 13:48:10.269Z,2.8104,2.8212,100,100,38.4
2026-04-21 13:48:11.773Z,2.8113,2.8205,193,156,32.7
2026-04-21 13:48:12.337Z,2.8099,2.8201,166,246,36.2
2026-04-21 13:48:13.694Z,2.8113,2.8207,136,125,33.4
2026-04-21 13:48:14.103Z,2.8108,2.8196,100,100,31.3
2026-04-21 13:48:15.536Z,2.8105,2.8211,100,100,37.6
2026-04-21 13:48:16.471Z,2.8115,2.8203,145,100,31.3
2026-04-21 13:48:17.892Z,2.8105,2.8209,100,199,36.9
2026-04-21 13:48:18.262Z,2.8114,2.8196,100,325,29.1
2026-04-21 13:48:19.776Z,2.8100,2.8222,163,100,43.3
2026-04-21 13:48:20.368Z,2.8106,2.8206,100,116,35.5
2026-04-21 13:48:21.530Z,2.8084,2.8208,100,100,44.1
2026-04-21 13:48:22.074Z,2.8103,2.8191,100,100,31.3
2026-04-21 13:48:23.502Z,2.8105,2.8197,100,100,32.7
2026-04-21 13:48:24.382Z,2.8073,2.8199,100,100,44.8
2026-04-21 13:48:25.777Z,2.8095,2.8183,100,100,31.3
2026-04-21 13:48:26.127Z,2.8078,2.8194,100,100,41.2
2026-04-21 13:48:27.108Z,2.8081,2.8179,100,116,34.8
2026-04-21 13:48:28.688Z,2.8070,2.8186,100,100,41.2
2026-04-21 13:48:29.010Z,2.8074,2.8176,100,100,36.3
2026-04-21 13:48:30.266Z,2.8070,2.8172,100,100,36.3
2026-04-21 13:48:31.672Z,2.8063,2.8161,100,100,34.9
2026-04-21 13:48:32.373Z,2.8073,2.8155,100,100,29.2
2026-04-21 13:48:33.776Z,2.8061,2.8159,100,100,34.9
2026-04-21 13:48:34.551Z,2.8047,2.8151,100,100,37.0
2026-04-21 13:48:35.461Z,2.8058,2.8140,100,100,29.2
2026-04-21 13:48:36.013Z,2.8063,2.8151,100,100,31.3
2026-04-21 13:48:37.822Z,2.8049,2.8157,173,181,38.4
2026-04-21 13:48:38.829Z,2.8037,2.8153,100,318,41.3
2026-04-21 13:48:39.711Z,2.8043,2.8165,239,144,43.4
2026-04-21 13:48:40.686Z,2.8054,2.8138,121,249,29.9
2026-04-21 13:48:41.214Z,2.8044,2.8150,100,100,37.7
2026-04-21 13:48:42.017Z,2.8056,2.8160,100,100,37.0
2026-04-21 13:48:43.295Z,2.8047,2.8153,100,171,37.7
2026-04-21 13:48:44.291Z,2.8043,2.8161,100,100,42.0
2026-04-21 13:48:45.475Z,2.8063,2.8157,100,100,33.4
2026-04-21 13:48:46.383Z,2.8062,2.8150,100,180,31.3
2026-04-21 13:48:47.575Z,2.8057,2.8161,114,100,37.0
2026-04-21 13:48:48.198Z,2.8041,2.8165,100,117,44.1
2026-04-21 13:48:49.756Z,2.8054,2.8158,100,100,37.0
2026-04-21 13:48:50.724Z,2.8059,2.8153,100,104,33.4
2026-04-21 13:48:51.467Z,2.8041,2.8159,100,100,42.0
2026-04-21 13:48:52.220Z,2.8057,2.8153,107,100,34.2
2026-04-21 13:48:53.325Z,2.8056,2.8142,100,100,30.6
2026-04-21 13:48:54.720Z,2.8049,2.8143,100,114,33.5
2026-04-21 13:48:55.017Z,2.8051,2.8159,100,100,38.4
2026-04-21 13:48:56.238Z,2.8055,2.8157,100,100,36.3
2026-04-21 13:48:57.465Z,2.8050,2.8164,100,100,40.6
2026-04-21 13:48:58.676Z,2.8052,2.8146,100,154,33.5
2026-04-21 13:48:59.101Z,2.8050,2.8150,100,100,35.6
2026-04-21 13:51:00.809Z,2.8105,2.8195,100,100,32.0
2026-04-21 13:51:01.264Z,2.8095,2.8199,100,100,36.9
2026-04-21 13:51:02.750Z,2.8090,2.8202,100,100,39.8
2026-04-21 13:51:03.081Z,2.8096,2.8194,100,100,34.8
2026-04-21 13:51:04.304Z,2.8096,2.8212,100,100,41.2
2026-04-21 13:51:05.865Z,2.8090,2.8206,100,100,41.2
2026-04-21 13:51:06.114Z,2.8102,2.8210,100,100,38.4
2026-04-21 13:51:07.666Z,2.8095,2.8205,100,100,39.1
2026-04-21 13:51:08.454Z,2.8103,2.8203,100,100,35.5
2026-04-21 13:51:09.467Z,2.8097,2.8193,100,100,34.1
2026-04-21 13:51:10.222Z,2.8103,2.8207,100,100,36.9
2026-04-21 13:51:11.725Z,2.8105,2.8197,100,100,32.7
2026-04-21 13:51:12.893Z,2.8094,2.8212,100,100,41.9
2026-04-21 13:51:13.193Z,2.8098,2.8206,100,100,38.4
2026-04-21 13:51:14.253Z,2.8112,2.8196,100,100,29.8
2026-04-21 13:51:15.606Z,2.8102,2.8206,100,100,36.9
2026-04-21 13:51:16.701Z,2.8095,2.8193,100,100,34.8
2026-04-21 13:51:17.221Z,2.8098,2.8206,100,100,38.4
2026-04-21 13:51:18.785Z,2.8108,2.8200,100,100,32.7
2026-04-21 13:51:19.058Z,2.8089,2.8201,100,100,39.8
2026-04-21 13:51:20.024Z,2.8100,2.8216,100,100,41.2
2026-04-21 13:51:21.195Z,2.8109,2.8205,100,100,34.1
2026-04-21 13:51:22.729Z,2.8114,2.8200,100,100,30.5
2026-04-21 13:51:23.211Z,2.8096,2.8208,100,100,39.8
2026-04-21 13:51:24.775Z,2.8107,2.8205,100,100,34.8
2026-04-21 13:51:25.831Z,2.8116,2.8208,100,100,32.7
2026-04-21 13:51:26.156Z,2.8107,2.8213,100,100,37.6
2026-04-21 13:51:27.506Z,2.8122,2.8222,100,100,35.5
2026-04-21 13:51:28.345Z,2.8106,2.8228,100,100,43.3
2026-04-21 13:51:29.151Z,2.8117,2.8229,100,100,39.8
2026-04-21 13:51:30.706Z,2.8118,2.8222,100,100,36.9
2026-04-21 13:51:31.802Z,2.8133,2.8221,100,100,31.2
2026-04-21 13:51:32.753Z,2.8126,2.8240,100,100,40.4
2026-04-21 13:51:33.262Z,2.8126,2.8228,100,100,36.2
2026-04-21 13:51:34.338Z,2.8138,2.8234,100,100,34.1
2026-04-21 13:51:35.477Z,2.8144,2.8228,100,100,29.8
2026-04-21 13:51:36.295Z,2.8127,2.8237,100,100,39.0
2026-04-21 13:51:37.595Z,2.8135,2.8237,100,100,36.2
2026-04-21 13:51:38.010Z,2.8136,2.8246,100,100,39.0
2026-04-21 13:51:39.701Z,2.8150,2.8238,100,100,31.2
2026-04-21 13:51:40.740Z,2.8134,2.8254,100,100,42.6
2026-04-21 13:51:41.119Z,2.8142,2.8232,100,100,31.9
2026-04-21 13:51:42.263Z,2.8132,2.8240,100,100,38.3
2026-04-21 13:51:43.170Z,2.8136,2.8246,100,100,39.0
2026-04-21 13:51:44.130Z,2.8119,2.8239,100,100,42.6
2026-04-21 13:51:45.207Z,2.8131,2.8249,100,100,41.9
2026-04-21 13:51:46.522Z,2.8136,2.8226,100,100,31.9
2026-04-21 13:51:47.041Z,2.8141,2.8221,100,100,28.4
2026-04-21 13:51:48.228Z,2.8143,2.8239,100,100,34.1
2026-04-21 13:51:49.412Z,2.8128,2.8234,100,100,37.6
2026-04-21 13:51:50.065Z,2.8128,2.8246,100,100,41.9
2026-04-21 13:51:51.405Z,2.8147,2.8233,100,100,30.5
2026-04-21 13:51:52.890Z,2.8140,2.8226,100,100,30.5
2026-04-21 13:51:53.374Z,2.8136,2.8224,100,100,31.2
2026-04-21 13:51:54.777Z,2.8133,2.8231,100,100,34.8
2026-04-21 13:51:55.280Z,2.8147,2.8241,100,100,33.3
2026-04-21 13:51:56.234Z,2.8144,2.8236,100,100,32.6
2026-04-21 13:51:57.623Z,2.8142,2.8236,100,100,33.3
2026-04-21 13:51:58.880Z,2.8140,2.8238,100,100,34.8
2026-04-21 13:51:59.213Z,2.8130,2.8248,100,100,41.9
2026-04-21 13:52:00.885Z,2.8150,2.8250,100,100,35.5
2026-04-21 13:52:01.055Z,2.8151,2.8261,100,100,39.0
2026-04-21 13:52:02.277Z,2.8165,2.8247,100,100,29.1
2026-04-21 13:52:03.487Z,2.8141,2.8245,100,100,36.9
2026-04-21 13:52:04.834Z,2.8144,2.8264,100,100,42.5
2026-04-21 13:52:05.805Z,2.8143,2.8247,100,100,36.9
2026-04-21 13:52:06.591Z,2.8142,2.8256,100,100,40.4
2026-04-21 13:52:07.615Z,2.8140,2.8248,100,100,38.3
2026-04-21 13:52:08.021Z,2.8148,2.8246,100,100,34.8
2026-04-21 13:52:09.772Z,2.8145,2.8245,100,100,35.5
2026-04-21 13:52:10.809Z,2.8143,2.8255,100,100,39.7
2026-04-21 13:52:11.836Z,2.8156,2.8242,100,107,30.5
2026-04-21 13:52:12.353Z,2.8150,2.8238,100,100,31.2
2026-04-21 13:52:13.729Z,2.8156,2.8256,161,107,35.5
2026-04-21 13:52:14.667Z,2.8152,2.8242,100,100,31.9
2026-04-21 13:52:15.324Z,2.8153,2.8237,100,100,29.8
2026-04-21 13:52:16.341Z,2.8139,2.8255,100,100,41.1
2026-04-21 13:52:17.684Z,2.8144,2.8266,108,100,43.3
2026-04-21 13:52:18.847Z,2.8143,2.8245,100,100,36.2
2026-04-21 13:52:19.629Z,2.8156,2.8252,100,100,34.0
2026-04-21 13:52:20.535Z,2.8163,2.8247,100,100,29.8
2026-04-21 13:52:21.892Z,2.8151,2.8251,100,100,35.5
2026-04-21 13:52:22.216Z,2.8151,2.8251,100,100,35.5
2026-04-21 13:52:23.801Z,2.8157,2.8249,100,100,32.6
2026-04-21 13:52:24.390Z,2.8141,2.8255,100,100,40.4
2026-04-21 13:52:25.239Z,2.8153,2.8239,100,100,30.5
2026-04-21 13:52:26.629Z,2.8148,2.8260,100,100,39.7
2026-04-21 13:52:27.053Z,2.8151,2.8243,100,100,32.6
2026-04-21 13:52:28.848Z,2.8143,2.8247,100,100,36.9
2026-04-21 13:52:29.628Z,2.8145,2.8247,100,100,36.2
2026-04-21 13:52:30.756Z,2.8157,2.8249,100,100,32.6
2026-04-21 13:52:31.714Z,2.8158,2.8254,100,100,34.0
2026-04-21 13:52:32.556Z,2.8154,2.8248,100,100,33.3
2026-04-21 13:52:33.483Z,2.8155,2.8255,100,100,35.5
2026-04-21 13:52:34.357Z,2.8166,2.8248,100,100,29.1
2026-04-21 13:52:35.340Z,2.8140,2.8246,100,100,37.6
2026-04-21 13:52:36.763Z,2.8155,2.8251,100,100,34.0
2026-04-21 13:52:37.361Z,2.8152,2.8252,100,111,35.5
2026-04-21 13:52:38.600Z,2.8148,2.8246,100,129,34.8
2026-04-21 13:52:39.832Z,2.8146,2.8268,126,100,43.3
2026-04-21 13:52:40.156Z,2.8147,2.8247,100,100,35.5
2026-04-21 13:52:41.148Z,2.8138,2.8250,100,100,39.7
2026-04-21 13:52:42.430Z,2.8140,2.8250,100,100,39.0
2026-04-21 13:52:43.741Z,2.8158,2.8256,100,100,34.7
2026-04-21 13:52:44.298Z,2.8138,2.8252,100,100,40.4
2026-04-21 13:52:45.606Z,2.8149,2.8245,100,100,34.0
2026-04-21 13:52:46.740Z,2.8146,2.8248,100,100,36.2
2026-04-21 13:52:47.643Z,2.8150,2.8248,100,100,34.8
2026-04-21 13:52:48.268Z,2.8147,2.8249,100,100,36.2
2026-04-21 13:52:49.759Z,2.8157,2.8241,100,100,29.8
2026-04-21 13:52:50.259Z,2.8152,2.8246,100,100,33.3
2026-04-21 13:52:51.457Z,2.8145,2.8261,100,100,41.1
2026-04-21 13:52:52.887Z,2.8164,2.8250,100,100,30.5
2026-04-21 13:52:53.745Z,2.8133,2.8255,100,100,43.3
2026-04-21 13:52:54.842Z,2.8137,2.8253,100,100,41.1
2026-04-21 13:52:55.450Z,2.8142,2.8244,100,100,36.2
2026-04-21 13:52:56.356Z,2.8158,2.8252,100,100,33.3
2026-04-21 13:52:57.309Z,2.8153,2.8253,100,100,35.5
2026-04-21 13:52:58.662Z,2.8157,2.8247,100,100,31.9
2026-04-21 13:52:59.399Z,2.8148,2.8252,100,100,36.9
2026-04-21 13:53:00.164Z,2.8144,2.8256,100,100,39.7
2026-04-21 13:53:01.320Z,2.8157,2.8251,100,100,33.3
2026-04-21 13:53:02.135Z,2.8162,2.8244,100,100,29.1
2026-04-21 13:53:03.885Z,2.8138,2.8260,100,100,43.3
2026-04-21 13:53:04.360Z,2.8151,2.8253,100,100,36.2
2026-04-21 13:53:05.707Z,2.8143,2.8261,100,100,41.8
2026-04-21 13:53:06.026Z,2.8158,2.8242,100,100,29.8
2026-04-21 13:53:07.281Z,2.8154,2.8244,100,100,31.9
2026-04-21 13:53:08.503Z,2.8146,2.8260,100,100,40.4
2026-04-21 13:53:09.233Z,2.8162,2.8252,100,100,31.9
2026-04-21 13:53:10.708Z,2.8149,2.8259,100,100,39.0
2026-04-21 13:53:11.393Z,2.8149,2.8255,100,100,37.6
2026-04-21 13:53:12.295Z,2.8143,2.8263,100,100,42.5
2026-04-21 13:53:13.826Z,2.8146,2.8244,100,100,34.8
2026-04-21 13:53:14.639Z,2.8152,2.8244,100,100,32.6
2026-04-21 13:53:15.719Z,2.8140,2.8250,100,100,39.0
2026-04-21 13:53:16.885Z,2.8158,2.8246,100,100,31.2
2026-04-21 13:53:17.432Z,2.8152,2.8244,100,100,32.6
2026-04-21 13:53:18.097Z,2.8149,2.8261,100,100,39.7
2026-04-21 13:53:19.061Z,2.8146,2.8258,100,100,39.7
2026-04-21 13:53:20.833Z,2.8158,2.8258,100,100,35.5
2026-04-21 13:53:21.295Z,2.8149,2.8261,100,100,39.7
2026-04-21 13:53:22.027Z,2.8152,2.8252,100,100,35.5
2026-04-21 13:53:23.629Z,2.8151,2.8253,100,100,36.2
2026-04-21 13:53:24.214Z,2.8162,2.8266,100,100,36.9
2026-04-21 13:53:25.314Z,2.8177,2.8263,100,100,30.5
2026-04-21 13:53:26.716Z,2.8168,2.8270,100,100,36.1
2026-04-21 13:53:27.855Z,2.8171,2.8271,100,100,35.4
2026-04-21 13:53:28.269Z,2.8166,2.8276,100,100,39.0
2026-04-21 13:53:29.011Z,2.8181,2.8289,100,100,38.3
2026-04-21 13:53:30.304Z,2.8178,2.8280,100,100,36.1
2026-04-21 13:53:31.283Z,2.8171,2.8291,100,100,42.5
2026-04-21 13:53:32.175Z,2.8184,2.8306,100,100,43.2
2026-04-21 13:53:33.704Z,2.8180,2.8302,100,100,43.2
2026-04-21 13:53:34.832Z,2.8191,2.8295,100,100,36.8
2026-04-21 13:53:35.712Z,2.8194,2.8306,100,100,39.6
2026-04-21 13:53:36.498Z,2.8185,2.8303,100,100,41.8
2026-04-21 13:53:37.652Z,2.8205,2.8297,100,100,32.6
2026-04-21 13:53:38.893Z,2.8207,2.8299,100,100,32.6
2026-04-21 13:53:39.740Z,2.8203,2.8287,100,100,29.7
2026-04-21 13:53:40.546Z,2.8189,2.8309,100,100,42.5
2026-04-21 13:53:41.330Z,2.8199,2.8303,100,100,36.8
2026-04-21 13:53:42.529Z,2.8191,2.8301,100,100,38.9
2026-04-21 13:53:43.222Z,2.8199,2.8297,100,100,34.7
2026-04-21 13:53:44.569Z,2.8207,2.8287,100,100,28.3
2026-04-21 13:53:45.821Z,2.8187,2.8303,100,100,41.1
2026-04-21 13:53:46.423Z,2.8187,2.8301,100,100,40.4
2026-04-21 13:53:47.741Z,2.8199,2.8283,100,100,29.7
2026-04-21 13:53:48.528Z,2.8195,2.8293,100,100,34.7
2026-04-21 13:53:49.818Z,2.8200,2.8294,100,100,33.3
2026-04-21 13:53:50.598Z,2.8202,2.8300,100,100,34.7
2026-04-21 13:53:51.210Z,2.8196,2.8306,100,100,38.9
2026-04-21 13:53:52.003Z,2.8202,2.8306,100,100,36.8
2026-04-21 13:53:53.590Z,2.8195,2.8295,100,100,35.4
2026-04-21 13:53:54.645Z,2.8208,2.8296,100,100,31.1
2026-04-21 13:53:55.773Z,2.8204,2.8300,100,100,34.0
2026-04-21 13:53:56.778Z,2.8206,2.8290,100,100,29.7
2026-04-21 13:53:57.029Z,2.8200,2.8300,100,100,35.4
2026-04-21 13:53:58.832Z,2.8192,2.8298,100,100,37.5
2026-04-21 13:53:59.288Z,2.8205,2.8295,100,100,31.9
2026-04-21 13:54:00.845Z,2.8156,2.8244,100,100,31.2
2026-04-21 13:54:01.413Z,2.8152,2.8256,100,100,36.9
2026-04-21 13:54:02.896Z,2.8149,2.8251,100,100,36.2
2026-04-21 13:54:03.223Z,2.8149,2.8251,100,100,36.2
2026-04-21 13:54:04.562Z,2.8143,2.8263,100,100,42.5
2026-04-21 13:54:05.591Z,2.8153,2.8253,100,100,35.5
2026-04-21 13:54:06.488Z,2.8150,2.8242,100,100,32.6
2026-04-21 13:54:07.466Z,2.8150,2.8256,100,100,37.6
2026-04-21 13:54:08.598Z,2.8146,2.8242,100,100,34.0
2026-04-21 13:54:09.368Z,2.8145,2.8261,100,100,41.1
2026-04-21 13:54:10.487Z,2.8131,2.8255,100,100,44.0
2026-04-21 13:54:11.456Z,2.8162,2.8246,107,100,29.8
2026-04-21 13:54:12.348Z,2.8163,2.8243,100,108,28.4
2026-04-21 13:54:13.640Z,2.8136,2.8256,100,100,42.6
2026-04-21 13:54:14.852Z,2.8143,2.8251,100,100,38.3
2026-04-21 13:54:15.730Z,2.8140,2.8258,100,100,41.8
2026-04-21 13:54:16.819Z,2.8145,2.8255,100,100,39.0
2026-04-21 13:54:17.435Z,2.8143,2.8251,100,100,38.3
2026-04-21 13:54:18.485Z,2.8145,2.8255,100,100,39.0
2026-04-21 13:54:19.303Z,2.8137,2.8255,100,100,41.8
2026-04-21 13:54:20.309Z,2.8149,2.8241,100,100,32.6
2026-04-21 13:54:21.856Z,2.8138,2.8244,100,100,37.6
2026-04-21 13:54:22.773Z,2.8141,2.8257,100,100,41.1
2026-04-21 13:54:23.441Z,2.8156,2.8238,100,100,29.1
2026-04-21 13:54:24.126Z,2.8139,2.8237,100,100,34.8
2026-04-21 13:54:25.591Z,2.8140,2.8244,100,100,36.9
2026-04-21 13:54:26.422Z,2.8128,2.8246,100,100,41.9
2026-04-21 13:54:27.006Z,2.8126,2.8232,100,100,37.6
2026-04-21 13:54:28.200Z,2.8116,2.8228,100,100,39.8
2026-04-21 13:54:29.131Z,2.8121,2.8231,100,100,39.0
2026-04-21 13:54:30.442Z,2.8121,2.8207,100,100,30.5
2026-04-21 13:54:31.032Z,2.8111,2.8213,100,100,36.2
2026-04-21 13:54:32.531Z,2.8107,2.8221,100,100,40.5
2026-04-21 13:54:33.116Z,2.8104,2.8222,100,100,41.9
2026-04-21 13:54:34.770Z,2.8103,2.8203,100,100,35.5
2026-04-21 13:54:35.638Z,2.8109,2.8193,100,100,29.8
2026-04-21 13:54:36.068Z,2.8100,2.8192,100,100,32.7
2026-04-21 13:54:37.400Z,2.8107,2.8193,100,100,30.6
2026-04-21 13:54:38.151Z,2.8090,2.8208,100,113,41.9
2026-04-21 13:54:39.601Z,2.8095,2.8195,100,100,35.5
2026-04-21 13:54:40.209Z,2.8106,2.8206,100,100,35.5
2026-04-21 13:54:41.337Z,2.8106,2.8196,100,100,32.0
2026-04-21 13:54:42.750Z,2.8097,2.8215,100,100,41.9
2026-04-21 13:54:43.330Z,2.8110,2.8194,100,100,29.8
2026-04-21 13:54:44.443Z,2.8100,2.8220,100,100,42.6
2026-04-21 13:54:45.839Z,2.8099,2.8203,100,100,36.9
2026-04-21 13:54:46.264Z,2.8101,2.8201,100,100,35.5
2026-04-21 13:54:47.638Z,2.8097,2.8217,100,100,42.6
2026-04-21 13:54:48.680Z,2.8104,2.8206,100,100,36.2
2026-04-21 13:54:49.475Z,2.8095,2.8205,100,100,39.1
2026-04-21 13:54:50.243Z,2.8101,2.8195,100,100,33.4
2026-04-21 13:54:51.137Z,2.8106,2.8200,100,100,33.4
2026-04-21 13:54:52.630Z,2.8097,2.8211,100,100,40.5
2026-04-21 13:54:53.569Z,2.8106,2.8204,100,100,34.8
2026-04-21 13:54:54.646Z,2.8090,2.8206,100,100,41.2
2026-04-21 13:54:55.235Z,2.8088,2.8202,100,100,40.5
2026-04-21 13:54:56.868Z,2.8104,2.8210,100,100,37.6
2026-04-21 13:54:57.172Z,2.8091,2.8201,100,100,39.1
2026-04-21 13:54:58.207Z,2.8103,2.8193,100,100,32.0
2026-04-21 13:54:59.135Z,2.8091,2.8209,100,100,41.9
2026-04-21 13:55:00.379Z,2.8107,2.8193,100,100,30.6
2026-04-21 13:55:01.492Z,2.8097,2.8207,100,100,39.1
2026-04-21 13:55:02.615Z,2.8085,2.8207,100,100,43.3
2026-04-21 13:55:03.755Z,2.8106,2.8198,100,100,32.7
2026-04-21 13:55:04.194Z,2.8115,2.8197,100,100,29.1
2026-04-21 13:55:05.377Z,2.8080,2.8208,100,100,45.5
2026-04-21 13:55:06.773Z,2.8102,2.8210,100,100,38.4
2026-04-21 13:55:07.773Z,2.8088,2.8204,100,100,41.2
2026-04-21 13:55:08.237Z,2.8109,2.8199,100,100,32.0
2026-04-21 13:55:09.029Z,2.8102,2.8210,100,100,38.4
2026-04-21 13:55:10.818Z,2.8105,2.8207,100,100,36.2
2026-04-21 13:55:11.240Z,2.8087,2.8211,100,100,44.1
2026-04-21 13:55:12.574Z,2.8112,2.8198,100,100,30.5
2026-04-21 13:55:13.853Z,2.8112,2.8194,100,100,29.1
2026-04-21 13:55:14.219Z,2.8101,2.8207,100,100,37.7
2026-04-21 13:55:15.725Z,2.8102,2.8190,100,100,31.3
2026-04-21 13:55:16.479Z,2.8099,2.8195,100,100,34.1
2026-04-21 13:55:17.887Z,2.8096,2.8200,100,100,36.9
2026-04-21 13:55:18.529Z,2.8089,2.8207,100,100,41.9
2026-04-21 13:55:19.827Z,2.8090,2.8204,100,100,40.5
2026-04-21 13:55:20.087Z,2.8104,2.8196,100,100,32.7
2026-04-21 13:55:21.415Z,2.8090,2.8204,100,100,40.5
2026-04-21 13:55:22.857Z,2.8112,2.8200,100,100,31.3
2026-04-21 13:55:23.656Z,2.8083,2.8205,100,100,43.3
2026-04-21 13:55:24.342Z,2.8089,2.8211,100,100,43.3
2026-04-21 13:55:25.039Z,2.8092,2.8200,100,100,38.4
2026-04-21 13:55:26.801Z,2.8085,2.8201,100,100,41.2
2026-04-21 13:55:27.328Z,2.8097,2.8201,100,100,36.9
2026-04-21 13:55:28.308Z,2.8112,2.8198,100,100,30.5
2026-04-21 13:55:29.409Z,2.8110,2.8202,100,100,32.7
2026-04-21 13:55:30.816Z,2.8096,2.8198,100,100,36.2
2026-04-21 13:55:31.511Z,2.8104,2.8208,100,100,36.9
2026-04-21 13:55:32.256Z,2.8110,2.8200,100,100,32.0
2026-04-21 13:55:33.739Z,2.8087,2.8205,100,100,41.9
2026-04-21 13:55:34.508Z,2.8108,2.8198,100,100,32.0
2026-04-21 13:55:35.298Z,2.8094,2.8204,100,100,39.1
2026-04-21 13:55:36.168Z,2.8099,2.8191,100,100,32.7
2026-04-21 13:55:37.456Z,2.8101,2.8211,100,100,39.1
2026-04-21 13:55:38.327Z,2.8106,2.8194,100,100,31.3
2026-04-21 13:55:39.431Z,2.8097,2.8199,100,100,36.2
2026-04-21 13:55:40.523Z,2.8102,2.8200,100,100,34.8
2026-04-21 13:55:41.549Z,2.8106,2.8208,100,100,36.2
2026-04-21 13:55:42.190Z,2.8111,2.8195,100,100,29.8
2026-04-21 13:55:43.035Z,2.8115,2.8199,100,100,29.8
2026-04-21 13:55:44.437Z,2.8102,2.8196,100,100,33.4
2026-04-21 13:55:45.279Z,2.8106,2.8206,100,100,35.5
2026-04-21 13:55:46.834Z,2.8109,2.8197,100,100,31.3
2026-04-21 13:55:47.531Z,2.8093,2.8211,100,100,41.9
2026-04-21 13:55:48.593Z,2.8103,2.8203,100,100,35.5
2026-04-21 13:55:49.494Z,2.8089,2.8197,100,100,38.4
2026-04-21 13:55:50.297Z,2.8101,2.8185,100,100,29.8
2026-04-21 13:55:51.626Z,2.8090,2.8216,100,100,44.8
2026-04-21 13:55:52.420Z,2.8112,2.8192,100,100,28.4
2026-04-21 13:55:53.570Z,2.8099,2.8209,100,100,39.1
2026-04-21 13:55:54.557Z,2.8111,2.8193,100,100,29.1
2026-04-21 13:55:55.096Z,2.8089,2.8209,100,100,42.6
2026-04-21 13:55:56.538Z,2.8096,2.8206,100,100,39.1
2026-04-21 13:55:57.067Z,2.8096,2.8212,100,100,41.2
2026-04-21 13:55:58.055Z,2.8104,2.8192,100,100,31.3
2026-04-21 13:55:59.766Z,2.8105,2.8195,100,100,32.0
2026-04-21 13:59:00.798Z,2.8144,2.8246,100,100,36.2
2026-04-21 13:59:01.026Z,2.8147,2.8233,100,100,30.5
2026-04-21 13:59:02.598Z,2.8143,2.8237,100,100,33.3
2026-04-21 13:59:03.159Z,2.8149,2.8231,100,100,29.1
2026-04-21 13:59:04.273Z,2.8141,2.8253,100,100,39.7
2026-04-21 13:59:05.865Z,2.8154,2.8236,100,100,29.1
2026-04-21 13:59:06.518Z,2.8151,2.8251,100,100,35.5
2026-04-21 13:59:07.471Z,2.8157,2.8239,100,100,29.1
2026-04-21 13:59:08.694Z,2.8144,2.8232,100,100,31.2
2026-04-21 13:59:09.575Z,2.8145,2.8235,100,100,31.9
2026-04-21 13:59:10.025Z,2.8136,2.8260,100,100,44.0
2026-04-21 13:59:11.466Z,2.8148,2.8242,100,100,33.3
2026-04-21 13:59:12.051Z,2.8140,2.8238,100,100,34.8
2026-04-21 13:59:13.360Z,2.8139,2.8251,100,100,39.7
2026-04-21 13:59:14.819Z,2.8147,2.8245,100,100,34.8
2026-04-21 13:59:15.570Z,2.8149,2.8243,100,100,33.3
2026-04-21 13:59:16.272Z,2.8132,2.8244,100,100,39.7
2026-04-21 13:59:17.056Z,2.8152,2.8244,100,100,32.6
2026-04-21 13:59:18.866Z,2.8143,2.8239,100,100,34.1
2026-04-21 13:59:19.176Z,2.8145,2.8237,100,100,32.6
2026-04-21 13:59:20.226Z,2.8142,2.8256,100,100,40.4
2026-04-21 13:59:21.634Z,2.8132,2.8252,100,100,42.6
2026-04-21 13:59:22.870Z,2.8151,2.8239,100,100,31.2
2026-04-21 13:59:23.689Z,2.8150,2.8236,100,100,30.5
2026-04-21 13:59:24.110Z,2.8138,2.8242,100,100,36.9
2026-04-21 13:59:25.550Z,2.8123,2.8229,100,100,37.6
2026-04-21 13:59:26.369Z,2.8121,2.8233,100,100,39.7
2026-04-21 13:59:27.553Z,2.8117,2.8233,100,100,41.2
2026-04-21 13:59:28.519Z,2.8113,2.8229,100,100,41.2
2026-04-21 13:59:29.116Z,2.8117,2.8209,100,100,32.7
2026-04-21 13:59:30.466Z,2.8121,2.8221,100,100,35.5
2026-04-21 13:59:31.891Z,2.8094,2.8218,100,100,44.0
2026-04-21 13:59:32.763Z,2.8116,2.8196,100,100,28.4
2026-04-21 13:59:33.899Z,2.8102,2.8208,100,100,37.6
2026-04-21 13:59:34.151Z,2.8092,2.8212,100,100,42.6
2026-04-21 13:59:35.062Z,2.8111,2.8193,100,100,29.1
2026-04-21 13:59:36.660Z,2.8114,2.8198,100,100,29.8
2026-04-21 13:59:37.216Z,2.8096,2.8204,100,100,38.4
2026-04-21 13:59:38.440Z,2.8095,2.8191,100,100,34.1
2026-04-21 13:59:39.809Z,2.8092,2.8198,100,100,37.7
2026-04-21 13:59:40.317Z,2.8106,2.8204,100,100,34.8
2026-04-21 13:59:41.828Z,2.8111,2.8205,100,100,33.4
2026-04-21 13:59:42.538Z,2.8103,2.8209,100,100,37.6
2026-04-21 13:59:43.521Z,2.8113,2.8197,100,100,29.8
2026-04-21 13:59:44.187Z,2.8098,2.8206,100,100,38.4
2026-04-21 13:59:45.856Z,2.8116,2.8200,100,100,29.8
2026-04-21 13:59:46.350Z,2.8108,2.8214,100,100,37.6
2026-04-21 13:59:47.407Z,2.8094,2.8202,100,100,38.4
2026-04-21 13:59:48.781Z,2.8103,2.8199,100,100,34.1
2026-04-21 13:59:49.380Z,2.8108,2.8196,100,100,31.3
2026-04-21 13:59:50.328Z,2.8103,2.8203,100,100,35.5
2026-04-21 13:59:51.311Z,2.8105,2.8189,100,100,29.8
2026-04-21 13:59:52.855Z,2.8108,2.8196,100,100,31.3
2026-04-21 13:59:53.344Z,2.8103,2.8187,100,100,29.8
2026-04-21 13:59:54.171Z,2.8102,2.8206,100,100,36.9
2026-04-21 13:59:55.722Z,2.8104,2.8202,100,100,34.8
2026-04-21 13:59:56.447Z,2.8109,2.8191,100,100,29.1
2026-04-21 13:59:57.764Z,2.8088,2.8204,100,100,41.2
2026-04-21 13:59:58.559Z,2.8100,2.8208,100,100,38.4
2026-04-21 13:59:59.565Z,2.8098,2.8202,100,100,36.9
2026-04-21 14:03:00.790Z,2.8107,2.8193,100,100,30.6
2026-04-21 14:03:01.244Z,2.8094,2.8216,100,100,43.3
2026-04-21 14:03:02.043Z,2.8104,2.8196,100,100,32.7
2026-04-21 14:03:03.321Z,2.8097,2.8191,100,100,33.4
2026-04-21 14:03:04.776Z,2.8105,2.8205,100,100,35.5
2026-04-21 14:03:05.216Z,2.8100,2.8212,100,100,39.8
2026-04-21 14:03:06.888Z,2.8113,2.8199,100,100,30.5
2026-04-21 14:03:07.344Z,2.8095,2.8205,100,100,39.1
2026-04-21 14:03:08.053Z,2.8085,2.8205,100,100,42.6
2026-04-21 14:03:09.557Z,2.8107,2.8207,100,100,35.5
2026-04-21 14:03:10.766Z,2.8114,2.8200,100,100,30.5
2026-04-21 14:03:11.743Z,2.8088,2.8202,100,100,40.5
2026-04-21 14:03:12.809Z,2.8099,2.8213,100,100,40.5
2026-04-21 14:03:13.736Z,2.8098,2.8208,100,100,39.1
2026-04-21 14:03:14.469Z,2.8097,2.8193,100,100,34.1
2026-04-21 14:03:15.625Z,2.8106,2.8206,100,100,35.5
2026-04-21 14:03:16.378Z,2.8092,2.8204,100,100,39.8
2026-04-21 14:03:17.414Z,2.8097,2.8213,100,100,41.2
2026-04-21 14:03:18.419Z,2.8109,2.8199,100,100,32.0
2026-04-21 14:03:19.210Z,2.8102,2.8194,100,100,32.7
2026-04-21 14:03:20.369Z,2.8108,2.8188,100,100,28.4
2026-04-21 14:03:21.738Z,2.8098,2.8202,100,100,36.9
2026-04-21 14:03:22.491Z,2.8113,2.8195,100,100,29.1
2026-04-21 14:03:23.095Z,2.8083,2.8205,100,100,43.3
2026-04-21 14:03:24.450Z,2.8102,2.8202,100,100,35.5
2026-04-21 14:03:25.742Z,2.8103,2.8195,100,100,32.7
2026-04-21 14:03:26.553Z,2.8096,2.8206,100,100,39.1
2026-04-21 14:03:27.407Z,2.8091,2.8195,100,100,37.0
2026-04-21 14:03:28.069Z,2.8111,2.8197,100,100,30.5
2026-04-21 14:03:29.074Z,2.8082,2.8208,100,100,44.8
2026-04-21 14:03:30.654Z,2.8100,2.8198,100,100,34.8
2026-04-21 14:03:31.148Z,2.8085,2.8203,100,100,41.9
2026-04-21 14:03:32.322Z,2.8103,2.8209,100,100,37.6
2026-04-21 14:03:33.509Z,2.8089,2.8205,100,100,41.2
2026-04-21 14:03:34.132Z,2.8097,2.8217,100,100,42.6
2026-04-21 14:03:35.198Z,2.8087,2.8201,100,100,40.5
2026-04-21 14:03:36.829Z,2.8108,2.8202,100,100,33.4
2026-04-21 14:03:37.771Z,2.8099,2.8213,100,100,40.5
2026-04-21 14:03:38.850Z,2.8098,2.8202,100,100,36.9
2026-04-21 14:03:39.067Z,2.8098,2.8206,100,100,38.4
2026-04-21 14:03:40.560Z,2.8101,2.8201,100,100,35.5
2026-04-21 14:03:41.544Z,2.8102,2.8194,100,100,32.7
2026-04-21 14:03:42.662Z,2.8112,2.8202,100,100,32.0
2026-04-21 14:03:43.728Z,2.8102,2.8194,100,100,32.7
2026-04-21 14:03:44.248Z,2.8095,2.8197,100,100,36.2
2026-04-21 14:03:45.873Z,2.8102,2.8190,100,100,31.3
2026-04-21 14:03:46.186Z,2.8102,2.8206,100,100,36.9
2026-04-21 14:03:47.664Z,2.8104,2.8206,100,100,36.2
2026-04-21 14:03:48.271Z,2.8094,2.8206,100,100,39.8
2026-04-21 14:03:49.811Z,2.8108,2.8192,100,100,29.8
2026-04-21 14:03:50.796Z,2.8092,2.8208,100,100,41.2
2026-04-21 14:03:51.298Z,2.8107,2.8195,100,100,31.3
2026-04-21 14:03:52.734Z,2.8100,2.8208,100,100,38.4
2026-04-21 14:03:53.714Z,2.8096,2.8214,100,100,41.9
2026-04-21 14:03:54.558Z,2.8106,2.8190,100,100,29.8
2026-04-21 14:03:55.457Z,2.8104,2.8196,100,100,32.7
2026-04-21 14:03:56.186Z,2.8092,2.8196,100,100,37.0
2026-04-21 14:03:57.336Z,2.8088,2.8212,100,100,44.0
2026-04-21 14:03:58.177Z,2.8096,2.8206,100,100,39.1
2026-04-21 14:03:59.186Z,2.8097,2.8203,100,100,37.7
2026-04-21 14:04:00.672Z,2.8043,2.8157,100,100,40.6
2026-04-21 14:04:01.457Z,2.8052,2.8152,100,100,35.6
2026-04-21 14:04:02.153Z,2.8051,2.8157,100,100,37.7
2026-04-21 14:04:03.467Z,2.8043,2.8157,100,100,40.6
2026-04-21 14:04:04.395Z,2.8052,2.8158,100,100,37.7
2026-04-21 14:04:05.783Z,2.8045,2.8163,100,100,42.0
2026-04-21 14:04:06.225Z,2.8048,2.8158,100,100,39.1
2026-04-21 14:04:07.868Z,2.8048,2.8166,100,100,42.0
2026-04-21 14:04:08.686Z,2.8037,2.8161,100,100,44.1
2026-04-21 14:04:09.755Z,2.8050,2.8152,100,100,36.3
2026-04-21 14:04:10.336Z,2.8046,2.8156,100,100,39.1
2026-04-21 14:04:11.075Z,2.8054,2.8142,100,100,31.3
2026-04-21 14:04:12.508Z,2.8036,2.8150,100,100,40.6
2026-04-21 14:04:13.125Z,2.8043,2.8151,100,100,38.4
2026-04-21 14:04:14.403Z,2.8057,2.8147,100,100,32.0
2026-04-21 14:04:15.771Z,2.8049,2.8141,100,100,32.7
2026-04-21 14:04:16.332Z,2.8043,2.8163,100,100,42.7
2026-04-21 14:04:17.018Z,2.8064,2.8146,100,100,29.2
2026-04-21 14:04:18.158Z,2.8059,2.8143,100,100,29.9
2026-04-21 14:04:19.219Z,2.8063,2.8151,100,100,31.3
2026-04-21 14:04:20.291Z,2.8055,2.8141,100,100,30.6
2026-04-21 14:04:21.826Z,2.8053,2.8167,100,100,40.6
2026-04-21 14:04:22.276Z,2.8061,2.8165,100,100,37.0
2026-04-21 14:04:23.341Z,2.8045,2.8159,100,100,40.6
2026-04-21 14:04:24.136Z,2.8067,2.8159,100,100,32.7
2026-04-21 14:04:25.740Z,2.8068,2.8154,100,100,30.6
2026-04-21 14:04:26.651Z,2.8056,2.8170,100,100,40.6
2026-04-21 14:04:27.164Z,2.8070,2.8172,100,100,36.3
2026-04-21 14:04:28.808Z,2.8072,2.8186,100,100,40.5
2026-04-21 14:04:29.503Z,2.8080,2.8188,100,100,38.4
2026-04-21 14:04:30.255Z,2.8087,2.8191,100,100,37.0
2026-04-21 14:04:31.576Z,2.8086,2.8188,100,100,36.3
2026-04-21 14:04:32.809Z,2.8072,2.8192,100,100,42.7
2026-04-21 14:04:33.672Z,2.8095,2.8195,100,100,35.5
2026-04-21 14:04:34.600Z,2.8090,2.8202,100,100,39.8
2026-04-21 14:04:35.288Z,2.8086,2.8206,100,100,42.6
2026-04-21 14:04:36.438Z,2.8088,2.8204,100,100,41.2
2026-04-21 14:04:37.419Z,2.8090,2.8212,100,100,43.3
2026-04-21 14:04:38.415Z,2.8104,2.8194,100,100,32.0
2026-04-21 14:04:39.879Z,2.8101,2.8197,100,100,34.1
2026-04-21 14:04:40.696Z,2.8105,2.8201,100,100,34.1
2026-04-21 14:04:41.295Z,2.8106,2.8200,100,100,33.4
2026-04-21 14:04:42.479Z,2.8095,2.8205,100,100,39.1
2026-04-21 14:04:43.515Z,2.8097,2.8197,100,100,35.5
2026-04-21 14:04:44.160Z,2.8087,2.8203,100,100,41.2
2026-04-21 14:04:45.383Z,2.8094,2.8196,100,100,36.2
2026-04-21 14:04:46.844Z,2.8081,2.8193,100,100,39.8
2026-04-21 14:04:47.819Z,2.8080,2.8200,100,100,42.6
2026-04-21 14:04:48.522Z,2.8082,2.8188,100,100,37.7
2026-04-21 14:04:49.183Z,2.8069,2.8189,100,100,42.7
2026-04-21 14:04:50.200Z,2.8076,2.8174,100,100,34.8
2026-04-21 14:04:51.482Z,2.8073,2.8167,100,100,33.4
2026-04-21 14:04:52.444Z,2.8075,2.8159,100,100,29.9
2026-04-21 14:04:53.861Z,2.8057,2.8167,100,100,39.1
2026-04-21 14:04:54.513Z,2.8059,2.8157,100,100,34.9
2026-04-21 14:04:55.020Z,2.8056,2.8158,100,100,36.3
2026-04-21 14:04:56.054Z,2.8052,2.8160,100,100,38.4
2026-04-21 14:04:57.568Z,2.8062,2.8154,100,100,32.7
2026-04-21 14:04:58.400Z,2.8053,2.8153,100,100,35.6
2026-04-21 14:04:59.096Z,2.8040,2.8160,100,100,42.7
2026-04-21 14:05:00.285Z,2.8007,2.8093,100,100,30.7
2026-04-21 14:05:01.382Z,2.7985,2.8105,100,100,42.8
2026-04-21 14:05:02.251Z,2.7987,2.8107,115,100,42.8
2026-04-21 14:05:03.194Z,2.7997,2.8111,100,100,40.6
2026-04-21 14:05:04.484Z,2.8000,2.8104,100,101,37.1
2026-04-21 14:05:05.626Z,2.7989,2.8101,100,100,39.9
2026-04-21 14:05:06.891Z,2.8005,2.8105,130,100,35.6
2026-04-21 14:05:07.411Z,2.7997,2.8099,100,100,36.4
2026-04-21 14:05:08.459Z,2.8007,2.8097,118,100,32.1
2026-04-21 14:05:09.309Z,2.7993,2.8105,100,100,39.9
2026-04-21 14:05:10.874Z,2.7989,2.8105,100,100,41.4
2026-04-21 14:05:11.450Z,2.8001,2.8091,119,226,32.1
2026-04-21 14:05:12.042Z,2.7993,2.8113,209,104,42.8
2026-04-21 14:05:13.136Z,2.7998,2.8110,256,153,39.9
2026-04-21 14:05:14.022Z,2.7997,2.8099,100,100,36.4
2026-04-21 14:05:15.853Z,2.8008,2.8090,100,100,29.2
2026-04-21 14:05:16.432Z,2.8012,2.8094,131,100,29.2
2026-04-21 14:05:17.748Z,2.7997,2.8109,134,100,39.9
2026-04-21 14:05:18.732Z,2.8003,2.8101,109,111,34.9
2026-04-21 14:05:19.151Z,2.7985,2.8105,100,142,42.8
2026-04-21 14:05:20.419Z,2.7991,2.8107,100,100,41.4
2026-04-21 14:05:21.650Z,2.7995,2.8099,100,100,37.1
2026-04-21 14:05:22.052Z,2.8011,2.8101,100,100,32.1
2026-04-21 14:05:23.100Z,2.7996,2.8094,100,100,34.9
2026-04-21 14:05:24.089Z,2.8001,2.8097,100,100,34.2
2026-04-21 14:05:25.065Z,2.8007,2.8089,100,100,29.2
2026-04-21 14:05:26.580Z,2.7990,2.8100,100,100,39.2
2026-04-21 14:05:27.183Z,2.7994,2.8094,100,100,35.7
2026-04-21 14:05:28.170Z,2.7992,2.8106,100,100,40.6
2026-04-21 14:05:29.871Z,2.7994,2.8110,100,100,41.4
2026-04-21 14:05:30.852Z,2.8000,2.8090,100,100,32.1
2026-04-21 14:05:31.265Z,2.8006,2.8088,100,100,29.2
2026-04-21 14:05:32.011Z,2.7995,2.8111,100,100,41.4
2026-04-21 14:05:33.383Z,2.8008,2.8098,100,100,32.1
2026-04-21 14:05:34.316Z,2.8008,2.8100,100,100,32.8
2026-04-21 14:05:35.424Z,2.8008,2.8092,100,100,29.9
2026-04-21 14:05:36.783Z,2.7996,2.8116,100,100,42.8
2026-04-21 14:05:37.509Z,2.7992,2.8110,117,168,42.1
2026-04-21 14:05:38.792Z,2.7988,2.8098,100,239,39.2
2026-04-21 14:05:39.610Z,2.8005,2.8093,136,100,31.4
2026-04-21 14:05:40.672Z,2.8003,2.8099,140,100,34.2
2026-04-21 14:05:41.625Z,2.7993,2.8103,100,100,39.2
2026-04-21 14:05:42.884Z,2.7996,2.8100,100,100,37.1
2026-04-21 14:05:43.571Z,2.8011,2.8099,100,100,31.4
2026-04-21 14:05:44.461Z,2.7998,2.8094,100,100,34.2
2026-04-21 14:05:45.039Z,2.8005,2.8091,100,100,30.7
2026-04-21 14:05:46.730Z,2.8002,2.8102,153,100,35.6
2026-04-21 14:05:47.142Z,2.8010,2.8100,141,100,32.1
2026-04-21 14:05:48.623Z,2.7997,2.8115,100,100,42.1
2026-04-21 14:05:49.222Z,2.8002,2.8104,100,109,36.4
2026-04-21 14:05:50.231Z,2.8009,2.8101,101,100,32.8
2026-04-21 14:05:51.143Z,2.8007,2.8091,100,119,29.9
2026-04-21 14:05:52.419Z,2.8002,2.8104,103,100,36.4
2026-04-21 14:05:53.186Z,2.7988,2.8098,100,140,39.2
2026-04-21 14:05:54.548Z,2.8002,2.8110,111,100,38.5
2026-04-21 14:05:55.260Z,2.8010,2.8094,100,102,29.9
2026-04-21 14:05:56.342Z,2.7992,2.8108,100,123,41.4
2026-04-21 14:05:57.712Z,2.8006,2.8104,100,100,34.9
2026-04-21 14:05:58.529Z,2.8015,2.8095,107,131,28.5
2026-04-21 14:05:59.553Z,2.8000,2.8100,100,148,35.7
2026-04-21 14:06:00.668Z,2.7941,2.8059,100,100,42.1
2026-04-21 14:06:01.613Z,2.7947,2.8047,141,205,35.7
2026-04-21 14:06:02.346Z,2.7942,2.8050,100,146,38.6
2026-04-21 14:06:03.775Z,2.7959,2.8047,224,144,31.4
2026-04-21 14:06:04.491Z,2.7946,2.8056,100,103,39.3
2026-04-21 14:06:05.577Z,2.7941,2.8045,100,100,37.2
2026-04-21 14:06:06.220Z,2.7951,2.8047,193,100,34.3
2026-04-21 14:06:07.664Z,2.7960,2.8040,123,123,28.6
2026-04-21 14:06:08.484Z,2.7952,2.8038,100,148,30.7
2026-04-21 14:06:09.193Z,2.7940,2.8054,100,100,40.7
2026-04-21 14:06:10.678Z,2.7958,2.8044,139,100,30.7
2026-04-21 14:06:11.465Z,2.7961,2.8049,401,175,31.4
2026-04-21 14:06:12.327Z,2.7955,2.8055,203,433,35.7
2026-04-21 14:06:13.619Z,2.7950,2.8044,281,291,33.6
2026-04-21 14:06:14.839Z,2.7954,2.8058,101,100,37.1
2026-04-21 14:06:15.054Z,2.7950,2.8042,100,100,32.9
2026-04-21 14:06:16.171Z,2.7941,2.8061,119,145,42.9
2026-04-21 14:06:17.865Z,2.7956,2.8056,128,100,35.7
2026-04-21 14:06:18.621Z,2.7940,2.8052,119,193,40.0
2026-04-21 14:06:19.716Z,2.7948,2.8048,337,187,35.7
2026-04-21 14:06:20.381Z,2.7947,2.8067,118,100,42.8
2026-04-21 14:06:21.291Z,2.7959,2.8047,100,157,31.4
2026-04-21 14:06:22.243Z,2.7942,2.8058,100,100,41.4
2026-04-21 14:06:23.183Z,2.7954,2.8046,100,100,32.9
2026-04-21 14:06:24.499Z,2.7945,2.8043,100,100,35.0
2026-04-21 14:06:25.528Z,2.7937,2.8055,100,100,42.1
2026-04-21 14:06:26.012Z,2.7941,2.8055,100,100,40.7
2026-04-21 14:06:27.528Z,2.7947,2.8051,100,100,37.1
2026-04-21 14:06:28.675Z,2.7943,2.8047,100,132,37.1
2026-04-21 14:06:29.805Z,2.7942,2.8068,100,100,45.0
2026-04-21 14:06:30.783Z,2.7948,2.8046,100,115,35.0
2026-04-21 14:06:31.460Z,2.7956,2.8042,124,100,30.7
2026-04-21 14:06:32.647Z,2.7944,2.8058,100,100,40.7
2026-04-21 14:06:33.095Z,2.7964,2.8048,117,100,30.0
2026-04-21 14:06:34.467Z,2.7949,2.8047,100,144,35.0
2026-04-21 14:06:35.410Z,2.7957,2.8053,100,100,34.3
2026-04-21 14:06:36.355Z,2.7937,2.8061,100,100,44.3
2026-04-21 14:06:37.613Z,2.7964,2.8050,304,219,30.7
2026-04-21 14:06:38.262Z,2.7955,2.8057,235,273,36.4
2026-04-21 14:06:39.089Z,2.7936,2.8050,128,266,40.7
2026-04-21 14:06:40.192Z,2.7954,2.8056,395,171,36.4
2026-04-21 14:06:41.015Z,2.7948,2.8064,183,100,41.4
2026-04-21 14:06:42.493Z,2.7954,2.8054,103,213,35.7
2026-04-21 14:06:43.784Z,2.7954,2.8052,100,182,35.0
2026-04-21 14:06:44.542Z,2.7944,2.8052,100,100,38.6
2026-04-21 14:06:45.529Z,2.7950,2.8042,100,322,32.9
2026-04-21 14:06:46.871Z,2.7951,2.8051,140,100,35.7
2026-04-21 14:06:47.845Z,2.7942,2.8050,159,180,38.6
2026-04-21 14:06:48.407Z,2.7946,2.8064,212,100,42.1
2026-04-21 14:06:49.811Z,2.7942,2.8044,100,129,36.4
2026-04-21 14:06:50.499Z,2.7958,2.8046,104,100,31.4
2026-04-21 14:06:51.357Z,2.7952,2.8046,100,108,33.6
2026-04-21 14:06:52.569Z,2.7942,2.8052,111,118,39.3
2026-04-21 14:06:53.468Z,2.7940,2.8060,152,123,42.9
2026-04-21 14:06:54.685Z,2.7949,2.8039,100,112,32.1
2026-04-21 14:06:55.757Z,2.7951,2.8047,168,100,34.3
2026-04-21 14:06:56.596Z,2.7943,2.8049,102,200,37.9
2026-04-21 14:06:57.717Z,2.7952,2.8040,209,142,31.4
2026-04-21 14:06:58.549Z,2.7939,2.8057,250,156,42.1
2026-04-21 14:06:59.274Z,2.7957,2.8043,172,100,30.7
2026-04-21 14:07:00.793Z,2.8005,2.8095,100,100,32.1
2026-04-21 14:07:01.041Z,2.7987,2.8103,100,100,41.4
2026-04-21 14:07:02.650Z,2.7999,2.8109,100,100,39.2
2026-04-21 14:07:03.647Z,2.7998,2.8094,100,100,34.2
2026-04-21 14:07:04.832Z,2.8002,2.8088,100,100,30.7
2026-04-21 14:07:05.815Z,2.8001,2.8097,100,100,34.2
2026-04-21 14:07:06.139Z,2.7993,2.8093,100,100,35.7
2026-04-21 14:07:07.141Z,2.8001,2.8101,100,100,35.6
2026-04-21 14:07:08.521Z,2.8012,2.8098,100,100,30.7
2026-04-21 14:07:09.847Z,2.7988,2.8110,100,100,43.5
2026-04-21 14:07:10.470Z,2.7998,2.8112,100,100,40.6
2026-04-21 14:07:11.092Z,2.7997,2.8115,100,100,42.1
2026-04-21 14:07:12.513Z,2.8009,2.8097,100,100,31.4
2026-04-21 14:07:13.137Z,2.7991,2.8111,100,100,42.8
2026-04-21 14:07:14.653Z,2.7987,2.8107,100,100,42.8
2026-04-21 14:07:15.440Z,2.8002,2.8110,100,100,38.5
2026-04-21 14:07:16.787Z,2.7989,2.8111,100,100,43.5
2026-04-21 14:07:17.604Z,2.7990,2.8104,100,100,40.6
2026-04-21 14:07:18.395Z,2.8014,2.8098,100,100,29.9
2026-04-21 14:07:19.862Z,2.7991,2.8095,100,100,37.1
2026-04-21 14:07:20.152Z,2.7998,2.8112,100,100,40.6
2026-04-21 14:07:21.630Z,2.8000,2.8110,100,100,39.2
2026-04-21 14:07:22.618Z,2.7982,2.8108,100,100,44.9
2026-04-21 14:07:23.430Z,2.8009,2.8097,100,100,31.4
2026-04-21 14:07:24.851Z,2.8012,2.8094,100,100,29.2
2026-04-21 14:07:25.834Z,2.8001,2.8105,100,100,37.1
2026-04-21 14:07:26.882Z,2.7995,2.8093,100,100,34.9
2026-04-21 14:07:27.783Z,2.7993,2.8097,100,100,37.1
2026-04-21 14:07:28.124Z,2.7998,2.8108,100,100,39.2
2026-04-21 14:07:29.564Z,2.7995,2.8107,100,100,39.9
2026-04-21 14:07:30.321Z,2.8002,2.8090,100,100,31.4
2026-04-21 14:07:31.215Z,2.7990,2.8102,100,100,39.9
2026-04-21 14:07:32.143Z,2.8003,2.8105,100,100,36.4
2026-04-21 14:07:33.281Z,2.7996,2.8092,100,100,34.2
2026-04-21 14:07:34.291Z,2.8010,2.8098,100,100,31.4
2026-04-21 14:07:35.588Z,2.8007,2.8107,100,100,35.6
2026-04-21 14:07:36.749Z,2.8001,2.8087,100,100,30.7
2026-04-21 14:07:37.087Z,2.7996,2.8094,100,100,34.9
2026-04-21 14:07:38.214Z,2.7991,2.8113,100,100,43.5
2026-04-21 14:07:39.568Z,2.8000,2.8112,100,100,39.9
2026-04-21 14:07:40.622Z,2.7996,2.8100,100,100,37.1
2026-04-21 14:07:41.416Z,2.7995,2.8097,100,100,36.4
2026-04-21 14:07:42.864Z,2.7998,2.8098,100,100,35.7
2026-04-21 14:07:43.574Z,2.8012,2.8094,100,100,29.2
2026-04-21 14:07:44.846Z,2.8006,2.8102,100,100,34.2
2026-04-21 14:07:45.495Z,2.8006,2.8102,100,100,34.2
2026-04-21 14:07:46.823Z,2.8002,2.8100,100,100,34.9
2026-04-21 14:07:47.647Z,2.8006,2.8100,100,100,33.5
2026-04-21 14:07:48.195Z,2.7985,2.8101,100,100,41.4
2026-04-21 14:07:49.166Z,2.8006,2.8092,100,100,30.7
2026-04-21 14:07:50.320Z,2.8004,2.8108,100,100,37.1
2026-04-21 14:07:51.037Z,2.8006,2.8108,100,100,36.4
2026-04-21 14:07:52.384Z,2.7988,2.8106,100,100,42.1
2026-04-21 14:07:53.602Z,2.8006,2.8104,100,100,34.9
2026-04-21 14:07:54.178Z,2.8000,2.8098,100,100,34.9
2026-04-21 14:07:55.034Z,2.7986,2.8102,100,100,41.4
2026-04-21 14:07:56.146Z,2.7998,2.8096,100,100,34.9
2026-04-21 14:07:57.818Z,2.7999,2.8101,100,100,36.4
2026-04-21 14:07:58.624Z,2.8000,2.8106,100,100,37.8
2026-04-21 14:07:59.116Z,2.8006,2.8094,100,100,31.4
2026-04-21 14:08:00.232Z,2.8001,2.8099,100,100,34.9
2026-04-21 14:08:01.496Z,2.7992,2.8098,100,100,37.8
2026-04-21 14:08:02.217Z,2.7993,2.8093,100,100,35.7
2026-04-21 14:08:03.149Z,2.7999,2.8099,100,100,35.7
2026-04-21 14:08:04.577Z,2.8003,2.8093,100,100,32.1
2026-04-21 14:08:05.282Z,2.7995,2.8117,100,100,43.5
2026-04-21 14:08:06.833Z,2.7999,2.8113,100,100,40.6
2026-04-21 14:08:07.200Z,2.7995,2.8107,100,100,39.9
2026-04-21 14:08:08.393Z,2.7996,2.8090,100,100,33.5
2026-04-21 14:08:09.537Z,2.7995,2.8109,100,100,40.6
2026-04-21 14:08:10.116Z,2.7988,2.8104,100,100,41.4
2026-04-21 14:08:11.249Z,2.8010,2.8096,100,100,30.7
2026-04-21 14:08:12.856Z,2.8003,2.8103,100,100,35.6
2026-04-21 14:08:13.557Z,2.7987,2.8109,100,100,43.5
2026-04-21 14:08:14.893Z,2.7985,2.8101,100,100,41.4
2026-04-21 14:08:15.214Z,2.8000,2.8108,100,100,38.5
2026-04-21 14:08:16.768Z,2.7999,2.8107,100,100,38.5
2026-04-21 14:08:17.606Z,2.7997,2.8101,100,100,37.1
2026-04-21 14:08:18.555Z,2.7992,2.8098,100,100,37.8
2026-04-21 14:08:19.341Z,2.8005,2.8087,100,100,29.2
2026-04-21 14:08:20.854Z,2.8006,2.8100,100,100,33.5
2026-04-21 14:08:21.672Z,2.8008,2.8098,100,100,32.1
2026-04-21 14:08:22.356Z,2.7994,2.8094,100,100,35.7
2026-04-21 14:08:23.899Z,2.8001,2.8093,100,100,32.8
2026-04-21 14:08:24.839Z,2.8013,2.8097,100,100,29.9
2026-04-21 14:08:25.857Z,2.7991,2.8109,100,100,42.1
2026-04-21 14:08:26.094Z,2.8006,2.8102,100,100,34.2
2026-04-21 14:08:27.841Z,2.7989,2.8103,100,100,40.6
2026-04-21 14:08:28.534Z,2.8005,2.8091,100,100,30.7
2026-04-21 14:08:29.809Z,2.8012,2.8094,100,100,29.2
2026-04-21 14:08:30.258Z,2.8003,2.8099,100,100,34.2
2026-04-21 14:08:31.881Z,2.8003,2.8089,100,100,30.7
2026-04-21 14:08:32.116Z,2.8004,2.8098,100,100,33.5
2026-04-21 14:08:33.865Z,2.7993,2.8101,100,100,38.5
2026-04-21 14:08:34.228Z,2.8002,2.8094,100,100,32.8
2026-04-21 14:08:35.103Z,2.8003,2.8109,100,100,37.8
2026-04-21 14:08:36.766Z,2.8007,2.8095,100,100,31.4
2026-04-21 14:08:37.330Z,2.8000,2.8096,100,100,34.2
2026-04-21 14:08:38.356Z,2.7987,2.8107,100,100,42.8
2026-04-21 14:08:39.205Z,2.7994,2.8104,100,100,39.2
2026-04-21 14:08:40.516Z,2.8010,2.8094,100,100,29.9
2026-04-21 14:08:41.830Z,2.8004,2.8106,100,100,36.4
2026-04-21 14:08:42.442Z,2.8000,2.8090,100,100,32.1
2026-04-21 14:08:43.754Z,2.8008,2.8100,100,100,32.8
2026-04-21 14:08:44.312Z,2.7999,2.8103,100,100,37.1
2026-04-21 14:08:45.483Z,2.8004,2.8108,100,100,37.1
2026-04-21 14:08:46.555Z,2.7995,2.8095,100,100,35.7
2026-04-21 14:08:47.068Z,2.7992,2.8094,100,100,36.4
2026-04-21 14:08:48.057Z,2.7989,2.8113,100,100,44.2
2026-04-21 14:08:49.102Z,2.7991,2.8095,100,100,37.1
2026-04-21 14:08:50.594Z,2.7991,2.8103,100,100,39.9
2026-04-21 14:08:51.663Z,2.8001,2.8091,100,100,32.1
2026-04-21 14:08:52.123Z,2.7985,2.8101,100,100,41.4
2026-04-21 14:08:53.046Z,2.7993,2.8121,100,100,45.6
2026-04-21 14:08:54.288Z,2.7999,2.8113,100,100,40.6
2026-04-21 14:08:55.192Z,2.8006,2.8094,100,100,31.4
2026-04-21 14:08:56.434Z,2.8014,2.8098,100,100,29.9
2026-04-21 14:08:57.093Z,2.8010,2.8104,100,100,33.5
2026-04-21 14:08:58.504Z,2.7999,2.8107,100,100,38.5
2026-04-21 14:08:59.881Z,2.7990,2.8110,100,100,42.8
2026-04-21 14:09:00.235Z,2.7945,2.8055,100,100,39.3
2026-04-21 14:09:01.376Z,2.7956,2.8044,100,100,31.4
2026-04-21 14:09:02.339Z,2.7943,2.8055,100,100,40.0
2026-04-21 14:09:03.374Z,2.7954,2.8042,100,100,31.4
2026-04-21 14:09:04.402Z,2.7951,2.8045,100,100,33.6
2026-04-21 14:09:05.113Z,2.7944,2.8050,100,100,37.9
2026-04-21 14:09:06.502Z,2.7947,2.8051,100,100,37.1
2026-04-21 14:09:07.343Z,2.7955,2.8053,100,100,35.0
2026-04-21 14:09:08.363Z,2.7951,2.8041,100,100,32.1
2026-04-21 14:09:09.505Z,2.7952,2.8038,100,100,30.7
2026-04-21 14:09:10.365Z,2.7938,2.8052,100,100,40.7
2026-04-21 14:09:11.659Z,2.7941,2.8057,100,100,41.4
2026-04-21 14:09:12.294Z,2.7951,2.8049,100,100,35.0
2026-04-21 14:09:13.640Z,2.7936,2.8056,100,100,42.9
2026-04-21 14:09:14.357Z,2.7955,2.8053,100,100,35.0
2026-04-21 14:09:15.782Z,2.7932,2.8058,100,100,45.0
2026-04-21 14:09:16.101Z,2.7950,2.8044,100,100,33.6
2026-04-21 14:09:17.057Z,2.7946,2.8054,100,100,38.6
2026-04-21 14:09:18.268Z,2.7954,2.8046,100,100,32.9
2026-04-21 14:09:19.402Z,2.7938,2.8058,100,100,42.9
2026-04-21 14:09:20.779Z,2.7958,2.8042,100,100,30.0
2026-04-21 14:09:21.198Z,2.7942,2.8064,100,100,43.6
2026-04-21 14:09:22.340Z,2.7953,2.8061,100,100,38.6
2026-04-21 14:09:23.011Z,2.7962,2.8066,100,100,37.1
2026-04-21 14:09:24.057Z,2.7957,2.8055,100,100,35.0
2026-04-21 14:09:25.122Z,2.7977,2.8065,100,100,31.4
2026-04-21 14:09:26.404Z,2.7975,2.8067,100,100,32.8
2026-04-21 14:09:27.017Z,2.7955,2.8077,100,100,43.5
2026-04-21 14:09:28.055Z,2.7966,2.8084,100,100,42.1
2026-04-21 14:09:29.537Z,2.7978,2.8074,100,100,34.3
2026-04-21 14:09:30.147Z,2.7989,2.8077,100,100,31.4
2026-04-21 14:09:31.158Z,2.7988,2.8092,100,100,37.1
2026-04-21 14:09:32.650Z,2.7984,2.8104,100,100,42.8
2026-04-21 14:09:33.466Z,2.8005,2.8085,100,100,28.5
2026-04-21 14:09:34.540Z,2.7987,2.8093,100,100,37.8
2026-04-21 14:09:35.830Z,2.7991,2.8093,100,100,36.4
2026-04-21 14:09:36.062Z,2.7987,2.8103,100,100,41.4
2026-04-21 14:09:37.352Z,2.7988,2.8100,100,100,39.9
2026-04-21 14:09:38.748Z,2.8010,2.8102,112,100,32.8
2026-04-21 14:09:39.627Z,2.8001,2.8109,100,129,38.5
2026-04-21 14:09:40.265Z,2.8003,2.8087,100,128,30.0
2026-04-21 14:09:41.397Z,2.8010,2.8094,100,100,29.9
2026-04-21 14:09:42.817Z,2.8001,2.8103,100,100,36.4
2026-04-21 14:09:43.421Z,2.7990,2.8098,100,100,38.5
2026-04-21 14:09:44.851Z,2.7982,2.8092,100,100,39.2
2026-04-21 14:09:45.751Z,2.7993,2.8097,100,100,37.1
2026-04-21 14:09:46.452Z,2.7988,2.8090,100,100,36.4
2026-04-21 14:09:47.004Z,2.7990,2.8094,100,100,37.1
2026-04-21 14:09:48.092Z,2.7984,2.8090,100,100,37.8
2026-04-21 14:09:49.701Z,2.7991,2.8091,100,100,35.7
2026-04-21 14:09:50.801Z,2.7978,2.8072,100,100,33.5
2026-04-21 14:09:51.182Z,2.7980,2.8062,100,100,29.3
2026-04-21 14:09:52.809Z,2.7987,2.8073,100,100,30.7
2026-04-21 14:09:53.554Z,2.7963,2.8069,100,100,37.8
2026-04-21 14:09:54.205Z,2.7969,2.8065,100,100,34.3
2026-04-21 14:09:55.005Z,2.7951,2.8067,100,100,41.4
2026-04-21 14:09:56.856Z,2.7963,2.8057,100,100,33.6
2026-04-21 14:09:57.663Z,2.7948,2.8056,100,100,38.6
2026-04-21 14:09:58.523Z,2.7948,2.8050,100,100,36.4
2026-04-21 14:09:59.051Z,2.7955,2.8045,100,100,32.1
2026-04-21 14:10:00.885Z,2.8034,2.8126,100,100,32.8
2026-04-21 14:10:01.145Z,2.8024,2.8140,100,100,41.3
2026-04-21 14:10:02.292Z,2.8028,2.8130,100,111,36.3
2026-04-21 14:10:03.784Z,2.8009,2.8129,100,125,42.8
2026-04-21 14:10:04.458Z,2.8032,2.8116,100,100,29.9
2026-04-21 14:10:05.588Z,2.8018,2.8114,100,100,34.2
2026-04-21 14:10:06.809Z,2.8000,2.8116,100,100,41.3
2026-04-21 14:10:07.681Z,2.8004,2.8110,100,100,37.8
2026-04-21 14:10:08.686Z,2.8012,2.8100,100,129,31.4
2026-04-21 14:10:09.539Z,2.7999,2.8111,100,127,39.9
2026-04-21 14:10:10.232Z,2.8012,2.8102,100,100,32.1
2026-04-21 14:10:11.732Z,2.7987,2.8111,146,265,44.2
2026-04-21 14:10:12.818Z,2.7994,2.8114,170,145,42.8
2026-04-21 14:10:13.228Z,2.7993,2.8095,100,157,36.4
2026-04-21 14:10:14.724Z,2.8001,2.8111,100,100,39.2
2026-04-21 14:10:15.125Z,2.8007,2.8115,100,100,38.5
2026-04-21 14:10:16.704Z,2.8009,2.8121,102,100,39.9
2026-04-21 14:10:17.092Z,2.8018,2.8106,114,141,31.4
2026-04-21 14:10:18.180Z,2.8007,2.8125,100,100,42.0
2026-04-21 14:10:19.282Z,2.8021,2.8115,107,100,33.5
2026-04-21 14:10:20.835Z,2.8007,2.8113,100,100,37.8
2026-04-21 14:10:21.424Z,2.8014,2.8130,100,100,41.3
2026-04-21 14:10:22.086Z,2.8021,2.8121,100,100,35.6
2026-04-21 14:10:23.807Z,2.8020,2.8124,100,100,37.0
2026-04-21 14:10:24.087Z,2.8017,2.8141,100,100,44.2
2026-04-21 14:10:25.553Z,2.8028,2.8130,100,100,36.3
2026-04-21 14:10:26.588Z,2.8051,2.8143,100,100,32.7
2026-04-21 14:10:27.268Z,2.8048,2.8142,100,100,33.5
2026-04-21 14:10:28.518Z,2.8050,2.8168,100,100,42.0
2026-04-21 14:10:29.323Z,2.8046,2.8166,100,100,42.7
2026-04-21 14:10:30.154Z,2.8070,2.8178,100,100,38.4
2026-04-21 14:10:31.368Z,2.8066,2.8184,100,100,42.0
2026-04-21 14:10:32.063Z,2.8073,2.8199,100,100,44.8
2026-04-21 14:10:33.865Z,2.8082,2.8188,100,100,37.7
2026-04-21 14:10:34.151Z,2.8094,2.8182,100,100,31.3
2026-04-21 14:10:35.514Z,2.8089,2.8201,100,100,39.8
2026-04-21 14:10:36.801Z,2.8105,2.8187,100,100,29.1
2026-04-21 14:10:37.111Z,2.8095,2.8213,115,100,41.9
2026-04-21 14:10:38.763Z,2.8098,2.8208,100,229,39.1
2026-04-21 14:10:39.158Z,2.8105,2.8203,231,130,34.8
2026-04-21 14:10:40.177Z,2.8104,2.8202,100,101,34.8
2026-04-21 14:10:41.731Z,2.8105,2.8189,100,100,29.8
2026-04-21 14:10:42.768Z,2.8077,2.8201,100,100,44.1
2026-04-21 14:10:43.065Z,2.8089,2.8199,100,100,39.1
2026-04-21 14:10:44.849Z,2.8107,2.8191,100,100,29.8
2026-04-21 14:10:45.466Z,2.8072,2.8198,100,100,44.8
2026-04-21 14:10:46.619Z,2.8077,2.8193,108,100,41.2
2026-04-21 14:10:47.189Z,2.8086,2.8204,100,100,41.9
2026-04-21 14:10:48.795Z,2.8086,2.8192,100,121,37.7
2026-04-21 14:10:49.627Z,2.8093,2.8179,100,101,30.6
2026-04-21 14:10:50.295Z,2.8082,2.8206,100,100,44.1
2026-04-21 14:10:51.077Z,2.8094,2.8192,100,100,34.8
2026-04-21 14:10:52.729Z,2.8107,2.8193,100,100,30.6
2026-04-21 14:10:53.447Z,2.8080,2.8200,100,125,42.6
2026-04-21 14:10:54.277Z,2.8090,2.8196,100,100,37.7
2026-04-21 14:10:55.325Z,2.8093,2.8197,100,100,37.0
2026-04-21 14:10:56.364Z,2.8090,2.8204,100,100,40.5
2026-04-21 14:10:57.116Z,2.8098,2.8200,100,100,36.2
2026-04-21 14:10:58.238Z,2.8097,2.8207,100,100,39.1
2026-04-21 14:10:59.460Z,2.8092,2.8208,100,100,41.2
2026-04-21 14:15:00.563Z,2.8049,2.8151,100,100,36.3
2026-04-21 14:15:01.025Z,2.8055,2.8141,100,100,30.6
2026-04-21 14:15:02.457Z,2.8046,2.8142,100,100,34.2
2026-04-21 14:15:03.618Z,2.8048,2.8140,100,100,32.7
2026-04-21 14:15:04.015Z,2.8048,2.8166,100,100,42.0
2026-04-21 14:15:05.125Z,2.8054,2.8140,100,100,30.6
2026-04-21 14:15:06.366Z,2.8052,2.8154,100,100,36.3
2026-04-21 14:15:07.830Z,2.8044,2.8144,100,100,35.6
2026-04-21 14:15:08.372Z,2.8052,2.8144,100,100,32.7
2026-04-21 14:15:09.801Z,2.8042,2.8160,100,100,42.0
2026-04-21 14:15:10.209Z,2.8063,2.8145,100,100,29.2
2026-04-21 14:15:11.746Z,2.8050,2.8154,100,100,37.0
2026-04-21 14:15:12.332Z,2.8052,2.8136,100,135,29.9
2026-04-21 14:15:13.046Z,2.8055,2.8153,144,101,34.9
2026-04-21 14:15:14.005Z,2.8050,2.8160,100,100,39.1
2026-04-21 14:15:15.347Z,2.8036,2.8150,100,100,40.6
2026-04-21 14:15:16.415Z,2.8036,2.8156,108,100,42.7
2026-04-21 14:15:17.006Z,2.8040,2.8156,100,100,41.3
2026-04-21 14:15:18.869Z,2.8046,2.8168,100,100,43.4
2026-04-21 14:15:19.516Z,2.8052,2.8148,100,100,34.2
2026-04-21 14:15:20.537Z,2.8061,2.8141,100,100,28.5
2026-04-21 14:15:21.796Z,2.8046,2.8168,100,100,43.4
2026-04-21 14:15:22.710Z,2.8059,2.8167,100,100,38.4
2026-04-21 14:15:23.294Z,2.8059,2.8161,100,100,36.3
2026-04-21 14:15:24.106Z,2.8064,2.8160,100,100,34.1
2026-04-21 14:15:25.303Z,2.8067,2.8149,100,100,29.2
2026-04-21 14:15:26.445Z,2.8062,2.8172,100,100,39.1
2026-04-21 14:15:27.713Z,2.8072,2.8168,100,100,34.1
2026-04-21 14:15:28.534Z,2.8072,2.8190,100,100,41.9
2026-04-21 14:15:29.122Z,2.8063,2.8181,100,100,42.0
2026-04-21 14:15:30.073Z,2.8079,2.8195,100,100,41.2
2026-04-21 14:15:31.038Z,2.8094,2.8188,100,100,33.4
2026-04-21 14:15:32.414Z,2.8094,2.8182,100,100,31.3
2026-04-21 14:15:33.288Z,2.8084,2.8188,100,100,37.0
2026-04-21 14:15:34.092Z,2.8095,2.8199,100,100,36.9
2026-04-21 14:15:35.336Z,2.8083,2.8201,100,100,41.9
2026-04-21 14:15:36.439Z,2.8100,2.8186,100,100,30.6
2026-04-21 14:15:37.831Z,2.8101,2.8203,100,100,36.2
2026-04-21 14:15:38.838Z,2.8113,2.8201,100,100,31.3
2026-04-21 14:15:39.501Z,2.8099,2.8201,100,100,36.2
2026-04-21 14:15:40.038Z,2.8089,2.8201,100,139,39.8
2026-04-21 14:15:41.568Z,2.8091,2.8199,100,100,38.4
2026-04-21 14:15:42.799Z,2.8099,2.8209,100,100,39.1
2026-04-21 14:15:43.011Z,2.8087,2.8207,100,100,42.6
2026-04-21 14:15:44.308Z,2.8103,2.8197,100,100,33.4
2026-04-21 14:15:45.506Z,2.8101,2.8185,100,100,29.8
2026-04-21 14:15:46.489Z,2.8088,2.8194,100,100,37.7
2026-04-21 14:15:47.290Z,2.8092,2.8194,100,100,36.2
2026-04-21 14:15:48.833Z,2.8084,2.8202,100,100,41.9
2026-04-21 14:15:49.231Z,2.8094,2.8198,100,100,37.0
2026-04-21 14:15:50.394Z,2.8099,2.8195,100,100,34.1
2026-04-21 14:15:51.566Z,2.8094,2.8194,100,100,35.5
2026-04-21 14:15:52.894Z,2.8097,2.8185,100,100,31.3
2026-04-21 14:15:53.185Z,2.8109,2.8197,100,100,31.3
2026-04-21 14:15:54.108Z,2.8094,2.8188,100,100,33.4
2026-04-21 14:15:55.888Z,2.8098,2.8204,100,100,37.7
2026-04-21 14:15:56.284Z,2.8095,2.8203,100,100,38.4
2026-04-21 14:15:57.786Z,2.8101,2.8195,100,100,33.4
2026-04-21 14:15:58.469Z,2.8089,2.8201,100,100,39.8
2026-04-21 14:15:59.164Z,2.8105,2.8195,100,100,32.0
2026-04-21 14:16:00.684Z,2.8098,2.8202,100,100,36.9
2026-04-21 14:16:01.071Z,2.8089,2.8207,100,100,41.9
2026-04-21 14:16:02.328Z,2.8102,2.8202,100,100,35.5
2026-04-21 14:16:03.110Z,2.8100,2.8206,100,100,37.7
2026-04-21 14:16:04.825Z,2.8090,2.8206,100,100,41.2
2026-04-21 14:16:05.215Z,2.8103,2.8191,100,100,31.3
2026-04-21 14:16:06.801Z,2.8098,2.8216,100,100,41.9
2026-04-21 14:16:07.004Z,2.8100,2.8194,100,100,33.4
2026-04-21 14:16:08.825Z,2.8106,2.8190,100,100,29.8
2026-04-21 14:16:09.198Z,2.8105,2.8191,100,100,30.6
2026-04-21 14:16:10.275Z,2.8086,2.8204,100,100,41.9
2026-04-21 14:16:11.328Z,2.8095,2.8197,100,100,36.2
2026-04-21 14:16:12.176Z,2.8104,2.8194,100,100,32.0
2026-04-21 14:16:13.736Z,2.8093,2.8195,100,100,36.2
2026-04-21 14:16:14.866Z,2.8106,2.8198,100,100,32.7
2026-04-21 14:16:15.430Z,2.8105,2.8203,100,100,34.8
2026-04-21 14:16:16.641Z,2.8097,2.8213,100,100,41.2
2026-04-21 14:16:17.489Z,2.8097,2.8205,100,100,38.4
2026-04-21 14:16:18.006Z,2.8103,2.8201,100,100,34.8
2026-04-21 14:16:19.431Z,2.8101,2.8189,100,100,31.3
2026-04-21 14:16:20.599Z,2.8110,2.8202,100,100,32.7
2026-04-21 14:16:21.781Z,2.8094,2.8206,100,100,39.8
2026-04-21 14:16:22.055Z,2.8096,2.8210,100,100,40.5
2026-04-21 14:16:23.230Z,2.8095,2.8213,100,100,41.9
2026-04-21 14:16:24.398Z,2.8110,2.8202,100,100,32.7
2026-04-21 14:16:25.703Z,2.8089,2.8197,100,100,38.4
2026-04-21 14:16:26.208Z,2.8094,2.8208,100,100,40.5
2026-04-21 14:16:27.255Z,2.8098,2.8206,100,100,38.4
2026-04-21 14:16:28.631Z,2.8082,2.8206,100,100,44.1
2026-04-21 14:16:29.363Z,2.8100,2.8204,100,100,36.9
2026-04-21 14:16:30.215Z,2.8102,2.8188,100,100,30.6
2026-04-21 14:16:31.562Z,2.8097,2.8195,100,100,34.8
2026-04-21 14:16:32.762Z,2.8105,2.8205,100,100,35.5
2026-04-21 14:16:33.863Z,2.8099,2.8205,100,100,37.7
2026-04-21 14:16:34.370Z,2.8091,2.8211,100,100,42.6
2026-04-21 14:16:35.245Z,2.8109,2.8201,100,100,32.7
2026-04-21 14:16:36.056Z,2.8091,2.8197,100,100,37.7
2026-04-21 14:16:37.542Z,2.8101,2.8197,100,100,34.1
2026-04-21 14:16:38.392Z,2.8104,2.8204,100,100,35.5
2026-04-21 14:16:39.678Z,2.8107,2.8199,100,100,32.7
2026-04-21 14:16:40.555Z,2.8092,2.8210,100,100,41.9
2026-04-21 14:16:41.807Z,2.8107,2.8191,100,100,29.8
2026-04-21 14:16:42.386Z,2.8107,2.8207,100,100,35.5
2026-04-21 14:16:43.604Z,2.8108,2.8202,100,100,33.4
2026-04-21 14:16:44.058Z,2.8104,2.8206,100,100,36.2
2026-04-21 14:16:45.715Z,2.8083,2.8205,100,100,43.3
2026-04-21 14:16:46.824Z,2.8093,2.8207,100,100,40.5
2026-04-21 14:16:47.077Z,2.8098,2.8204,100,100,37.7
2026-04-21 14:16:48.711Z,2.8109,2.8195,100,100,30.5
2026-04-21 14:16:49.739Z,2.8096,2.8204,100,100,38.4
2026-04-21 14:16:50.277Z,2.8100,2.8204,100,100,36.9
2026-04-21 14:16:51.750Z,2.8113,2.8201,100,100,31.3
2026-04-21 14:16:52.414Z,2.8097,2.8215,100,100,41.9
2026-04-21 14:16:53.856Z,2.8094,2.8200,100,100,37.7
2026-04-21 14:16:54.874Z,2.8100,2.8196,100,100,34.1
2026-04-21 14:16:55.069Z,2.8097,2.8197,100,100,35.5
2026-04-21 14:16:56.719Z,2.8102,2.8202,100,100,35.5
2026-04-21 14:16:57.854Z,2.8107,2.8203,100,100,34.1
2026-04-21 14:16:58.857Z,2.8099,2.8199,100,100,35.5
2026-04-21 14:16:59.701Z,2.8102,2.8198,100,100,34.1
2026-04-21 14:17:00.772Z,2.8047,2.8153,100,100,37.7
2026-04-21 14:17:01.377Z,2.8059,2.8147,100,100,31.3
