TimestampUtc,Price,Size,Exchange
2026-04-21 13:30:00.770Z,2.7413,720,SYNTH
2026-04-21 13:30:01.754Z,2.7407,592,SYNTH
2026-04-21 13:30:02.742Z,2.7389,755,SYNTH
2026-04-21 13:30:03.414Z,2.7406,447,SYNTH
2026-04-21 13:30:04.576Z,2.7394,309,SYNTH
2026-04-21 13:30:05.080Z,2.7416,459,SYNTH
2026-04-21 13:30:06.422Z,2.7385,330,SYNTH
2026-04-21 13:30:07.677Z,2.7418,601,SYNTH
2026-04-21 13:30:08.503Z,2.7393,483,SYNTH
2026-04-21 13:30:09.544Z,2.7417,380,SYNTH
2026-04-21 13:30:10.507Z,2.7405,272,SYNTH
2026-04-21 13:30:11.096Z,2.7405,1073,SYNTH
2026-04-21 13:30:12.846Z,2.7383,1452,SYNTH
2026-04-21 13:30:13.671Z,2.7394,979,SYNTH
2026-04-21 13:30:14.528Z,2.7404,353,SYNTH
2026-04-21 13:30:15.149Z,2.7418,272,SYNTH
2026-04-21 13:30:16.796Z,2.7406,473,SYNTH
2026-04-21 13:30:17.014Z,2.7391,892,SYNTH
2026-04-21 13:30:18.552Z,2.7425,982,SYNTH
2026-04-21 13:30:19.311Z,2.7404,591,SYNTH
2026-04-21 13:30:20.525Z,2.7414,367,SYNTH
2026-04-21 13:30:21.289Z,2.7434,489,SYNTH
2026-04-21 13:30:22.771Z,2.7459,353,SYNTH
2026-04-21 13:30:23.559Z,2.7472,435,SYNTH
2026-04-21 13:30:24.448Z,2.7508,372,SYNTH
2026-04-21 13:30:25.819Z,2.7536,263,SYNTH
2026-04-21 13:30:26.268Z,2.7560,513,SYNTH
2026-04-21 13:30:27.767Z,2.7584,497,SYNTH
2026-04-21 13:30:28.296Z,2.7600,447,SYNTH
2026-04-21 13:30:29.610Z,2.7644,369,SYNTH
2026-04-21 13:30:30.445Z,2.7678,358,SYNTH
2026-04-21 13:30:31.396Z,2.7701,484,SYNTH
2026-04-21 13:30:32.273Z,2.7716,255,SYNTH
2026-04-21 13:30:33.134Z,2.7733,496,SYNTH
2026-04-21 13:30:34.683Z,2.7766,391,SYNTH
2026-04-21 13:30:35.124Z,2.7792,331,SYNTH
2026-04-21 13:30:36.648Z,2.7794,411,SYNTH
2026-04-21 13:30:37.514Z,2.7777,1039,SYNTH
2026-04-21 13:30:38.818Z,2.7798,1078,SYNTH
2026-04-21 13:30:39.168Z,2.7803,1327,SYNTH
2026-04-21 13:30:40.878Z,2.7776,1341,SYNTH
2026-04-21 13:30:41.468Z,2.7767,530,SYNTH
2026-04-21 13:30:42.283Z,2.7749,289,SYNTH
2026-04-21 13:30:43.297Z,2.7749,488,SYNTH
2026-04-21 13:30:44.443Z,2.7736,364,SYNTH
2026-04-21 13:30:45.377Z,2.7717,829,SYNTH
2026-04-21 13:30:46.802Z,2.7721,794,SYNTH
2026-04-21 13:30:47.653Z,2.7736,496,SYNTH
2026-04-21 13:30:48.057Z,2.7708,297,SYNTH
2026-04-21 13:30:49.429Z,2.7701,607,SYNTH
2026-04-21 13:30:50.762Z,2.7696,406,SYNTH
2026-04-21 13:30:51.065Z,2.7684,446,SYNTH
2026-04-21 13:30:52.316Z,2.7670,668,SYNTH
2026-04-21 13:30:53.642Z,2.7644,478,SYNTH
2026-04-21 13:30:54.868Z,2.7634,356,SYNTH
2026-04-21 13:30:55.033Z,2.7621,508,SYNTH
2026-04-21 13:30:56.572Z,2.7600,620,SYNTH
2026-04-21 13:30:57.759Z,2.7606,701,SYNTH
2026-04-21 13:30:58.742Z,2.7599,498,SYNTH
2026-04-21 13:30:59.718Z,2.7597,806,SYNTH
2026-04-21 13:31:00.144Z,2.7512,117,SYNTH
2026-04-21 13:31:01.809Z,2.7521,112,SYNTH
2026-04-21 13:31:02.556Z,2.7496,128,SYNTH
2026-04-21 13:31:03.187Z,2.7485,113,SYNTH
2026-04-21 13:31:04.187Z,2.7501,117,SYNTH
2026-04-21 13:31:05.393Z,2.7505,54,SYNTH
2026-04-21 13:31:06.234Z,2.7523,80,SYNTH
2026-04-21 13:31:07.714Z,2.7491,89,SYNTH
2026-04-21 13:31:08.394Z,2.7516,121,SYNTH
2026-04-21 13:31:09.665Z,2.7481,91,SYNTH
2026-04-21 13:31:10.412Z,2.7514,47,SYNTH
2026-04-21 13:31:11.523Z,2.7485,195,SYNTH
2026-04-21 13:31:12.191Z,2.7512,147,SYNTH
2026-04-21 13:31:13.252Z,2.7505,168,SYNTH
2026-04-21 13:31:14.379Z,2.7495,52,SYNTH
2026-04-21 13:31:15.589Z,2.7489,81,SYNTH
2026-04-21 13:31:16.737Z,2.7513,171,SYNTH
2026-04-21 13:31:17.618Z,2.7490,171,SYNTH
2026-04-21 13:31:18.662Z,2.7485,156,SYNTH
2026-04-21 13:31:19.009Z,2.7504,117,SYNTH
2026-04-21 13:31:20.244Z,2.7505,78,SYNTH
2026-04-21 13:31:21.724Z,2.7495,67,SYNTH
2026-04-21 13:31:22.899Z,2.7520,69,SYNTH
2026-04-21 13:31:23.784Z,2.7519,62,SYNTH
2026-04-21 13:31:24.248Z,2.7498,54,SYNTH
2026-04-21 13:31:25.825Z,2.7537,49,SYNTH
2026-04-21 13:31:26.674Z,2.7491,44,SYNTH
2026-04-21 13:31:27.842Z,2.7521,58,SYNTH
2026-04-21 13:31:28.028Z,2.7541,52,SYNTH
2026-04-21 13:31:29.245Z,2.7531,70,SYNTH
2026-04-21 13:31:30.851Z,2.7538,53,SYNTH
2026-04-21 13:31:31.259Z,2.7513,44,SYNTH
2026-04-21 13:31:32.875Z,2.7553,65,SYNTH
2026-04-21 13:31:33.197Z,2.7555,49,SYNTH
2026-04-21 13:31:34.296Z,2.7533,49,SYNTH
2026-04-21 13:31:35.635Z,2.7561,45,SYNTH
2026-04-21 13:31:36.098Z,2.7555,65,SYNTH
2026-04-21 13:31:37.076Z,2.7563,162,SYNTH
2026-04-21 13:31:38.386Z,2.7537,154,SYNTH
2026-04-21 13:31:39.665Z,2.7561,189,SYNTH
2026-04-21 13:31:40.633Z,2.7543,220,SYNTH
2026-04-21 13:31:41.279Z,2.7558,58,SYNTH
2026-04-21 13:31:42.288Z,2.7530,69,SYNTH
2026-04-21 13:31:43.293Z,2.7522,76,SYNTH
2026-04-21 13:31:44.404Z,2.7542,102,SYNTH
2026-04-21 13:31:45.047Z,2.7547,157,SYNTH
2026-04-21 13:31:46.808Z,2.7530,131,SYNTH
2026-04-21 13:31:47.047Z,2.7557,142,SYNTH
2026-04-21 13:31:48.015Z,2.7513,110,SYNTH
2026-04-21 13:31:49.711Z,2.7529,103,SYNTH
2026-04-21 13:31:50.156Z,2.7510,69,SYNTH
2026-04-21 13:31:51.828Z,2.7537,82,SYNTH
2026-04-21 13:31:52.275Z,2.7541,86,SYNTH
2026-04-21 13:31:53.308Z,2.7505,122,SYNTH
2026-04-21 13:31:54.794Z,2.7511,88,SYNTH
2026-04-21 13:31:55.348Z,2.7498,91,SYNTH
2026-04-21 13:31:56.077Z,2.7520,126,SYNTH
2026-04-21 13:31:57.717Z,2.7523,113,SYNTH
2026-04-21 13:31:58.096Z,2.7488,138,SYNTH
2026-04-21 13:31:59.833Z,2.7515,124,SYNTH
2026-04-21 13:32:00.465Z,2.7504,18,SYNTH
2026-04-21 13:32:01.656Z,2.7510,19,SYNTH
2026-04-21 13:32:02.250Z,2.7497,19,SYNTH
2026-04-21 13:32:03.155Z,2.7483,16,SYNTH
2026-04-21 13:32:04.344Z,2.7486,10,SYNTH
2026-04-21 13:32:05.868Z,2.7509,15,SYNTH
2026-04-21 13:32:06.261Z,2.7485,13,SYNTH
2026-04-21 13:32:07.037Z,2.7493,16,SYNTH
2026-04-21 13:32:08.092Z,2.7514,7,SYNTH
2026-04-21 13:32:09.524Z,2.7489,14,SYNTH
2026-04-21 13:32:10.483Z,2.7495,7,SYNTH
2026-04-21 13:32:11.884Z,2.7511,25,SYNTH
2026-04-21 13:32:12.209Z,2.7489,38,SYNTH
2026-04-21 13:32:13.216Z,2.7501,32,SYNTH
2026-04-21 13:32:14.579Z,2.7505,10,SYNTH
2026-04-21 13:32:15.179Z,2.7488,14,SYNTH
2026-04-21 13:32:16.096Z,2.7479,24,SYNTH
2026-04-21 13:32:17.887Z,2.7515,17,SYNTH
2026-04-21 13:32:18.539Z,2.7507,11,SYNTH
2026-04-21 13:32:19.077Z,2.7479,12,SYNTH
2026-04-21 13:32:20.316Z,2.7513,6,SYNTH
2026-04-21 13:32:21.227Z,2.7493,10,SYNTH
2026-04-21 13:32:22.292Z,2.7518,10,SYNTH
2026-04-21 13:32:23.075Z,2.7483,12,SYNTH
2026-04-21 13:32:24.342Z,2.7516,8,SYNTH
2026-04-21 13:32:25.486Z,2.7494,10,SYNTH
2026-04-21 13:32:26.166Z,2.7509,5,SYNTH
2026-04-21 13:32:27.883Z,2.7514,9,SYNTH
2026-04-21 13:32:28.132Z,2.7490,9,SYNTH
2026-04-21 13:32:29.497Z,2.7504,11,SYNTH
2026-04-21 13:32:30.399Z,2.7486,10,SYNTH
2026-04-21 13:32:31.519Z,2.7517,12,SYNTH
2026-04-21 13:32:32.266Z,2.7487,11,SYNTH
2026-04-21 13:32:33.563Z,2.7508,8,SYNTH
2026-04-21 13:32:34.349Z,2.7517,8,SYNTH
2026-04-21 13:32:35.434Z,2.7481,8,SYNTH
2026-04-21 13:32:36.516Z,2.7493,6,SYNTH
2026-04-21 13:32:37.705Z,2.7503,28,SYNTH
2026-04-21 13:32:38.397Z,2.7512,25,SYNTH
2026-04-21 13:32:39.741Z,2.7494,15,SYNTH
2026-04-21 13:32:40.097Z,2.7517,28,SYNTH
2026-04-21 13:32:41.394Z,2.7493,6,SYNTH
2026-04-21 13:32:42.412Z,2.7494,10,SYNTH
2026-04-21 13:32:43.264Z,2.7518,10,SYNTH
2026-04-21 13:32:44.442Z,2.7514,13,SYNTH
2026-04-21 13:32:45.733Z,2.7494,22,SYNTH
2026-04-21 13:32:46.523Z,2.7518,10,SYNTH
2026-04-21 13:32:47.253Z,2.7515,16,SYNTH
2026-04-21 13:32:48.481Z,2.7489,12,SYNTH
2026-04-21 13:32:49.558Z,2.7482,10,SYNTH
2026-04-21 13:32:50.884Z,2.7515,13,SYNTH
2026-04-21 13:32:51.031Z,2.7512,15,SYNTH
2026-04-21 13:32:52.493Z,2.7478,8,SYNTH
2026-04-21 13:32:53.020Z,2.7516,11,SYNTH
2026-04-21 13:32:54.832Z,2.7489,11,SYNTH
2026-04-21 13:32:55.486Z,2.7503,18,SYNTH
2026-04-21 13:32:56.850Z,2.7520,12,SYNTH
2026-04-21 13:32:57.186Z,2.7521,11,SYNTH
2026-04-21 13:32:58.404Z,2.7493,10,SYNTH
2026-04-21 13:32:59.774Z,2.7515,20,SYNTH
2026-04-21 13:33:00.758Z,2.7557,72,SYNTH
2026-04-21 13:33:01.832Z,2.7553,32,SYNTH
2026-04-21 13:33:02.090Z,2.7532,52,SYNTH
2026-04-21 13:33:03.497Z,2.7525,74,SYNTH
2026-04-21 13:33:04.069Z,2.7556,44,SYNTH
2026-04-21 13:33:05.056Z,2.7540,55,SYNTH
2026-04-21 13:33:06.388Z,2.7572,63,SYNTH
2026-04-21 13:33:07.368Z,2.7539,62,SYNTH
2026-04-21 13:33:08.132Z,2.7541,39,SYNTH
2026-04-21 13:33:09.057Z,2.7572,50,SYNTH
2026-04-21 13:33:10.666Z,2.7537,27,SYNTH
2026-04-21 13:33:11.008Z,2.7571,104,SYNTH
2026-04-21 13:33:12.601Z,2.7531,108,SYNTH
2026-04-21 13:33:13.318Z,2.7561,130,SYNTH
2026-04-21 13:33:14.001Z,2.7534,39,SYNTH
2026-04-21 13:33:15.176Z,2.7555,48,SYNTH
2026-04-21 13:33:16.787Z,2.7530,53,SYNTH
2026-04-21 13:33:17.068Z,2.7534,89,SYNTH
2026-04-21 13:33:18.589Z,2.7558,72,SYNTH
2026-04-21 13:33:19.204Z,2.7567,73,SYNTH
2026-04-21 13:33:20.084Z,2.7546,48,SYNTH
2026-04-21 13:33:21.654Z,2.7571,46,SYNTH
2026-04-21 13:33:22.241Z,2.7575,43,SYNTH
2026-04-21 13:33:23.555Z,2.7583,30,SYNTH
2026-04-21 13:33:24.658Z,2.7595,24,SYNTH
2026-04-21 13:33:25.073Z,2.7588,35,SYNTH
2026-04-21 13:33:26.189Z,2.7607,31,SYNTH
2026-04-21 13:33:27.806Z,2.7618,36,SYNTH
2026-04-21 13:33:28.190Z,2.7639,27,SYNTH
2026-04-21 13:33:29.501Z,2.7645,30,SYNTH
2026-04-21 13:33:30.588Z,2.7663,41,SYNTH
2026-04-21 13:33:31.002Z,2.7661,22,SYNTH
2026-04-21 13:33:32.336Z,2.7675,34,SYNTH
2026-04-21 13:33:33.710Z,2.7681,43,SYNTH
2026-04-21 13:33:34.791Z,2.7689,49,SYNTH
2026-04-21 13:33:35.115Z,2.7679,50,SYNTH
2026-04-21 13:33:36.636Z,2.7707,48,SYNTH
2026-04-21 13:33:37.160Z,2.7683,54,SYNTH
2026-04-21 13:33:38.755Z,2.7710,73,SYNTH
2026-04-21 13:33:39.071Z,2.7717,82,SYNTH
2026-04-21 13:33:40.651Z,2.7684,97,SYNTH
2026-04-21 13:33:41.531Z,2.7676,47,SYNTH
2026-04-21 13:33:42.587Z,2.7685,52,SYNTH
2026-04-21 13:33:43.461Z,2.7682,35,SYNTH
2026-04-21 13:33:44.520Z,2.7670,43,SYNTH
2026-04-21 13:33:45.750Z,2.7694,68,SYNTH
2026-04-21 13:33:46.486Z,2.7664,57,SYNTH
2026-04-21 13:33:47.637Z,2.7686,71,SYNTH
2026-04-21 13:33:48.264Z,2.7662,46,SYNTH
2026-04-21 13:33:49.100Z,2.7692,64,SYNTH
2026-04-21 13:33:50.372Z,2.7699,59,SYNTH
2026-04-21 13:33:51.494Z,2.7711,43,SYNTH
2026-04-21 13:33:52.535Z,2.7675,60,SYNTH
2026-04-21 13:33:53.206Z,2.7704,57,SYNTH
2026-04-21 13:33:54.605Z,2.7716,49,SYNTH
2026-04-21 13:33:55.527Z,2.7710,72,SYNTH
2026-04-21 13:33:56.043Z,2.7674,70,SYNTH
2026-04-21 13:33:57.106Z,2.7708,55,SYNTH
2026-04-21 13:33:58.097Z,2.7711,38,SYNTH
2026-04-21 13:33:59.215Z,2.7703,48,SYNTH
2026-04-21 13:34:00.824Z,2.7681,13,SYNTH
2026-04-21 13:34:01.893Z,2.7692,14,SYNTH
2026-04-21 13:34:02.845Z,2.7694,8,SYNTH
2026-04-21 13:34:03.292Z,2.7670,17,SYNTH
2026-04-21 13:34:04.102Z,2.7696,16,SYNTH
2026-04-21 13:34:05.677Z,2.7669,9,SYNTH
2026-04-21 13:34:06.828Z,2.7661,8,SYNTH
2026-04-21 13:34:07.873Z,2.7690,9,SYNTH
2026-04-21 13:34:08.125Z,2.7675,16,SYNTH
2026-04-21 13:34:09.596Z,2.7680,14,SYNTH
2026-04-21 13:34:10.097Z,2.7652,6,SYNTH
2026-04-21 13:34:11.294Z,2.7680,25,SYNTH
2026-04-21 13:34:12.395Z,2.7685,37,SYNTH
2026-04-21 13:34:13.334Z,2.7661,29,SYNTH
2026-04-21 13:34:14.745Z,2.7660,8,SYNTH
2026-04-21 13:34:15.748Z,2.7654,13,SYNTH
2026-04-21 13:34:16.638Z,2.7681,18,SYNTH
2026-04-21 13:34:17.301Z,2.7689,24,SYNTH
2026-04-21 13:34:18.337Z,2.7677,22,SYNTH
2026-04-21 13:34:19.514Z,2.7675,10,SYNTH
2026-04-21 13:34:20.346Z,2.7689,6,SYNTH
2026-04-21 13:34:21.647Z,2.7672,10,SYNTH
2026-04-21 13:34:22.486Z,2.7689,6,SYNTH
2026-04-21 13:34:23.209Z,2.7656,11,SYNTH
2026-04-21 13:34:24.666Z,2.7693,9,SYNTH
2026-04-21 13:34:25.102Z,2.7694,12,SYNTH
2026-04-21 13:34:26.622Z,2.7693,6,SYNTH
2026-04-21 13:34:27.737Z,2.7660,8,SYNTH
2026-04-21 13:34:28.348Z,2.7649,11,SYNTH
2026-04-21 13:34:29.295Z,2.7687,10,SYNTH
2026-04-21 13:34:30.152Z,2.7693,10,SYNTH
2026-04-21 13:34:31.018Z,2.7668,11,SYNTH
2026-04-21 13:34:32.490Z,2.7679,12,SYNTH
2026-04-21 13:34:33.393Z,2.7651,9,SYNTH
2026-04-21 13:34:34.479Z,2.7687,8,SYNTH
2026-04-21 13:34:35.258Z,2.7691,12,SYNTH
2026-04-21 13:34:36.649Z,2.7674,9,SYNTH
2026-04-21 13:34:37.386Z,2.7671,15,SYNTH
2026-04-21 13:34:38.064Z,2.7696,25,SYNTH
2026-04-21 13:34:39.485Z,2.7658,28,SYNTH
2026-04-21 13:34:40.667Z,2.7663,18,SYNTH
2026-04-21 13:34:41.771Z,2.7694,6,SYNTH
2026-04-21 13:34:42.298Z,2.7653,13,SYNTH
2026-04-21 13:34:43.253Z,2.7687,7,SYNTH
2026-04-21 13:34:44.721Z,2.7688,12,SYNTH
2026-04-21 13:34:45.375Z,2.7677,18,SYNTH
2026-04-21 13:34:46.871Z,2.7680,15,SYNTH
2026-04-21 13:34:47.860Z,2.7667,21,SYNTH
2026-04-21 13:34:48.388Z,2.7670,12,SYNTH
2026-04-21 13:34:49.863Z,2.7679,10,SYNTH
2026-04-21 13:34:50.869Z,2.7656,9,SYNTH
2026-04-21 13:34:51.860Z,2.7658,13,SYNTH
2026-04-21 13:34:52.880Z,2.7681,9,SYNTH
2026-04-21 13:34:53.720Z,2.7682,7,SYNTH
2026-04-21 13:34:54.834Z,2.7678,15,SYNTH
2026-04-21 13:34:55.042Z,2.7656,17,SYNTH
2026-04-21 13:34:56.384Z,2.7680,9,SYNTH
2026-04-21 13:34:57.230Z,2.7652,17,SYNTH
2026-04-21 13:34:58.680Z,2.7682,16,SYNTH
2026-04-21 13:34:59.303Z,2.7689,17,SYNTH
2026-04-21 13:35:00.155Z,2.7712,77,SYNTH
2026-04-21 13:35:01.424Z,2.7715,69,SYNTH
2026-04-21 13:35:02.547Z,2.7692,75,SYNTH
2026-04-21 13:35:03.092Z,2.7714,51,SYNTH
2026-04-21 13:35:04.194Z,2.7693,33,SYNTH
2026-04-21 13:35:05.171Z,2.7706,43,SYNTH
2026-04-21 13:35:06.133Z,2.7721,53,SYNTH
2026-04-21 13:35:07.209Z,2.7715,49,SYNTH
2026-04-21 13:35:08.826Z,2.7694,59,SYNTH
2026-04-21 13:35:09.780Z,2.7691,56,SYNTH
2026-04-21 13:35:10.006Z,2.7708,46,SYNTH
2026-04-21 13:35:11.791Z,2.7685,123,SYNTH
2026-04-21 13:35:12.610Z,2.7719,68,SYNTH
2026-04-21 13:35:13.897Z,2.7680,81,SYNTH
2026-04-21 13:35:14.543Z,2.7715,34,SYNTH
2026-04-21 13:35:15.795Z,2.7689,40,SYNTH
2026-04-21 13:35:16.607Z,2.7720,46,SYNTH
2026-04-21 13:35:17.414Z,2.7683,89,SYNTH
2026-04-21 13:35:18.255Z,2.7715,74,SYNTH
2026-04-21 13:35:19.078Z,2.7719,55,SYNTH
2026-04-21 13:35:20.763Z,2.7702,42,SYNTH
2026-04-21 13:35:21.472Z,2.7692,48,SYNTH
2026-04-21 13:35:22.420Z,2.7716,36,SYNTH
2026-04-21 13:35:23.402Z,2.7688,38,SYNTH
2026-04-21 13:35:24.436Z,2.7676,23,SYNTH
2026-04-21 13:35:25.327Z,2.7674,34,SYNTH
2026-04-21 13:35:26.496Z,2.7699,39,SYNTH
2026-04-21 13:35:27.775Z,2.7712,30,SYNTH
2026-04-21 13:35:28.407Z,2.7692,45,SYNTH
2026-04-21 13:35:29.229Z,2.7712,46,SYNTH
2026-04-21 13:35:30.400Z,2.7681,35,SYNTH
2026-04-21 13:35:31.854Z,2.7706,49,SYNTH
2026-04-21 13:35:32.358Z,2.7718,49,SYNTH
2026-04-21 13:35:33.867Z,2.7685,35,SYNTH
2026-04-21 13:35:34.286Z,2.7687,28,SYNTH
2026-04-21 13:35:35.747Z,2.7720,44,SYNTH
2026-04-21 13:35:36.349Z,2.7720,27,SYNTH
2026-04-21 13:35:37.685Z,2.7695,114,SYNTH
2026-04-21 13:35:38.721Z,2.7697,115,SYNTH
2026-04-21 13:35:39.438Z,2.7706,61,SYNTH
2026-04-21 13:35:40.338Z,2.7707,84,SYNTH
2026-04-21 13:35:41.689Z,2.7722,26,SYNTH
2026-04-21 13:35:42.409Z,2.7691,23,SYNTH
2026-04-21 13:35:43.545Z,2.7706,41,SYNTH
2026-04-21 13:35:44.861Z,2.7723,38,SYNTH
2026-04-21 13:35:45.228Z,2.7676,78,SYNTH
2026-04-21 13:35:46.565Z,2.7705,87,SYNTH
2026-04-21 13:35:47.589Z,2.7701,42,SYNTH
2026-04-21 13:35:48.483Z,2.7686,44,SYNTH
2026-04-21 13:35:49.124Z,2.7713,38,SYNTH
2026-04-21 13:35:50.066Z,2.7689,52,SYNTH
2026-04-21 13:35:51.657Z,2.7706,48,SYNTH
2026-04-21 13:35:52.414Z,2.7700,38,SYNTH
2026-04-21 13:35:53.542Z,2.7689,47,SYNTH
2026-04-21 13:35:54.452Z,2.7714,41,SYNTH
2026-04-21 13:35:55.410Z,2.7684,43,SYNTH
2026-04-21 13:35:56.725Z,2.7720,54,SYNTH
2026-04-21 13:35:57.593Z,2.7689,39,SYNTH
2026-04-21 13:35:58.829Z,2.7716,62,SYNTH
2026-04-21 13:35:59.864Z,2.7682,56,SYNTH
2026-04-21 13:37:00.507Z,2.7766,9,SYNTH
2026-04-21 13:37:01.704Z,2.7737,10,SYNTH
2026-04-21 13:37:02.303Z,2.7764,11,SYNTH
2026-04-21 13:37:03.116Z,2.7731,6,SYNTH
2026-04-21 13:37:04.897Z,2.7723,5,SYNTH
2026-04-21 13:37:05.861Z,2.7767,6,SYNTH
2026-04-21 13:37:06.099Z,2.7770,6,SYNTH
2026-04-21 13:37:07.453Z,2.7740,5,SYNTH
2026-04-21 13:37:08.450Z,2.7755,7,SYNTH
2026-04-21 13:37:09.228Z,2.7736,6,SYNTH
2026-04-21 13:37:10.052Z,2.7766,8,SYNTH
2026-04-21 13:37:11.422Z,2.7730,20,SYNTH
2026-04-21 13:37:12.517Z,2.7768,21,SYNTH
2026-04-21 13:37:13.216Z,2.7754,12,SYNTH
2026-04-21 13:37:14.058Z,2.7737,5,SYNTH
2026-04-21 13:37:15.640Z,2.7762,4,SYNTH
2026-04-21 13:37:16.424Z,2.7738,8,SYNTH
2026-04-21 13:37:17.525Z,2.7760,8,SYNTH
2026-04-21 13:37:18.445Z,2.7774,8,SYNTH
2026-04-21 13:37:19.772Z,2.7750,9,SYNTH
2026-04-21 13:37:20.582Z,2.7755,5,SYNTH
2026-04-21 13:37:21.814Z,2.7748,7,SYNTH
2026-04-21 13:37:22.877Z,2.7732,5,SYNTH
2026-04-21 13:37:23.304Z,2.7758,6,SYNTH
2026-04-21 13:37:24.280Z,2.7756,4,SYNTH
2026-04-21 13:37:25.721Z,2.7735,4,SYNTH
2026-04-21 13:37:26.632Z,2.7762,6,SYNTH
2026-04-21 13:37:27.108Z,2.7751,8,SYNTH
2026-04-21 13:37:28.824Z,2.7736,5,SYNTH
2026-04-21 13:37:29.198Z,2.7760,7,SYNTH
2026-04-21 13:37:30.604Z,2.7729,4,SYNTH
2026-04-21 13:37:31.496Z,2.7756,5,SYNTH
2026-04-21 13:37:32.662Z,2.7727,3,SYNTH
2026-04-21 13:37:33.061Z,2.7757,4,SYNTH
2026-04-21 13:37:34.552Z,2.7751,7,SYNTH
2026-04-21 13:37:35.284Z,2.7729,5,SYNTH
2026-04-21 13:37:36.616Z,2.7757,6,SYNTH
2026-04-21 13:37:37.063Z,2.7724,14,SYNTH
2026-04-21 13:37:38.335Z,2.7732,20,SYNTH
2026-04-21 13:37:39.588Z,2.7721,13,SYNTH
2026-04-21 13:37:40.145Z,2.7751,18,SYNTH
2026-04-21 13:37:41.226Z,2.7725,4,SYNTH
2026-04-21 13:37:42.156Z,2.7742,6,SYNTH
2026-04-21 13:37:43.368Z,2.7747,7,SYNTH
2026-04-21 13:37:44.626Z,2.7737,7,SYNTH
2026-04-21 13:37:45.836Z,2.7750,10,SYNTH
2026-04-21 13:37:46.285Z,2.7758,9,SYNTH
2026-04-21 13:37:47.049Z,2.7723,12,SYNTH
2026-04-21 13:37:48.635Z,2.7720,4,SYNTH
2026-04-21 13:37:49.464Z,2.7730,9,SYNTH
2026-04-21 13:37:50.241Z,2.7725,9,SYNTH
2026-04-21 13:37:51.348Z,2.7726,5,SYNTH
2026-04-21 13:37:52.439Z,2.7750,10,SYNTH
2026-04-21 13:37:53.878Z,2.7734,11,SYNTH
2026-04-21 13:37:54.602Z,2.7729,8,SYNTH
2026-04-21 13:37:55.509Z,2.7757,5,SYNTH
2026-04-21 13:37:56.667Z,2.7732,11,SYNTH
2026-04-21 13:37:57.576Z,2.7746,9,SYNTH
2026-04-21 13:37:58.356Z,2.7732,8,SYNTH
2026-04-21 13:37:59.256Z,2.7728,9,SYNTH
2026-04-21 13:38:00.614Z,2.7757,95,SYNTH
2026-04-21 13:38:01.282Z,2.7731,66,SYNTH
2026-04-21 13:38:02.818Z,2.7740,43,SYNTH
2026-04-21 13:38:03.617Z,2.7751,90,SYNTH
2026-04-21 13:38:04.136Z,2.7757,57,SYNTH
2026-04-21 13:38:05.384Z,2.7743,49,SYNTH
2026-04-21 13:38:06.231Z,2.7745,74,SYNTH
2026-04-21 13:38:07.356Z,2.7732,83,SYNTH
2026-04-21 13:38:08.094Z,2.7762,37,SYNTH
2026-04-21 13:38:09.831Z,2.7773,40,SYNTH
2026-04-21 13:38:10.229Z,2.7732,69,SYNTH
2026-04-21 13:38:11.056Z,2.7767,151,SYNTH
2026-04-21 13:38:12.870Z,2.7735,121,SYNTH
2026-04-21 13:38:13.892Z,2.7744,130,SYNTH
2026-04-21 13:38:14.622Z,2.7756,69,SYNTH
2026-04-21 13:38:15.734Z,2.7731,41,SYNTH
2026-04-21 13:38:16.429Z,2.7760,115,SYNTH
2026-04-21 13:38:17.887Z,2.7768,84,SYNTH
2026-04-21 13:38:18.728Z,2.7742,118,SYNTH
2026-04-21 13:38:19.785Z,2.7773,113,SYNTH
2026-04-21 13:38:20.371Z,2.7736,61,SYNTH
2026-04-21 13:38:21.781Z,2.7727,54,SYNTH
2026-04-21 13:38:22.023Z,2.7763,66,SYNTH
2026-04-21 13:38:23.606Z,2.7726,58,SYNTH
2026-04-21 13:38:24.760Z,2.7754,38,SYNTH
2026-04-21 13:38:25.379Z,2.7717,47,SYNTH
2026-04-21 13:38:26.725Z,2.7755,47,SYNTH
2026-04-21 13:38:27.061Z,2.7714,42,SYNTH
2026-04-21 13:38:28.609Z,2.7751,32,SYNTH
2026-04-21 13:38:29.241Z,2.7710,45,SYNTH
2026-04-21 13:38:30.127Z,2.7730,44,SYNTH
2026-04-21 13:38:31.478Z,2.7716,68,SYNTH
2026-04-21 13:38:32.022Z,2.7706,60,SYNTH
2026-04-21 13:38:33.129Z,2.7728,33,SYNTH
2026-04-21 13:38:34.677Z,2.7693,63,SYNTH
2026-04-21 13:38:35.784Z,2.7708,29,SYNTH
2026-04-21 13:38:36.201Z,2.7717,62,SYNTH
2026-04-21 13:38:37.280Z,2.7723,76,SYNTH
2026-04-21 13:38:38.637Z,2.7717,78,SYNTH
2026-04-21 13:38:39.004Z,2.7695,84,SYNTH
2026-04-21 13:38:40.380Z,2.7680,149,SYNTH
2026-04-21 13:38:41.451Z,2.7721,71,SYNTH
2026-04-21 13:38:42.034Z,2.7681,73,SYNTH
2026-04-21 13:38:43.585Z,2.7709,36,SYNTH
2026-04-21 13:38:44.847Z,2.7724,54,SYNTH
2026-04-21 13:38:45.605Z,2.7689,59,SYNTH
2026-04-21 13:38:46.423Z,2.7722,97,SYNTH
2026-04-21 13:38:47.201Z,2.7730,55,SYNTH
2026-04-21 13:38:48.178Z,2.7698,65,SYNTH
2026-04-21 13:38:49.804Z,2.7716,43,SYNTH
2026-04-21 13:38:50.416Z,2.7720,69,SYNTH
2026-04-21 13:38:51.777Z,2.7727,61,SYNTH
2026-04-21 13:38:52.290Z,2.7686,51,SYNTH
2026-04-21 13:38:53.709Z,2.7722,56,SYNTH
2026-04-21 13:38:54.841Z,2.7695,71,SYNTH
2026-04-21 13:38:55.706Z,2.7726,50,SYNTH
2026-04-21 13:38:56.552Z,2.7687,90,SYNTH
2026-04-21 13:38:57.577Z,2.7686,64,SYNTH
2026-04-21 13:38:58.115Z,2.7684,50,SYNTH
2026-04-21 13:38:59.835Z,2.7703,65,SYNTH
2026-04-21 13:41:00.458Z,2.7719,61,SYNTH
2026-04-21 13:41:01.511Z,2.7710,89,SYNTH
2026-04-21 13:41:02.534Z,2.7704,91,SYNTH
2026-04-21 13:41:03.622Z,2.7681,61,SYNTH
2026-04-21 13:41:04.691Z,2.7678,91,SYNTH
2026-04-21 13:41:05.736Z,2.7713,118,SYNTH
2026-04-21 13:41:06.796Z,2.7681,65,SYNTH
2026-04-21 13:41:07.689Z,2.7715,64,SYNTH
2026-04-21 13:41:08.537Z,2.7690,79,SYNTH
2026-04-21 13:41:09.292Z,2.7703,53,SYNTH
2026-04-21 13:41:10.338Z,2.7713,85,SYNTH
2026-04-21 13:41:11.448Z,2.7693,250,SYNTH
2026-04-21 13:41:12.505Z,2.7709,130,SYNTH
2026-04-21 13:41:13.094Z,2.7685,186,SYNTH
2026-04-21 13:41:14.261Z,2.7696,48,SYNTH
2026-04-21 13:41:15.396Z,2.7702,66,SYNTH
2026-04-21 13:41:16.883Z,2.7682,176,SYNTH
2026-04-21 13:41:17.081Z,2.7686,104,SYNTH
2026-04-21 13:41:18.498Z,2.7715,79,SYNTH
2026-04-21 13:41:19.271Z,2.7710,156,SYNTH
2026-04-21 13:41:20.398Z,2.7714,86,SYNTH
2026-04-21 13:41:21.437Z,2.7691,51,SYNTH
2026-04-21 13:41:22.827Z,2.7716,49,SYNTH
2026-04-21 13:41:23.485Z,2.7706,88,SYNTH
2026-04-21 13:41:24.075Z,2.7683,49,SYNTH
2026-04-21 13:41:25.421Z,2.7706,56,SYNTH
2026-04-21 13:41:26.869Z,2.7717,37,SYNTH
2026-04-21 13:41:27.241Z,2.7698,69,SYNTH
2026-04-21 13:41:28.008Z,2.7711,84,SYNTH
2026-04-21 13:41:29.138Z,2.7690,47,SYNTH
2026-04-21 13:41:30.655Z,2.7686,83,SYNTH
2026-04-21 13:41:31.225Z,2.7696,88,SYNTH
2026-04-21 13:41:32.035Z,2.7713,50,SYNTH
2026-04-21 13:41:33.421Z,2.7723,50,SYNTH
2026-04-21 13:41:34.735Z,2.7689,65,SYNTH
2026-04-21 13:41:35.234Z,2.7679,92,SYNTH
2026-04-21 13:41:36.378Z,2.7704,81,SYNTH
2026-04-21 13:41:37.840Z,2.7711,117,SYNTH
2026-04-21 13:41:38.010Z,2.7692,220,SYNTH
2026-04-21 13:41:39.809Z,2.7689,240,SYNTH
2026-04-21 13:41:40.768Z,2.7712,170,SYNTH
2026-04-21 13:41:41.080Z,2.7707,88,SYNTH
2026-04-21 13:41:42.631Z,2.7690,67,SYNTH
2026-04-21 13:41:43.130Z,2.7710,94,SYNTH
2026-04-21 13:41:44.772Z,2.7689,95,SYNTH
2026-04-21 13:41:45.502Z,2.7722,76,SYNTH
2026-04-21 13:41:46.098Z,2.7683,117,SYNTH
2026-04-21 13:41:47.871Z,2.7719,132,SYNTH
2026-04-21 13:41:48.210Z,2.7697,79,SYNTH
2026-04-21 13:41:49.223Z,2.7690,53,SYNTH
2026-04-21 13:41:50.739Z,2.7714,52,SYNTH
2026-04-21 13:41:51.254Z,2.7680,70,SYNTH
2026-04-21 13:41:52.146Z,2.7723,119,SYNTH
2026-04-21 13:41:53.276Z,2.7690,90,SYNTH
2026-04-21 13:41:54.652Z,2.7695,56,SYNTH
2026-04-21 13:41:55.354Z,2.7682,110,SYNTH
2026-04-21 13:41:56.856Z,2.7700,122,SYNTH
2026-04-21 13:41:57.844Z,2.7701,65,SYNTH
2026-04-21 13:41:58.196Z,2.7683,125,SYNTH
2026-04-21 13:41:59.428Z,2.7710,79,SYNTH
2026-04-21 13:42:00.746Z,2.7810,143,SYNTH
2026-04-21 13:42:01.279Z,2.7789,99,SYNTH
2026-04-21 13:42:02.825Z,2.7805,83,SYNTH
2026-04-21 13:42:03.010Z,2.7818,94,SYNTH
2026-04-21 13:42:04.182Z,2.7788,113,SYNTH
2026-04-21 13:42:05.039Z,2.7785,114,SYNTH
2026-04-21 13:42:06.275Z,2.7812,92,SYNTH
2026-04-21 13:42:07.565Z,2.7776,125,SYNTH
2026-04-21 13:42:08.035Z,2.7797,93,SYNTH
2026-04-21 13:42:09.459Z,2.7802,117,SYNTH
2026-04-21 13:42:10.608Z,2.7811,71,SYNTH
2026-04-21 13:42:11.685Z,2.7805,156,SYNTH
2026-04-21 13:42:12.817Z,2.7788,205,SYNTH
2026-04-21 13:42:13.788Z,2.7798,139,SYNTH
2026-04-21 13:42:14.802Z,2.7822,88,SYNTH
2026-04-21 13:42:15.689Z,2.7791,83,SYNTH
2026-04-21 13:42:16.894Z,2.7778,148,SYNTH
2026-04-21 13:42:17.074Z,2.7811,102,SYNTH
2026-04-21 13:42:18.739Z,2.7811,179,SYNTH
2026-04-21 13:42:19.521Z,2.7816,126,SYNTH
2026-04-21 13:42:20.045Z,2.7815,70,SYNTH
2026-04-21 13:42:21.069Z,2.7815,75,SYNTH
2026-04-21 13:42:22.123Z,2.7835,56,SYNTH
2026-04-21 13:42:23.612Z,2.7833,77,SYNTH
2026-04-21 13:42:24.034Z,2.7849,58,SYNTH
2026-04-21 13:42:25.622Z,2.7840,59,SYNTH
2026-04-21 13:42:26.316Z,2.7857,83,SYNTH
2026-04-21 13:42:27.348Z,2.7861,77,SYNTH
2026-04-21 13:42:28.279Z,2.7880,86,SYNTH
2026-04-21 13:42:29.439Z,2.7888,73,SYNTH
2026-04-21 13:42:30.298Z,2.7901,42,SYNTH
2026-04-21 13:42:31.065Z,2.7912,97,SYNTH
2026-04-21 13:42:32.548Z,2.7939,55,SYNTH
2026-04-21 13:42:33.253Z,2.7933,65,SYNTH
2026-04-21 13:42:34.137Z,2.7942,75,SYNTH
2026-04-21 13:42:35.145Z,2.7933,89,SYNTH
2026-04-21 13:42:36.105Z,2.7941,42,SYNTH
2026-04-21 13:42:37.243Z,2.7961,149,SYNTH
2026-04-21 13:42:38.890Z,2.7966,230,SYNTH
2026-04-21 13:42:39.411Z,2.7924,254,SYNTH
2026-04-21 13:42:40.236Z,2.7957,232,SYNTH
2026-04-21 13:42:41.180Z,2.7941,64,SYNTH
2026-04-21 13:42:42.090Z,2.7923,102,SYNTH
2026-04-21 13:42:43.599Z,2.7920,87,SYNTH
2026-04-21 13:42:44.212Z,2.7961,90,SYNTH
2026-04-21 13:42:45.541Z,2.7929,74,SYNTH
2026-04-21 13:42:46.182Z,2.7927,77,SYNTH
2026-04-21 13:42:47.299Z,2.7940,100,SYNTH
2026-04-21 13:42:48.738Z,2.7917,70,SYNTH
2026-04-21 13:42:49.860Z,2.7909,68,SYNTH
2026-04-21 13:42:50.229Z,2.7944,50,SYNTH
2026-04-21 13:42:51.242Z,2.7908,114,SYNTH
2026-04-21 13:42:52.252Z,2.7914,80,SYNTH
2026-04-21 13:42:53.587Z,2.7922,65,SYNTH
2026-04-21 13:42:54.124Z,2.7899,129,SYNTH
2026-04-21 13:42:55.164Z,2.7889,111,SYNTH
2026-04-21 13:42:56.258Z,2.7919,104,SYNTH
2026-04-21 13:42:57.045Z,2.7894,59,SYNTH
2026-04-21 13:42:58.775Z,2.7885,95,SYNTH
2026-04-21 13:42:59.528Z,2.7903,144,SYNTH
2026-04-21 13:43:00.420Z,2.7860,3,SYNTH
2026-04-21 13:43:01.329Z,2.7861,2,SYNTH
2026-04-21 13:43:02.374Z,2.7860,2,SYNTH
2026-04-21 13:43:03.143Z,2.7865,2,SYNTH
2026-04-21 13:43:04.015Z,2.7842,2,SYNTH
2026-04-21 13:43:05.348Z,2.7868,3,SYNTH
2026-04-21 13:43:06.168Z,2.7847,2,SYNTH
2026-04-21 13:43:07.033Z,2.7868,2,SYNTH
2026-04-21 13:43:08.164Z,2.7840,3,SYNTH
2026-04-21 13:43:09.128Z,2.7869,2,SYNTH
2026-04-21 13:43:10.763Z,2.7871,2,SYNTH
2026-04-21 13:43:11.520Z,2.7841,4,SYNTH
2026-04-21 13:43:12.453Z,2.7840,4,SYNTH
2026-04-21 13:43:13.309Z,2.7840,3,SYNTH
2026-04-21 13:43:14.030Z,2.7857,1,SYNTH
2026-04-21 13:43:15.182Z,2.7877,2,SYNTH
2026-04-21 13:43:16.524Z,2.7839,4,SYNTH
2026-04-21 13:43:17.890Z,2.7860,4,SYNTH
2026-04-21 13:43:18.879Z,2.7870,3,SYNTH
2026-04-21 13:43:19.088Z,2.7844,3,SYNTH
2026-04-21 13:43:20.528Z,2.7858,2,SYNTH
2026-04-21 13:43:21.025Z,2.7837,2,SYNTH
2026-04-21 13:43:22.149Z,2.7872,1,SYNTH
2026-04-21 13:43:23.646Z,2.7858,1,SYNTH
2026-04-21 13:43:24.228Z,2.7841,1,SYNTH
2026-04-21 13:43:25.182Z,2.7832,1,SYNTH
2026-04-21 13:43:26.840Z,2.7868,1,SYNTH
2026-04-21 13:43:27.603Z,2.7843,1,SYNTH
2026-04-21 13:43:28.797Z,2.7861,2,SYNTH
2026-04-21 13:43:29.775Z,2.7841,1,SYNTH
2026-04-21 13:43:30.260Z,2.7854,2,SYNTH
2026-04-21 13:43:31.176Z,2.7857,2,SYNTH
2026-04-21 13:43:32.660Z,2.7832,1,SYNTH
2026-04-21 13:43:33.049Z,2.7840,2,SYNTH
2026-04-21 13:43:34.029Z,2.7858,1,SYNTH
2026-04-21 13:43:35.029Z,2.7833,1,SYNTH
2026-04-21 13:43:36.063Z,2.7857,2,SYNTH
2026-04-21 13:43:37.518Z,2.7845,4,SYNTH
2026-04-21 13:43:38.832Z,2.7864,3,SYNTH
2026-04-21 13:43:39.588Z,2.7833,3,SYNTH
2026-04-21 13:43:40.309Z,2.7866,4,SYNTH
2026-04-21 13:43:41.595Z,2.7830,1,SYNTH
2026-04-21 13:43:42.030Z,2.7848,2,SYNTH
2026-04-21 13:43:43.681Z,2.7837,2,SYNTH
2026-04-21 13:43:44.477Z,2.7871,2,SYNTH
2026-04-21 13:43:45.111Z,2.7842,2,SYNTH
2026-04-21 13:43:46.234Z,2.7869,3,SYNTH
2026-04-21 13:43:47.525Z,2.7866,2,SYNTH
2026-04-21 13:43:48.818Z,2.7847,1,SYNTH
2026-04-21 13:43:49.872Z,2.7864,1,SYNTH
2026-04-21 13:43:50.208Z,2.7843,2,SYNTH
2026-04-21 13:43:51.815Z,2.7841,1,SYNTH
2026-04-21 13:43:52.692Z,2.7858,2,SYNTH
2026-04-21 13:43:53.566Z,2.7859,2,SYNTH
2026-04-21 13:43:54.257Z,2.7841,2,SYNTH
2026-04-21 13:43:55.327Z,2.7870,2,SYNTH
2026-04-21 13:43:56.704Z,2.7859,3,SYNTH
2026-04-21 13:43:57.518Z,2.7839,3,SYNTH
2026-04-21 13:43:58.709Z,2.7868,3,SYNTH
2026-04-21 13:43:59.702Z,2.7831,2,SYNTH
2026-04-21 13:44:00.837Z,2.7912,178,SYNTH
2026-04-21 13:44:01.186Z,2.7878,176,SYNTH
2026-04-21 13:44:02.733Z,2.7914,250,SYNTH
2026-04-21 13:44:03.586Z,2.7922,225,SYNTH
2026-04-21 13:44:04.408Z,2.7890,161,SYNTH
2026-04-21 13:44:05.570Z,2.7917,129,SYNTH
2026-04-21 13:44:06.300Z,2.7898,170,SYNTH
2026-04-21 13:44:07.623Z,2.7892,149,SYNTH
2026-04-21 13:44:08.294Z,2.7878,183,SYNTH
2026-04-21 13:44:09.143Z,2.7915,147,SYNTH
2026-04-21 13:44:10.078Z,2.7878,157,SYNTH
2026-04-21 13:44:11.856Z,2.7891,433,SYNTH
2026-04-21 13:44:12.396Z,2.7910,237,SYNTH
2026-04-21 13:44:13.376Z,2.7917,317,SYNTH
2026-04-21 13:44:14.668Z,2.7897,91,SYNTH
2026-04-21 13:44:15.077Z,2.7884,166,SYNTH
2026-04-21 13:44:16.083Z,2.7918,193,SYNTH
2026-04-21 13:44:17.342Z,2.7914,141,SYNTH
2026-04-21 13:44:18.163Z,2.7885,212,SYNTH
2026-04-21 13:44:19.700Z,2.7913,262,SYNTH
2026-04-21 13:44:20.217Z,2.7915,172,SYNTH
2026-04-21 13:44:21.352Z,2.7927,172,SYNTH
2026-04-21 13:44:22.386Z,2.7924,167,SYNTH
2026-04-21 13:44:23.640Z,2.7921,113,SYNTH
2026-04-21 13:44:24.512Z,2.7928,157,SYNTH
2026-04-21 13:44:25.289Z,2.7926,91,SYNTH
2026-04-21 13:44:26.465Z,2.7943,133,SYNTH
2026-04-21 13:44:27.867Z,2.7951,90,SYNTH
2026-04-21 13:44:28.285Z,2.7948,163,SYNTH
2026-04-21 13:44:29.585Z,2.7962,100,SYNTH
2026-04-21 13:44:30.652Z,2.7964,114,SYNTH
2026-04-21 13:44:31.491Z,2.7987,138,SYNTH
2026-04-21 13:44:32.821Z,2.7998,160,SYNTH
2026-04-21 13:44:33.609Z,2.7987,150,SYNTH
2026-04-21 13:44:34.493Z,2.8002,163,SYNTH
2026-04-21 13:44:35.488Z,2.7999,126,SYNTH
2026-04-21 13:44:36.037Z,2.7993,104,SYNTH
2026-04-21 13:44:37.803Z,2.8003,221,SYNTH
2026-04-21 13:44:38.669Z,2.8002,348,SYNTH
2026-04-21 13:44:39.150Z,2.7983,341,SYNTH
2026-04-21 13:44:40.808Z,2.7980,369,SYNTH
2026-04-21 13:44:41.303Z,2.8004,163,SYNTH
2026-04-21 13:44:42.742Z,2.7989,132,SYNTH
2026-04-21 13:44:43.253Z,2.7992,134,SYNTH
2026-04-21 13:44:44.686Z,2.7986,141,SYNTH
2026-04-21 13:44:45.711Z,2.8010,141,SYNTH
2026-04-21 13:44:46.230Z,2.7981,161,SYNTH
2026-04-21 13:44:47.768Z,2.8009,184,SYNTH
2026-04-21 13:44:48.792Z,2.7973,137,SYNTH
2026-04-21 13:44:49.465Z,2.7975,105,SYNTH
2026-04-21 13:44:50.288Z,2.7996,125,SYNTH
2026-04-21 13:44:51.026Z,2.8005,127,SYNTH
2026-04-21 13:44:52.662Z,2.7990,116,SYNTH
2026-04-21 13:44:53.894Z,2.8000,119,SYNTH
2026-04-21 13:44:54.099Z,2.7983,170,SYNTH
2026-04-21 13:44:55.143Z,2.8016,137,SYNTH
2026-04-21 13:44:56.149Z,2.7990,240,SYNTH
2026-04-21 13:44:57.150Z,2.8006,149,SYNTH
2026-04-21 13:44:58.130Z,2.8010,206,SYNTH
2026-04-21 13:44:59.849Z,2.7992,175,SYNTH
2026-04-21 13:45:00.690Z,2.8010,285,SYNTH
2026-04-21 13:45:01.481Z,2.7985,473,SYNTH
2026-04-21 13:45:02.118Z,2.7978,432,SYNTH
2026-04-21 13:45:03.124Z,2.8006,373,SYNTH
2026-04-21 13:45:04.753Z,2.7984,367,SYNTH
2026-04-21 13:45:05.333Z,2.8018,478,SYNTH
2026-04-21 13:45:06.611Z,2.7996,511,SYNTH
2026-04-21 13:45:07.708Z,2.8022,483,SYNTH
2026-04-21 13:45:08.267Z,2.8008,316,SYNTH
2026-04-21 13:45:09.625Z,2.7985,472,SYNTH
2026-04-21 13:45:10.130Z,2.7990,413,SYNTH
2026-04-21 13:45:11.303Z,2.8015,778,SYNTH
2026-04-21 13:45:12.502Z,2.7980,1095,SYNTH
2026-04-21 13:45:13.488Z,2.8010,900,SYNTH
2026-04-21 13:45:14.299Z,2.7986,417,SYNTH
2026-04-21 13:45:15.895Z,2.8013,440,SYNTH
2026-04-21 13:45:16.035Z,2.7982,550,SYNTH
2026-04-21 13:45:17.516Z,2.8006,560,SYNTH
2026-04-21 13:45:18.111Z,2.8014,519,SYNTH
2026-04-21 13:45:19.358Z,2.7999,387,SYNTH
2026-04-21 13:45:20.510Z,2.8024,431,SYNTH
2026-04-21 13:45:21.004Z,2.8025,241,SYNTH
2026-04-21 13:45:22.798Z,2.8035,311,SYNTH
2026-04-21 13:45:23.237Z,2.8047,182,SYNTH
2026-04-21 13:45:24.822Z,2.8085,287,SYNTH
2026-04-21 13:45:25.161Z,2.8100,320,SYNTH
2026-04-21 13:45:26.475Z,2.8106,189,SYNTH
2026-04-21 13:45:27.148Z,2.8138,301,SYNTH
2026-04-21 13:45:28.209Z,2.8159,380,SYNTH
2026-04-21 13:45:29.272Z,2.8187,200,SYNTH
2026-04-21 13:45:30.170Z,2.8197,170,SYNTH
2026-04-21 13:45:31.265Z,2.8219,166,SYNTH
2026-04-21 13:45:32.572Z,2.8246,396,SYNTH
2026-04-21 13:45:33.319Z,2.8270,307,SYNTH
2026-04-21 13:45:34.517Z,2.8281,281,SYNTH
2026-04-21 13:45:35.118Z,2.8279,218,SYNTH
2026-04-21 13:45:36.047Z,2.8297,206,SYNTH
2026-04-21 13:45:37.625Z,2.8314,806,SYNTH
2026-04-21 13:45:38.124Z,2.8319,466,SYNTH
2026-04-21 13:45:39.211Z,2.8298,592,SYNTH
2026-04-21 13:45:40.407Z,2.8313,569,SYNTH
2026-04-21 13:45:41.771Z,2.8291,281,SYNTH
2026-04-21 13:45:42.040Z,2.8283,267,SYNTH
2026-04-21 13:45:43.498Z,2.8265,272,SYNTH
2026-04-21 13:45:44.370Z,2.8277,438,SYNTH
2026-04-21 13:45:45.503Z,2.8284,318,SYNTH
2026-04-21 13:45:46.577Z,2.8245,655,SYNTH
2026-04-21 13:45:47.320Z,2.8278,408,SYNTH
2026-04-21 13:45:48.587Z,2.8289,435,SYNTH
2026-04-21 13:45:49.006Z,2.8247,384,SYNTH
2026-04-21 13:45:50.123Z,2.8249,282,SYNTH
2026-04-21 13:45:51.782Z,2.8269,314,SYNTH
2026-04-21 13:45:52.494Z,2.8264,389,SYNTH
2026-04-21 13:45:53.217Z,2.8260,560,SYNTH
2026-04-21 13:45:54.568Z,2.8252,568,SYNTH
2026-04-21 13:45:55.517Z,2.8243,507,SYNTH
2026-04-21 13:45:56.712Z,2.8246,448,SYNTH
2026-04-21 13:45:57.639Z,2.8235,441,SYNTH
2026-04-21 13:45:58.346Z,2.8258,447,SYNTH
2026-04-21 13:45:59.705Z,2.8244,602,SYNTH
2026-04-21 13:46:00.196Z,2.8260,57,SYNTH
2026-04-21 13:46:01.439Z,2.8228,92,SYNTH
2026-04-21 13:46:02.350Z,2.8260,44,SYNTH
2026-04-21 13:46:03.114Z,2.8263,49,SYNTH
2026-04-21 13:46:04.062Z,2.8246,102,SYNTH
2026-04-21 13:46:05.000Z,2.8257,71,SYNTH
2026-04-21 13:46:06.013Z,2.8235,75,SYNTH
2026-04-21 13:46:07.132Z,2.8272,69,SYNTH
2026-04-21 13:46:08.364Z,2.8250,62,SYNTH
2026-04-21 13:46:09.770Z,2.8255,39,SYNTH
2026-04-21 13:46:10.615Z,2.8258,90,SYNTH
2026-04-21 13:46:11.716Z,2.8233,198,SYNTH
2026-04-21 13:46:12.074Z,2.8252,138,SYNTH
2026-04-21 13:46:13.864Z,2.8270,141,SYNTH
2026-04-21 13:46:14.787Z,2.8238,76,SYNTH
2026-04-21 13:46:15.604Z,2.8255,41,SYNTH
2026-04-21 13:46:16.690Z,2.8243,140,SYNTH
2026-04-21 13:46:17.564Z,2.8258,118,SYNTH
2026-04-21 13:46:18.551Z,2.8229,100,SYNTH
2026-04-21 13:46:19.889Z,2.8269,111,SYNTH
2026-04-21 13:46:20.559Z,2.8231,44,SYNTH
2026-04-21 13:46:21.127Z,2.8260,61,SYNTH
2026-04-21 13:46:22.777Z,2.8214,60,SYNTH
2026-04-21 13:46:23.617Z,2.8250,68,SYNTH
2026-04-21 13:46:24.771Z,2.8211,59,SYNTH
2026-04-21 13:46:25.104Z,2.8239,72,SYNTH
2026-04-21 13:46:26.237Z,2.8208,67,SYNTH
2026-04-21 13:46:27.711Z,2.8204,67,SYNTH
2026-04-21 13:46:28.527Z,2.8203,55,SYNTH
2026-04-21 13:46:29.465Z,2.8170,71,SYNTH
2026-04-21 13:46:30.237Z,2.8171,54,SYNTH
2026-04-21 13:46:31.142Z,2.8181,41,SYNTH
2026-04-21 13:46:32.842Z,2.8158,57,SYNTH
2026-04-21 13:46:33.110Z,2.8159,44,SYNTH
2026-04-21 13:46:34.710Z,2.8175,41,SYNTH
2026-04-21 13:46:35.613Z,2.8143,48,SYNTH
2026-04-21 13:46:36.319Z,2.8146,70,SYNTH
2026-04-21 13:46:37.119Z,2.8138,127,SYNTH
2026-04-21 13:46:38.668Z,2.8144,164,SYNTH
2026-04-21 13:46:39.437Z,2.8152,108,SYNTH
2026-04-21 13:46:40.721Z,2.8152,189,SYNTH
2026-04-21 13:46:41.272Z,2.8162,43,SYNTH
2026-04-21 13:46:42.231Z,2.8142,55,SYNTH
2026-04-21 13:46:43.552Z,2.8151,69,SYNTH
2026-04-21 13:46:44.292Z,2.8167,35,SYNTH
2026-04-21 13:46:45.458Z,2.8175,55,SYNTH
2026-04-21 13:46:46.639Z,2.8169,80,SYNTH
2026-04-21 13:46:47.550Z,2.8151,125,SYNTH
2026-04-21 13:46:48.496Z,2.8150,78,SYNTH
2026-04-21 13:46:49.128Z,2.8180,61,SYNTH
2026-04-21 13:46:50.780Z,2.8144,39,SYNTH
2026-04-21 13:46:51.779Z,2.8170,75,SYNTH
2026-04-21 13:46:52.449Z,2.8134,89,SYNTH
2026-04-21 13:46:53.337Z,2.8171,76,SYNTH
2026-04-21 13:46:54.421Z,2.8172,86,SYNTH
2026-04-21 13:46:55.318Z,2.8169,45,SYNTH
2026-04-21 13:46:56.019Z,2.8138,74,SYNTH
2026-04-21 13:46:57.615Z,2.8139,88,SYNTH
2026-04-21 13:46:58.186Z,2.8135,49,SYNTH
2026-04-21 13:46:59.511Z,2.8162,85,SYNTH
2026-04-21 13:47:00.463Z,2.8152,125,SYNTH
2026-04-21 13:47:01.454Z,2.8162,263,SYNTH
2026-04-21 13:47:02.533Z,2.8163,232,SYNTH
2026-04-21 13:47:03.460Z,2.8133,213,SYNTH
2026-04-21 13:47:04.277Z,2.8163,184,SYNTH
2026-04-21 13:47:05.334Z,2.8134,141,SYNTH
2026-04-21 13:47:06.143Z,2.8149,113,SYNTH
2026-04-21 13:47:07.488Z,2.8174,157,SYNTH
2026-04-21 13:47:08.237Z,2.8137,225,SYNTH
2026-04-21 13:47:09.603Z,2.8130,172,SYNTH
2026-04-21 13:47:10.324Z,2.8169,198,SYNTH
2026-04-21 13:47:11.449Z,2.8134,511,SYNTH
2026-04-21 13:47:12.666Z,2.8144,326,SYNTH
2026-04-21 13:47:13.766Z,2.8174,418,SYNTH
2026-04-21 13:47:14.136Z,2.8148,84,SYNTH
2026-04-21 13:47:15.165Z,2.8169,117,SYNTH
2026-04-21 13:47:16.794Z,2.8173,156,SYNTH
2026-04-21 13:47:17.634Z,2.8141,291,SYNTH
2026-04-21 13:47:18.739Z,2.8160,256,SYNTH
2026-04-21 13:47:19.801Z,2.8139,157,SYNTH
2026-04-21 13:47:20.710Z,2.8154,89,SYNTH
2026-04-21 13:47:21.266Z,2.8175,97,SYNTH
2026-04-21 13:47:22.169Z,2.8138,163,SYNTH
2026-04-21 13:47:23.161Z,2.8162,132,SYNTH
2026-04-21 13:47:24.850Z,2.8162,140,SYNTH
2026-04-21 13:47:25.544Z,2.8154,85,SYNTH
2026-04-21 13:47:26.436Z,2.8171,112,SYNTH
2026-04-21 13:47:27.222Z,2.8187,129,SYNTH
2026-04-21 13:47:28.494Z,2.8154,81,SYNTH
2026-04-21 13:47:29.573Z,2.8193,96,SYNTH
2026-04-21 13:47:30.321Z,2.8177,108,SYNTH
2026-04-21 13:47:31.815Z,2.8186,109,SYNTH
2026-04-21 13:47:32.303Z,2.8207,131,SYNTH
2026-04-21 13:47:33.555Z,2.8198,151,SYNTH
2026-04-21 13:47:34.512Z,2.8218,128,SYNTH
2026-04-21 13:47:35.653Z,2.8183,166,SYNTH
2026-04-21 13:47:36.638Z,2.8213,116,SYNTH
2026-04-21 13:47:37.708Z,2.8182,410,SYNTH
2026-04-21 13:47:38.109Z,2.8215,209,SYNTH
2026-04-21 13:47:39.486Z,2.8204,444,SYNTH
2026-04-21 13:47:40.532Z,2.8179,326,SYNTH
2026-04-21 13:47:41.621Z,2.8209,145,SYNTH
2026-04-21 13:47:42.791Z,2.8189,110,SYNTH
2026-04-21 13:47:43.312Z,2.8204,168,SYNTH
2026-04-21 13:47:44.813Z,2.8178,130,SYNTH
2026-04-21 13:47:45.731Z,2.8212,187,SYNTH
2026-04-21 13:47:46.194Z,2.8190,175,SYNTH
2026-04-21 13:47:47.576Z,2.8207,264,SYNTH
2026-04-21 13:47:48.578Z,2.8184,88,SYNTH
2026-04-21 13:47:49.514Z,2.8209,170,SYNTH
2026-04-21 13:47:50.568Z,2.8183,199,SYNTH
2026-04-21 13:47:51.644Z,2.8178,190,SYNTH
2026-04-21 13:47:52.369Z,2.8202,157,SYNTH
2026-04-21 13:47:53.369Z,2.8191,181,SYNTH
2026-04-21 13:47:54.157Z,2.8190,106,SYNTH
2026-04-21 13:47:55.573Z,2.8211,232,SYNTH
2026-04-21 13:47:56.198Z,2.8185,158,SYNTH
2026-04-21 13:47:57.497Z,2.8219,116,SYNTH
2026-04-21 13:47:58.781Z,2.8192,222,SYNTH
2026-04-21 13:47:59.032Z,2.8204,222,SYNTH
2026-04-21 13:48:00.747Z,2.8173,263,SYNTH
2026-04-21 13:48:01.157Z,2.8166,174,SYNTH
2026-04-21 13:48:02.805Z,2.8137,221,SYNTH
2026-04-21 13:48:03.576Z,2.8173,207,SYNTH
2026-04-21 13:48:04.089Z,2.8175,152,SYNTH
2026-04-21 13:48:05.573Z,2.8136,245,SYNTH
2026-04-21 13:48:06.883Z,2.8174,145,SYNTH
2026-04-21 13:48:07.752Z,2.8137,142,SYNTH
2026-04-21 13:48:08.318Z,2.8167,194,SYNTH
2026-04-21 13:48:09.896Z,2.8178,127,SYNTH
2026-04-21 13:48:10.269Z,2.8160,130,SYNTH
2026-04-21 13:48:11.773Z,2.8162,425,SYNTH
2026-04-21 13:48:12.337Z,2.8145,351,SYNTH
2026-04-21 13:48:13.694Z,2.8179,276,SYNTH
2026-04-21 13:48:14.103Z,2.8142,175,SYNTH
2026-04-21 13:48:15.536Z,2.8165,95,SYNTH
2026-04-21 13:48:16.471Z,2.8167,287,SYNTH
2026-04-21 13:48:17.892Z,2.8141,264,SYNTH
2026-04-21 13:48:18.262Z,2.8143,338,SYNTH
2026-04-21 13:48:19.776Z,2.8171,312,SYNTH
2026-04-21 13:48:20.368Z,2.8151,129,SYNTH
2026-04-21 13:48:21.530Z,2.8128,175,SYNTH
2026-04-21 13:48:22.074Z,2.8159,74,SYNTH
2026-04-21 13:48:23.502Z,2.8159,77,SYNTH
2026-04-21 13:48:24.382Z,2.8116,84,SYNTH
2026-04-21 13:48:25.777Z,2.8140,146,SYNTH
2026-04-21 13:48:26.127Z,2.8117,110,SYNTH
2026-04-21 13:48:27.108Z,2.8117,169,SYNTH
2026-04-21 13:48:28.688Z,2.8114,82,SYNTH
2026-04-21 13:48:29.010Z,2.8124,88,SYNTH
2026-04-21 13:48:30.266Z,2.8101,82,SYNTH
2026-04-21 13:48:31.672Z,2.8108,109,SYNTH
2026-04-21 13:48:32.373Z,2.8122,74,SYNTH
2026-04-21 13:48:33.776Z,2.8109,87,SYNTH
2026-04-21 13:48:34.551Z,2.8090,167,SYNTH
2026-04-21 13:48:35.461Z,2.8102,141,SYNTH
2026-04-21 13:48:36.013Z,2.8117,108,SYNTH
2026-04-21 13:48:37.822Z,2.8091,409,SYNTH
2026-04-21 13:48:38.829Z,2.8081,368,SYNTH
2026-04-21 13:48:39.711Z,2.8121,438,SYNTH
2026-04-21 13:48:40.686Z,2.8077,326,SYNTH
2026-04-21 13:48:41.214Z,2.8116,189,SYNTH
2026-04-21 13:48:42.017Z,2.8122,160,SYNTH
2026-04-21 13:48:43.295Z,2.8082,178,SYNTH
2026-04-21 13:48:44.291Z,2.8113,171,SYNTH
2026-04-21 13:48:45.475Z,2.8124,128,SYNTH
2026-04-21 13:48:46.383Z,2.8092,239,SYNTH
2026-04-21 13:48:47.575Z,2.8121,137,SYNTH
2026-04-21 13:48:48.198Z,2.8085,151,SYNTH
2026-04-21 13:48:49.756Z,2.8124,120,SYNTH
2026-04-21 13:48:50.724Z,2.8122,169,SYNTH
2026-04-21 13:48:51.467Z,2.8087,103,SYNTH
2026-04-21 13:48:52.220Z,2.8113,194,SYNTH
2026-04-21 13:48:53.325Z,2.8095,100,SYNTH
2026-04-21 13:48:54.720Z,2.8084,123,SYNTH
2026-04-21 13:48:55.017Z,2.8109,115,SYNTH
2026-04-21 13:48:56.238Z,2.8121,165,SYNTH
2026-04-21 13:48:57.465Z,2.8122,164,SYNTH
2026-04-21 13:48:58.676Z,2.8096,256,SYNTH
2026-04-21 13:48:59.101Z,2.8106,131,SYNTH
2026-04-21 13:51:00.809Z,2.8165,8,SYNTH
2026-04-21 13:51:01.264Z,2.8132,19,SYNTH
2026-04-21 13:51:02.750Z,2.8139,16,SYNTH
2026-04-21 13:51:03.081Z,2.8128,14,SYNTH
2026-04-21 13:51:04.304Z,2.8156,16,SYNTH
2026-04-21 13:51:05.865Z,2.8134,12,SYNTH
2026-04-21 13:51:06.114Z,2.8162,16,SYNTH
2026-04-21 13:51:07.666Z,2.8149,14,SYNTH
2026-04-21 13:51:08.454Z,2.8153,14,SYNTH
2026-04-21 13:51:09.467Z,2.8140,10,SYNTH
2026-04-21 13:51:10.222Z,2.8168,9,SYNTH
2026-04-21 13:51:11.725Z,2.8137,25,SYNTH
2026-04-21 13:51:12.893Z,2.8159,34,SYNTH
2026-04-21 13:51:13.193Z,2.8152,27,SYNTH
2026-04-21 13:51:14.253Z,2.8168,6,SYNTH
2026-04-21 13:51:15.606Z,2.8167,9,SYNTH
2026-04-21 13:51:16.701Z,2.8138,19,SYNTH
2026-04-21 13:51:17.221Z,2.8159,23,SYNTH
2026-04-21 13:51:18.785Z,2.8167,20,SYNTH
2026-04-21 13:51:19.058Z,2.8130,18,SYNTH
2026-04-21 13:51:20.024Z,2.8163,8,SYNTH
2026-04-21 13:51:21.195Z,2.8146,9,SYNTH
2026-04-21 13:51:22.729Z,2.8165,8,SYNTH
2026-04-21 13:51:23.211Z,2.8148,6,SYNTH
2026-04-21 13:51:24.775Z,2.8174,9,SYNTH
2026-04-21 13:51:25.831Z,2.8169,9,SYNTH
2026-04-21 13:51:26.156Z,2.8159,6,SYNTH
2026-04-21 13:51:27.506Z,2.8182,6,SYNTH
2026-04-21 13:51:28.345Z,2.8167,5,SYNTH
2026-04-21 13:51:29.151Z,2.8187,12,SYNTH
2026-04-21 13:51:30.706Z,2.8160,5,SYNTH
2026-04-21 13:51:31.802Z,2.8186,12,SYNTH
2026-04-21 13:51:32.753Z,2.8192,10,SYNTH
2026-04-21 13:51:33.262Z,2.8168,7,SYNTH
2026-04-21 13:51:34.338Z,2.8195,10,SYNTH
2026-04-21 13:51:35.477Z,2.8194,7,SYNTH
2026-04-21 13:51:36.295Z,2.8171,10,SYNTH
2026-04-21 13:51:37.595Z,2.8196,29,SYNTH
2026-04-21 13:51:38.010Z,2.8193,30,SYNTH
2026-04-21 13:51:39.701Z,2.8201,14,SYNTH
2026-04-21 13:51:40.740Z,2.8207,33,SYNTH
2026-04-21 13:51:41.119Z,2.8174,13,SYNTH
2026-04-21 13:51:42.263Z,2.8184,11,SYNTH
2026-04-21 13:51:43.170Z,2.8201,13,SYNTH
2026-04-21 13:51:44.130Z,2.8171,8,SYNTH
2026-04-21 13:51:45.207Z,2.8196,18,SYNTH
2026-04-21 13:51:46.522Z,2.8168,14,SYNTH
2026-04-21 13:51:47.041Z,2.8189,18,SYNTH
2026-04-21 13:51:48.228Z,2.8207,11,SYNTH
2026-04-21 13:51:49.412Z,2.8173,9,SYNTH
2026-04-21 13:51:50.065Z,2.8206,15,SYNTH
2026-04-21 13:51:51.405Z,2.8193,10,SYNTH
2026-04-21 13:51:52.890Z,2.8169,8,SYNTH
2026-04-21 13:51:53.374Z,2.8161,14,SYNTH
2026-04-21 13:51:54.777Z,2.8188,11,SYNTH
2026-04-21 13:51:55.280Z,2.8208,14,SYNTH
2026-04-21 13:51:56.234Z,2.8186,12,SYNTH
2026-04-21 13:51:57.623Z,2.8184,18,SYNTH
2026-04-21 13:51:58.880Z,2.8208,10,SYNTH
2026-04-21 13:51:59.213Z,2.8191,8,SYNTH
2026-04-21 13:52:00.885Z,2.8209,118,SYNTH
2026-04-21 13:52:01.055Z,2.8209,65,SYNTH
2026-04-21 13:52:02.277Z,2.8215,54,SYNTH
2026-04-21 13:52:03.487Z,2.8187,101,SYNTH
2026-04-21 13:52:04.834Z,2.8223,69,SYNTH
2026-04-21 13:52:05.805Z,2.8187,106,SYNTH
2026-04-21 13:52:06.591Z,2.8204,67,SYNTH
2026-04-21 13:52:07.615Z,2.8189,102,SYNTH
2026-04-21 13:52:08.021Z,2.8205,81,SYNTH
2026-04-21 13:52:09.772Z,2.8187,88,SYNTH
2026-04-21 13:52:10.809Z,2.8213,97,SYNTH
2026-04-21 13:52:11.836Z,2.8206,231,SYNTH
2026-04-21 13:52:12.353Z,2.8182,143,SYNTH
2026-04-21 13:52:13.729Z,2.8222,203,SYNTH
2026-04-21 13:52:14.667Z,2.8194,88,SYNTH
2026-04-21 13:52:15.324Z,2.8186,85,SYNTH
2026-04-21 13:52:16.341Z,2.8211,87,SYNTH
2026-04-21 13:52:17.684Z,2.8210,127,SYNTH
2026-04-21 13:52:18.847Z,2.8187,79,SYNTH
2026-04-21 13:52:19.629Z,2.8219,100,SYNTH
2026-04-21 13:52:20.535Z,2.8210,38,SYNTH
2026-04-21 13:52:21.892Z,2.8200,55,SYNTH
2026-04-21 13:52:22.216Z,2.8217,70,SYNTH
2026-04-21 13:52:23.801Z,2.8210,36,SYNTH
2026-04-21 13:52:24.390Z,2.8194,50,SYNTH
2026-04-21 13:52:25.239Z,2.8192,52,SYNTH
2026-04-21 13:52:26.629Z,2.8224,43,SYNTH
2026-04-21 13:52:27.053Z,2.8189,52,SYNTH
2026-04-21 13:52:28.848Z,2.8187,43,SYNTH
2026-04-21 13:52:29.628Z,2.8206,60,SYNTH
2026-04-21 13:52:30.756Z,2.8213,78,SYNTH
2026-04-21 13:52:31.714Z,2.8221,53,SYNTH
2026-04-21 13:52:32.556Z,2.8189,67,SYNTH
2026-04-21 13:52:33.483Z,2.8210,41,SYNTH
2026-04-21 13:52:34.357Z,2.8218,78,SYNTH
2026-04-21 13:52:35.340Z,2.8191,75,SYNTH
2026-04-21 13:52:36.763Z,2.8214,63,SYNTH
2026-04-21 13:52:37.361Z,2.8188,170,SYNTH
2026-04-21 13:52:38.600Z,2.8194,165,SYNTH
2026-04-21 13:52:39.832Z,2.8224,189,SYNTH
2026-04-21 13:52:40.156Z,2.8183,193,SYNTH
2026-04-21 13:52:41.148Z,2.8175,59,SYNTH
2026-04-21 13:52:42.430Z,2.8196,38,SYNTH
2026-04-21 13:52:43.741Z,2.8225,82,SYNTH
2026-04-21 13:52:44.298Z,2.8187,66,SYNTH
2026-04-21 13:52:45.606Z,2.8214,76,SYNTH
2026-04-21 13:52:46.740Z,2.8209,83,SYNTH
2026-04-21 13:52:47.643Z,2.8212,125,SYNTH
2026-04-21 13:52:48.268Z,2.8185,81,SYNTH
2026-04-21 13:52:49.759Z,2.8211,79,SYNTH
2026-04-21 13:52:50.259Z,2.8218,79,SYNTH
2026-04-21 13:52:51.457Z,2.8223,104,SYNTH
2026-04-21 13:52:52.887Z,2.8214,48,SYNTH
2026-04-21 13:52:53.745Z,2.8187,85,SYNTH
2026-04-21 13:52:54.842Z,2.8208,112,SYNTH
2026-04-21 13:52:55.450Z,2.8186,76,SYNTH
2026-04-21 13:52:56.356Z,2.8221,119,SYNTH
2026-04-21 13:52:57.309Z,2.8193,67,SYNTH
2026-04-21 13:52:58.662Z,2.8193,50,SYNTH
2026-04-21 13:52:59.399Z,2.8188,125,SYNTH
2026-04-21 13:53:00.164Z,2.8212,17,SYNTH
2026-04-21 13:53:01.320Z,2.8223,18,SYNTH
2026-04-21 13:53:02.135Z,2.8197,33,SYNTH
2026-04-21 13:53:03.885Z,2.8196,33,SYNTH
2026-04-21 13:53:04.360Z,2.8212,18,SYNTH
2026-04-21 13:53:05.707Z,2.8217,18,SYNTH
2026-04-21 13:53:06.026Z,2.8190,29,SYNTH
2026-04-21 13:53:07.281Z,2.8194,21,SYNTH
2026-04-21 13:53:08.503Z,2.8208,15,SYNTH
2026-04-21 13:53:09.233Z,2.8210,27,SYNTH
2026-04-21 13:53:10.708Z,2.8185,20,SYNTH
2026-04-21 13:53:11.393Z,2.8193,75,SYNTH
2026-04-21 13:53:12.295Z,2.8206,39,SYNTH
2026-04-21 13:53:13.826Z,2.8194,60,SYNTH
2026-04-21 13:53:14.639Z,2.8216,27,SYNTH
2026-04-21 13:53:15.719Z,2.8190,29,SYNTH
2026-04-21 13:53:16.885Z,2.8216,30,SYNTH
2026-04-21 13:53:17.432Z,2.8179,25,SYNTH
2026-04-21 13:53:18.097Z,2.8212,47,SYNTH
2026-04-21 13:53:19.061Z,2.8184,21,SYNTH
2026-04-21 13:53:20.833Z,2.8210,14,SYNTH
2026-04-21 13:53:21.295Z,2.8195,27,SYNTH
2026-04-21 13:53:22.027Z,2.8191,12,SYNTH
2026-04-21 13:53:23.629Z,2.8216,15,SYNTH
2026-04-21 13:53:24.214Z,2.8232,11,SYNTH
2026-04-21 13:53:25.314Z,2.8228,22,SYNTH
2026-04-21 13:53:26.716Z,2.8199,24,SYNTH
2026-04-21 13:53:27.855Z,2.8236,17,SYNTH
2026-04-21 13:53:28.269Z,2.8233,16,SYNTH
2026-04-21 13:53:29.011Z,2.8237,21,SYNTH
2026-04-21 13:53:30.304Z,2.8211,14,SYNTH
2026-04-21 13:53:31.283Z,2.8241,25,SYNTH
2026-04-21 13:53:32.175Z,2.8264,24,SYNTH
2026-04-21 13:53:33.704Z,2.8227,13,SYNTH
2026-04-21 13:53:34.832Z,2.8247,22,SYNTH
2026-04-21 13:53:35.712Z,2.8268,21,SYNTH
2026-04-21 13:53:36.498Z,2.8227,20,SYNTH
2026-04-21 13:53:37.652Z,2.8255,32,SYNTH
2026-04-21 13:53:38.893Z,2.8257,65,SYNTH
2026-04-21 13:53:39.740Z,2.8242,31,SYNTH
2026-04-21 13:53:40.546Z,2.8268,51,SYNTH
2026-04-21 13:53:41.330Z,2.8267,20,SYNTH
2026-04-21 13:53:42.529Z,2.8238,14,SYNTH
2026-04-21 13:53:43.222Z,2.8249,23,SYNTH
2026-04-21 13:53:44.569Z,2.8234,13,SYNTH
2026-04-21 13:53:45.821Z,2.8228,30,SYNTH
2026-04-21 13:53:46.423Z,2.8243,42,SYNTH
2026-04-21 13:53:47.741Z,2.8236,28,SYNTH
2026-04-21 13:53:48.528Z,2.8256,17,SYNTH
2026-04-21 13:53:49.818Z,2.8256,28,SYNTH
2026-04-21 13:53:50.598Z,2.8265,14,SYNTH
2026-04-21 13:53:51.210Z,2.8256,17,SYNTH
2026-04-21 13:53:52.003Z,2.8266,26,SYNTH
2026-04-21 13:53:53.590Z,2.8229,25,SYNTH
2026-04-21 13:53:54.645Z,2.8271,15,SYNTH
2026-04-21 13:53:55.773Z,2.8261,29,SYNTH
2026-04-21 13:53:56.778Z,2.8231,27,SYNTH
2026-04-21 13:53:57.029Z,2.8268,26,SYNTH
2026-04-21 13:53:58.832Z,2.8225,39,SYNTH
2026-04-21 13:53:59.288Z,2.8263,19,SYNTH
2026-04-21 13:54:00.845Z,2.8213,42,SYNTH
2026-04-21 13:54:01.413Z,2.8223,44,SYNTH
2026-04-21 13:54:02.896Z,2.8197,47,SYNTH
2026-04-21 13:54:03.223Z,2.8205,31,SYNTH
2026-04-21 13:54:04.562Z,2.8203,54,SYNTH
2026-04-21 13:54:05.591Z,2.8215,33,SYNTH
2026-04-21 13:54:06.488Z,2.8188,70,SYNTH
2026-04-21 13:54:07.466Z,2.8205,44,SYNTH
2026-04-21 13:54:08.598Z,2.8182,44,SYNTH
2026-04-21 13:54:09.368Z,2.8212,47,SYNTH
2026-04-21 13:54:10.487Z,2.8188,61,SYNTH
2026-04-21 13:54:11.456Z,2.8216,144,SYNTH
2026-04-21 13:54:12.348Z,2.8193,127,SYNTH
2026-04-21 13:54:13.640Z,2.8191,89,SYNTH
2026-04-21 13:54:14.852Z,2.8212,38,SYNTH
2026-04-21 13:54:15.730Z,2.8199,56,SYNTH
2026-04-21 13:54:16.819Z,2.8205,52,SYNTH
2026-04-21 13:54:17.435Z,2.8193,84,SYNTH
2026-04-21 13:54:18.485Z,2.8208,81,SYNTH
2026-04-21 13:54:19.303Z,2.8185,73,SYNTH
2026-04-21 13:54:20.309Z,2.8192,41,SYNTH
2026-04-21 13:54:21.856Z,2.8184,50,SYNTH
2026-04-21 13:54:22.773Z,2.8214,38,SYNTH
2026-04-21 13:54:23.441Z,2.8194,47,SYNTH
2026-04-21 13:54:24.126Z,2.8180,25,SYNTH
2026-04-21 13:54:25.591Z,2.8201,49,SYNTH
2026-04-21 13:54:26.422Z,2.8180,24,SYNTH
2026-04-21 13:54:27.006Z,2.8177,34,SYNTH
2026-04-21 13:54:28.200Z,2.8168,33,SYNTH
2026-04-21 13:54:29.131Z,2.8195,26,SYNTH
2026-04-21 13:54:30.442Z,2.8163,32,SYNTH
2026-04-21 13:54:31.032Z,2.8149,34,SYNTH
2026-04-21 13:54:32.531Z,2.8168,22,SYNTH
2026-04-21 13:54:33.116Z,2.8160,48,SYNTH
2026-04-21 13:54:34.770Z,2.8136,28,SYNTH
2026-04-21 13:54:35.638Z,2.8135,47,SYNTH
2026-04-21 13:54:36.068Z,2.8134,45,SYNTH
2026-04-21 13:54:37.400Z,2.8162,78,SYNTH
2026-04-21 13:54:38.151Z,2.8149,115,SYNTH
2026-04-21 13:54:39.601Z,2.8133,97,SYNTH
2026-04-21 13:54:40.209Z,2.8164,55,SYNTH
2026-04-21 13:54:41.337Z,2.8135,24,SYNTH
2026-04-21 13:54:42.750Z,2.8166,28,SYNTH
2026-04-21 13:54:43.330Z,2.8143,54,SYNTH
2026-04-21 13:54:44.443Z,2.8169,25,SYNTH
2026-04-21 13:54:45.839Z,2.8149,65,SYNTH
2026-04-21 13:54:46.264Z,2.8164,36,SYNTH
2026-04-21 13:54:47.638Z,2.8164,77,SYNTH
2026-04-21 13:54:48.680Z,2.8143,45,SYNTH
2026-04-21 13:54:49.475Z,2.8148,44,SYNTH
2026-04-21 13:54:50.243Z,2.8129,42,SYNTH
2026-04-21 13:54:51.137Z,2.8154,33,SYNTH
2026-04-21 13:54:52.630Z,2.8172,39,SYNTH
2026-04-21 13:54:53.569Z,2.8164,29,SYNTH
2026-04-21 13:54:54.646Z,2.8136,36,SYNTH
2026-04-21 13:54:55.235Z,2.8127,56,SYNTH
2026-04-21 13:54:56.868Z,2.8173,42,SYNTH
2026-04-21 13:54:57.172Z,2.8145,37,SYNTH
2026-04-21 13:54:58.207Z,2.8150,59,SYNTH
2026-04-21 13:54:59.135Z,2.8164,65,SYNTH
2026-04-21 13:55:00.379Z,2.8160,15,SYNTH
2026-04-21 13:55:01.492Z,2.8160,15,SYNTH
2026-04-21 13:55:02.615Z,2.8130,6,SYNTH
2026-04-21 13:55:03.755Z,2.8161,7,SYNTH
2026-04-21 13:55:04.194Z,2.8161,8,SYNTH
2026-04-21 13:55:05.377Z,2.8131,7,SYNTH
2026-04-21 13:55:06.773Z,2.8161,10,SYNTH
2026-04-21 13:55:07.773Z,2.8140,9,SYNTH
2026-04-21 13:55:08.237Z,2.8164,12,SYNTH
2026-04-21 13:55:09.029Z,2.8175,7,SYNTH
2026-04-21 13:55:10.818Z,2.8165,6,SYNTH
2026-04-21 13:55:11.240Z,2.8148,16,SYNTH
2026-04-21 13:55:12.574Z,2.8162,27,SYNTH
2026-04-21 13:55:13.853Z,2.8147,19,SYNTH
2026-04-21 13:55:14.219Z,2.8173,7,SYNTH
2026-04-21 13:55:15.725Z,2.8133,6,SYNTH
2026-04-21 13:55:16.479Z,2.8167,9,SYNTH
2026-04-21 13:55:17.887Z,2.8150,15,SYNTH
2026-04-21 13:55:18.529Z,2.8149,15,SYNTH
2026-04-21 13:55:19.827Z,2.8139,8,SYNTH
2026-04-21 13:55:20.087Z,2.8152,6,SYNTH
2026-04-21 13:55:21.415Z,2.8144,5,SYNTH
2026-04-21 13:55:22.857Z,2.8166,9,SYNTH
2026-04-21 13:55:23.656Z,2.8139,8,SYNTH
2026-04-21 13:55:24.342Z,2.8166,7,SYNTH
2026-04-21 13:55:25.039Z,2.8132,5,SYNTH
2026-04-21 13:55:26.801Z,2.8132,5,SYNTH
2026-04-21 13:55:27.328Z,2.8158,6,SYNTH
2026-04-21 13:55:28.308Z,2.8162,6,SYNTH
2026-04-21 13:55:29.409Z,2.8162,6,SYNTH
2026-04-21 13:55:30.816Z,2.8128,6,SYNTH
2026-04-21 13:55:31.511Z,2.8163,9,SYNTH
2026-04-21 13:55:32.256Z,2.8142,5,SYNTH
2026-04-21 13:55:33.739Z,2.8134,7,SYNTH
2026-04-21 13:55:34.508Z,2.8161,6,SYNTH
2026-04-21 13:55:35.298Z,2.8140,8,SYNTH
2026-04-21 13:55:36.168Z,2.8130,5,SYNTH
2026-04-21 13:55:37.456Z,2.8168,18,SYNTH
2026-04-21 13:55:38.327Z,2.8149,13,SYNTH
2026-04-21 13:55:39.431Z,2.8130,21,SYNTH
2026-04-21 13:55:40.523Z,2.8168,23,SYNTH
2026-04-21 13:55:41.549Z,2.8165,7,SYNTH
2026-04-21 13:55:42.190Z,2.8146,8,SYNTH
2026-04-21 13:55:43.035Z,2.8163,6,SYNTH
2026-04-21 13:55:44.437Z,2.8133,7,SYNTH
2026-04-21 13:55:45.279Z,2.8171,14,SYNTH
2026-04-21 13:55:46.834Z,2.8152,12,SYNTH
2026-04-21 13:55:47.531Z,2.8145,15,SYNTH
2026-04-21 13:55:48.593Z,2.8170,7,SYNTH
2026-04-21 13:55:49.494Z,2.8136,6,SYNTH
2026-04-21 13:55:50.297Z,2.8162,8,SYNTH
2026-04-21 13:55:51.626Z,2.8162,8,SYNTH
2026-04-21 13:55:52.420Z,2.8149,11,SYNTH
2026-04-21 13:55:53.570Z,2.8158,12,SYNTH
2026-04-21 13:55:54.557Z,2.8139,9,SYNTH
2026-04-21 13:55:55.096Z,2.8130,6,SYNTH
2026-04-21 13:55:56.538Z,2.8152,12,SYNTH
2026-04-21 13:55:57.067Z,2.8168,8,SYNTH
2026-04-21 13:55:58.055Z,2.8130,6,SYNTH
2026-04-21 13:55:59.766Z,2.8165,13,SYNTH
2026-04-21 13:59:00.798Z,2.8201,21,SYNTH
2026-04-21 13:59:01.026Z,2.8173,20,SYNTH
2026-04-21 13:59:02.598Z,2.8210,22,SYNTH
2026-04-21 13:59:03.159Z,2.8207,21,SYNTH
2026-04-21 13:59:04.273Z,2.8197,38,SYNTH
2026-04-21 13:59:05.865Z,2.8193,19,SYNTH
2026-04-21 13:59:06.518Z,2.8220,19,SYNTH
2026-04-21 13:59:07.471Z,2.8192,37,SYNTH
2026-04-21 13:59:08.694Z,2.8184,33,SYNTH
2026-04-21 13:59:09.575Z,2.8200,30,SYNTH
2026-04-21 13:59:10.025Z,2.8211,20,SYNTH
2026-04-21 13:59:11.466Z,2.8186,41,SYNTH
2026-04-21 13:59:12.051Z,2.8176,70,SYNTH
2026-04-21 13:59:13.360Z,2.8208,83,SYNTH
2026-04-21 13:59:14.819Z,2.8204,14,SYNTH
2026-04-21 13:59:15.570Z,2.8207,24,SYNTH
2026-04-21 13:59:16.272Z,2.8174,45,SYNTH
2026-04-21 13:59:17.056Z,2.8199,49,SYNTH
2026-04-21 13:59:18.866Z,2.8190,50,SYNTH
2026-04-21 13:59:19.176Z,2.8205,39,SYNTH
2026-04-21 13:59:20.226Z,2.8217,22,SYNTH
2026-04-21 13:59:21.634Z,2.8190,18,SYNTH
2026-04-21 13:59:22.870Z,2.8209,15,SYNTH
2026-04-21 13:59:23.689Z,2.8181,19,SYNTH
2026-04-21 13:59:24.110Z,2.8189,16,SYNTH
2026-04-21 13:59:25.550Z,2.8162,23,SYNTH
2026-04-21 13:59:26.369Z,2.8179,24,SYNTH
2026-04-21 13:59:27.553Z,2.8171,16,SYNTH
2026-04-21 13:59:28.519Z,2.8167,12,SYNTH
2026-04-21 13:59:29.116Z,2.8150,15,SYNTH
2026-04-21 13:59:30.466Z,2.8188,24,SYNTH
2026-04-21 13:59:31.891Z,2.8140,22,SYNTH
2026-04-21 13:59:32.763Z,2.8161,15,SYNTH
2026-04-21 13:59:33.899Z,2.8138,19,SYNTH
2026-04-21 13:59:34.151Z,2.8150,22,SYNTH
2026-04-21 13:59:35.062Z,2.8155,26,SYNTH
2026-04-21 13:59:36.660Z,2.8164,27,SYNTH
2026-04-21 13:59:37.216Z,2.8134,51,SYNTH
2026-04-21 13:59:38.440Z,2.8138,69,SYNTH
2026-04-21 13:59:39.809Z,2.8153,70,SYNTH
2026-04-21 13:59:40.317Z,2.8157,35,SYNTH
2026-04-21 13:59:41.828Z,2.8160,16,SYNTH
2026-04-21 13:59:42.538Z,2.8140,24,SYNTH
2026-04-21 13:59:43.521Z,2.8147,24,SYNTH
2026-04-21 13:59:44.187Z,2.8150,18,SYNTH
2026-04-21 13:59:45.856Z,2.8162,27,SYNTH
2026-04-21 13:59:46.350Z,2.8173,46,SYNTH
2026-04-21 13:59:47.407Z,2.8143,48,SYNTH
2026-04-21 13:59:48.781Z,2.8170,31,SYNTH
2026-04-21 13:59:49.380Z,2.8167,19,SYNTH
2026-04-21 13:59:50.328Z,2.8155,36,SYNTH
2026-04-21 13:59:51.311Z,2.8140,27,SYNTH
2026-04-21 13:59:52.855Z,2.8170,19,SYNTH
2026-04-21 13:59:53.344Z,2.8132,19,SYNTH
2026-04-21 13:59:54.171Z,2.8160,27,SYNTH
2026-04-21 13:59:55.722Z,2.8143,20,SYNTH
2026-04-21 13:59:56.447Z,2.8137,42,SYNTH
2026-04-21 13:59:57.764Z,2.8134,19,SYNTH
2026-04-21 13:59:58.559Z,2.8170,18,SYNTH
2026-04-21 13:59:59.565Z,2.8147,40,SYNTH
2026-04-21 14:03:00.790Z,2.8151,2,SYNTH
2026-04-21 14:03:01.244Z,2.8162,2,SYNTH
2026-04-21 14:03:02.043Z,2.8142,1,SYNTH
2026-04-21 14:03:03.321Z,2.8126,2,SYNTH
2026-04-21 14:03:04.776Z,2.8159,1,SYNTH
2026-04-21 14:03:05.216Z,2.8172,2,SYNTH
2026-04-21 14:03:06.888Z,2.8168,1,SYNTH
2026-04-21 14:03:07.344Z,2.8138,2,SYNTH
2026-04-21 14:03:08.053Z,2.8129,1,SYNTH
2026-04-21 14:03:09.557Z,2.8163,2,SYNTH
2026-04-21 14:03:10.766Z,2.8170,1,SYNTH
2026-04-21 14:03:11.743Z,2.8135,3,SYNTH
2026-04-21 14:03:12.809Z,2.8167,3,SYNTH
2026-04-21 14:03:13.736Z,2.8148,5,SYNTH
2026-04-21 14:03:14.469Z,2.8145,1,SYNTH
2026-04-21 14:03:15.625Z,2.8165,1,SYNTH
2026-04-21 14:03:16.378Z,2.8136,2,SYNTH
2026-04-21 14:03:17.414Z,2.8173,3,SYNTH
2026-04-21 14:03:18.419Z,2.8153,3,SYNTH
2026-04-21 14:03:19.210Z,2.8146,2,SYNTH
2026-04-21 14:03:20.369Z,2.8166,1,SYNTH
2026-04-21 14:03:21.738Z,2.8155,2,SYNTH
2026-04-21 14:03:22.491Z,2.8159,1,SYNTH
2026-04-21 14:03:23.095Z,2.8126,1,SYNTH
2026-04-21 14:03:24.450Z,2.8159,1,SYNTH
2026-04-21 14:03:25.742Z,2.8146,1,SYNTH
2026-04-21 14:03:26.553Z,2.8159,1,SYNTH
2026-04-21 14:03:27.407Z,2.8129,1,SYNTH
2026-04-21 14:03:28.069Z,2.8162,1,SYNTH
2026-04-21 14:03:29.074Z,2.8126,1,SYNTH
2026-04-21 14:03:30.654Z,2.8163,1,SYNTH
2026-04-21 14:03:31.148Z,2.8127,2,SYNTH
2026-04-21 14:03:32.322Z,2.8161,1,SYNTH
2026-04-21 14:03:33.509Z,2.8138,1,SYNTH
2026-04-21 14:03:34.132Z,2.8161,1,SYNTH
2026-04-21 14:03:35.198Z,2.8144,1,SYNTH
2026-04-21 14:03:36.829Z,2.8159,1,SYNTH
2026-04-21 14:03:37.771Z,2.8164,3,SYNTH
2026-04-21 14:03:38.850Z,2.8143,3,SYNTH
2026-04-21 14:03:39.067Z,2.8164,5,SYNTH
2026-04-21 14:03:40.560Z,2.8149,3,SYNTH
2026-04-21 14:03:41.544Z,2.8133,1,SYNTH
2026-04-21 14:03:42.662Z,2.8167,1,SYNTH
2026-04-21 14:03:43.728Z,2.8148,1,SYNTH
2026-04-21 14:03:44.248Z,2.8135,1,SYNTH
2026-04-21 14:03:45.873Z,2.8153,2,SYNTH
2026-04-21 14:03:46.186Z,2.8164,2,SYNTH
2026-04-21 14:03:47.664Z,2.8168,2,SYNTH
2026-04-21 14:03:48.271Z,2.8143,2,SYNTH
2026-04-21 14:03:49.811Z,2.8165,1,SYNTH
2026-04-21 14:03:50.796Z,2.8162,2,SYNTH
2026-04-21 14:03:51.298Z,2.8161,1,SYNTH
2026-04-21 14:03:52.734Z,2.8167,2,SYNTH
2026-04-21 14:03:53.714Z,2.8155,1,SYNTH
2026-04-21 14:03:54.558Z,2.8142,2,SYNTH
2026-04-21 14:03:55.457Z,2.8169,2,SYNTH
2026-04-21 14:03:56.186Z,2.8131,1,SYNTH
2026-04-21 14:03:57.336Z,2.8169,1,SYNTH
2026-04-21 14:03:58.177Z,2.8161,1,SYNTH
2026-04-21 14:03:59.186Z,2.8145,2,SYNTH
2026-04-21 14:04:00.672Z,2.8114,19,SYNTH
2026-04-21 14:04:01.457Z,2.8115,23,SYNTH
2026-04-21 14:04:02.153Z,2.8111,23,SYNTH
2026-04-21 14:04:03.467Z,2.8096,33,SYNTH
2026-04-21 14:04:04.395Z,2.8120,18,SYNTH
2026-04-21 14:04:05.783Z,2.8094,33,SYNTH
2026-04-21 14:04:06.225Z,2.8090,31,SYNTH
2026-04-21 14:04:07.868Z,2.8113,26,SYNTH
2026-04-21 14:04:08.686Z,2.8088,19,SYNTH
2026-04-21 14:04:09.755Z,2.8105,18,SYNTH
2026-04-21 14:04:10.336Z,2.8112,19,SYNTH
2026-04-21 14:04:11.075Z,2.8094,77,SYNTH
2026-04-21 14:04:12.508Z,2.8078,64,SYNTH
2026-04-21 14:04:13.125Z,2.8116,56,SYNTH
2026-04-21 14:04:14.403Z,2.8121,26,SYNTH
2026-04-21 14:04:15.771Z,2.8079,19,SYNTH
2026-04-21 14:04:16.332Z,2.8113,20,SYNTH
2026-04-21 14:04:17.018Z,2.8122,36,SYNTH
2026-04-21 14:04:18.158Z,2.8088,47,SYNTH
2026-04-21 14:04:19.219Z,2.8124,37,SYNTH
2026-04-21 14:04:20.291Z,2.8094,25,SYNTH
2026-04-21 14:04:21.826Z,2.8122,22,SYNTH
2026-04-21 14:04:22.276Z,2.8131,14,SYNTH
2026-04-21 14:04:23.341Z,2.8083,15,SYNTH
2026-04-21 14:04:24.136Z,2.8115,22,SYNTH
2026-04-21 14:04:25.740Z,2.8111,16,SYNTH
2026-04-21 14:04:26.651Z,2.8126,24,SYNTH
2026-04-21 14:04:27.164Z,2.8130,11,SYNTH
2026-04-21 14:04:28.808Z,2.8148,17,SYNTH
2026-04-21 14:04:29.503Z,2.8154,20,SYNTH
2026-04-21 14:04:30.255Z,2.8150,16,SYNTH
2026-04-21 14:04:31.576Z,2.8137,11,SYNTH
2026-04-21 14:04:32.809Z,2.8120,25,SYNTH
2026-04-21 14:04:33.672Z,2.8155,12,SYNTH
2026-04-21 14:04:34.600Z,2.8165,12,SYNTH
2026-04-21 14:04:35.288Z,2.8165,12,SYNTH
2026-04-21 14:04:36.438Z,2.8153,25,SYNTH
2026-04-21 14:04:37.419Z,2.8160,28,SYNTH
2026-04-21 14:04:38.415Z,2.8148,42,SYNTH
2026-04-21 14:04:39.879Z,2.8158,59,SYNTH
2026-04-21 14:04:40.696Z,2.8161,28,SYNTH
2026-04-21 14:04:41.295Z,2.8162,25,SYNTH
2026-04-21 14:04:42.479Z,2.8139,15,SYNTH
2026-04-21 14:04:43.515Z,2.8142,19,SYNTH
2026-04-21 14:04:44.160Z,2.8142,28,SYNTH
2026-04-21 14:04:45.383Z,2.8159,21,SYNTH
2026-04-21 14:04:46.844Z,2.8122,43,SYNTH
2026-04-21 14:04:47.819Z,2.8148,30,SYNTH
2026-04-21 14:04:48.522Z,2.8134,15,SYNTH
2026-04-21 14:04:49.183Z,2.8125,14,SYNTH
2026-04-21 14:04:50.200Z,2.8112,25,SYNTH
2026-04-21 14:04:51.482Z,2.8111,19,SYNTH
2026-04-21 14:04:52.444Z,2.8114,27,SYNTH
2026-04-21 14:04:53.861Z,2.8104,19,SYNTH
2026-04-21 14:04:54.513Z,2.8099,15,SYNTH
2026-04-21 14:04:55.020Z,2.8096,33,SYNTH
2026-04-21 14:04:56.054Z,2.8095,16,SYNTH
2026-04-21 14:04:57.568Z,2.8126,38,SYNTH
2026-04-21 14:04:58.400Z,2.8086,31,SYNTH
2026-04-21 14:04:59.096Z,2.8097,39,SYNTH
2026-04-21 14:05:00.285Z,2.8065,130,SYNTH
2026-04-21 14:05:01.382Z,2.8043,93,SYNTH
2026-04-21 14:05:02.251Z,2.8052,130,SYNTH
2026-04-21 14:05:03.194Z,2.8055,106,SYNTH
2026-04-21 14:05:04.484Z,2.8032,150,SYNTH
2026-04-21 14:05:05.626Z,2.8035,141,SYNTH
2026-04-21 14:05:06.891Z,2.8072,154,SYNTH
2026-04-21 14:05:07.411Z,2.8035,109,SYNTH
2026-04-21 14:05:08.459Z,2.8068,147,SYNTH
2026-04-21 14:05:09.309Z,2.8037,119,SYNTH
2026-04-21 14:05:10.874Z,2.8038,116,SYNTH
2026-04-21 14:05:11.450Z,2.8032,360,SYNTH
2026-04-21 14:05:12.042Z,2.8071,374,SYNTH
2026-04-21 14:05:13.136Z,2.8064,343,SYNTH
2026-04-21 14:05:14.022Z,2.8047,85,SYNTH
2026-04-21 14:05:15.853Z,2.8056,75,SYNTH
2026-04-21 14:05:16.432Z,2.8067,146,SYNTH
2026-04-21 14:05:17.748Z,2.8057,195,SYNTH
2026-04-21 14:05:18.732Z,2.8037,227,SYNTH
2026-04-21 14:05:19.151Z,2.8037,243,SYNTH
2026-04-21 14:05:20.419Z,2.8054,113,SYNTH
2026-04-21 14:05:21.650Z,2.8046,62,SYNTH
2026-04-21 14:05:22.052Z,2.8070,80,SYNTH
2026-04-21 14:05:23.100Z,2.8032,130,SYNTH
2026-04-21 14:05:24.089Z,2.8050,77,SYNTH
2026-04-21 14:05:25.065Z,2.8047,95,SYNTH
2026-04-21 14:05:26.580Z,2.8038,63,SYNTH
2026-04-21 14:05:27.183Z,2.8025,76,SYNTH
2026-04-21 14:05:28.170Z,2.8069,99,SYNTH
2026-04-21 14:05:29.871Z,2.8061,122,SYNTH
2026-04-21 14:05:30.852Z,2.8044,102,SYNTH
2026-04-21 14:05:31.265Z,2.8050,98,SYNTH
2026-04-21 14:05:32.011Z,2.8059,89,SYNTH
2026-04-21 14:05:33.383Z,2.8054,122,SYNTH
2026-04-21 14:05:34.316Z,2.8056,109,SYNTH
2026-04-21 14:05:35.424Z,2.8043,83,SYNTH
2026-04-21 14:05:36.783Z,2.8072,58,SYNTH
2026-04-21 14:05:37.509Z,2.8036,267,SYNTH
2026-04-21 14:05:38.792Z,2.8027,263,SYNTH
2026-04-21 14:05:39.610Z,2.8064,151,SYNTH
2026-04-21 14:05:40.672Z,2.8052,227,SYNTH
2026-04-21 14:05:41.625Z,2.8029,58,SYNTH
2026-04-21 14:05:42.884Z,2.8050,70,SYNTH
2026-04-21 14:05:43.571Z,2.8060,117,SYNTH
2026-04-21 14:05:44.461Z,2.8042,62,SYNTH
2026-04-21 14:05:45.039Z,2.8061,135,SYNTH
2026-04-21 14:05:46.730Z,2.8055,205,SYNTH
2026-04-21 14:05:47.142Z,2.8061,171,SYNTH
2026-04-21 14:05:48.623Z,2.8073,90,SYNTH
2026-04-21 14:05:49.222Z,2.8050,122,SYNTH
2026-04-21 14:05:50.231Z,2.8066,126,SYNTH
2026-04-21 14:05:51.143Z,2.8037,132,SYNTH
2026-04-21 14:05:52.419Z,2.8063,135,SYNTH
2026-04-21 14:05:53.186Z,2.8035,158,SYNTH
2026-04-21 14:05:54.548Z,2.8075,171,SYNTH
2026-04-21 14:05:55.260Z,2.8042,130,SYNTH
2026-04-21 14:05:56.342Z,2.8037,148,SYNTH
2026-04-21 14:05:57.712Z,2.8065,132,SYNTH
2026-04-21 14:05:58.529Z,2.8069,191,SYNTH
2026-04-21 14:05:59.553Z,2.8049,164,SYNTH
2026-04-21 14:06:00.668Z,2.8002,205,SYNTH
2026-04-21 14:06:01.613Z,2.7977,339,SYNTH
2026-04-21 14:06:02.346Z,2.7990,182,SYNTH
2026-04-21 14:06:03.775Z,2.8013,270,SYNTH
2026-04-21 14:06:04.491Z,2.7990,184,SYNTH
2026-04-21 14:06:05.577Z,2.7981,167,SYNTH
2026-04-21 14:06:06.220Z,2.8011,323,SYNTH
2026-04-21 14:06:07.664Z,2.8008,273,SYNTH
2026-04-21 14:06:08.484Z,2.7977,169,SYNTH
2026-04-21 14:06:09.193Z,2.8009,146,SYNTH
2026-04-21 14:06:10.678Z,2.8007,293,SYNTH
2026-04-21 14:06:11.465Z,2.8019,727,SYNTH
2026-04-21 14:06:12.327Z,2.8021,625,SYNTH
2026-04-21 14:06:13.619Z,2.7997,678,SYNTH
2026-04-21 14:06:14.839Z,2.8022,141,SYNTH
2026-04-21 14:06:15.054Z,2.7995,109,SYNTH
2026-04-21 14:06:16.171Z,2.8018,271,SYNTH
2026-04-21 14:06:17.865Z,2.8023,218,SYNTH
2026-04-21 14:06:18.621Z,2.7983,412,SYNTH
2026-04-21 14:06:19.716Z,2.8005,410,SYNTH
2026-04-21 14:06:20.381Z,2.8007,237,SYNTH
2026-04-21 14:06:21.291Z,2.8003,207,SYNTH
2026-04-21 14:06:22.243Z,2.7997,131,SYNTH
2026-04-21 14:06:23.183Z,2.8017,149,SYNTH
2026-04-21 14:06:24.499Z,2.7994,142,SYNTH
2026-04-21 14:06:25.528Z,2.8005,112,SYNTH
2026-04-21 14:06:26.012Z,2.8015,131,SYNTH
2026-04-21 14:06:27.528Z,2.8008,96,SYNTH
2026-04-21 14:06:28.675Z,2.7975,209,SYNTH
2026-04-21 14:06:29.805Z,2.8008,175,SYNTH
2026-04-21 14:06:30.783Z,2.7993,156,SYNTH
2026-04-21 14:06:31.460Z,2.8009,232,SYNTH
2026-04-21 14:06:32.647Z,2.8015,129,SYNTH
2026-04-21 14:06:33.095Z,2.8019,131,SYNTH
2026-04-21 14:06:34.467Z,2.7984,190,SYNTH
2026-04-21 14:06:35.410Z,2.8006,104,SYNTH
2026-04-21 14:06:36.355Z,2.7992,178,SYNTH
2026-04-21 14:06:37.613Z,2.8024,533,SYNTH
2026-04-21 14:06:38.262Z,2.7995,612,SYNTH
2026-04-21 14:06:39.089Z,2.7981,533,SYNTH
2026-04-21 14:06:40.192Z,2.8021,445,SYNTH
2026-04-21 14:06:41.015Z,2.8019,219,SYNTH
2026-04-21 14:06:42.493Z,2.7994,214,SYNTH
2026-04-21 14:06:43.784Z,2.7986,206,SYNTH
2026-04-21 14:06:44.542Z,2.7978,126,SYNTH
2026-04-21 14:06:45.529Z,2.7996,343,SYNTH
2026-04-21 14:06:46.871Z,2.8014,173,SYNTH
2026-04-21 14:06:47.845Z,2.7994,421,SYNTH
2026-04-21 14:06:48.407Z,2.8023,254,SYNTH
2026-04-21 14:06:49.811Z,2.7973,264,SYNTH
2026-04-21 14:06:50.499Z,2.8021,154,SYNTH
2026-04-21 14:06:51.357Z,2.7983,231,SYNTH
2026-04-21 14:06:52.569Z,2.7990,249,SYNTH
2026-04-21 14:06:53.468Z,2.8020,295,SYNTH
2026-04-21 14:06:54.685Z,2.7986,250,SYNTH
2026-04-21 14:06:55.757Z,2.8004,244,SYNTH
2026-04-21 14:06:56.596Z,2.7982,314,SYNTH
2026-04-21 14:06:57.717Z,2.8000,305,SYNTH
2026-04-21 14:06:58.549Z,2.7999,292,SYNTH
2026-04-21 14:06:59.274Z,2.8008,195,SYNTH
2026-04-21 14:07:00.793Z,2.8057,3,SYNTH
2026-04-21 14:07:01.041Z,2.8034,3,SYNTH
2026-04-21 14:07:02.650Z,2.8073,4,SYNTH
2026-04-21 14:07:03.647Z,2.8036,6,SYNTH
2026-04-21 14:07:04.832Z,2.8040,7,SYNTH
2026-04-21 14:07:05.815Z,2.8052,5,SYNTH
2026-04-21 14:07:06.139Z,2.8041,5,SYNTH
2026-04-21 14:07:07.141Z,2.8058,6,SYNTH
2026-04-21 14:07:08.521Z,2.8058,3,SYNTH
2026-04-21 14:07:09.847Z,2.8042,5,SYNTH
2026-04-21 14:07:10.470Z,2.8063,4,SYNTH
2026-04-21 14:07:11.092Z,2.8074,14,SYNTH
2026-04-21 14:07:12.513Z,2.8036,11,SYNTH
2026-04-21 14:07:13.137Z,2.8050,12,SYNTH
2026-04-21 14:07:14.653Z,2.8030,5,SYNTH
2026-04-21 14:07:15.440Z,2.8071,4,SYNTH
2026-04-21 14:07:16.787Z,2.8038,5,SYNTH
2026-04-21 14:07:17.604Z,2.8036,5,SYNTH
2026-04-21 14:07:18.395Z,2.8063,6,SYNTH
2026-04-21 14:07:19.862Z,2.8037,7,SYNTH
2026-04-21 14:07:20.152Z,2.8068,5,SYNTH
2026-04-21 14:07:21.630Z,2.8065,3,SYNTH
2026-04-21 14:07:22.618Z,2.8044,2,SYNTH
2026-04-21 14:07:23.430Z,2.8067,2,SYNTH
2026-04-21 14:07:24.851Z,2.8056,2,SYNTH
2026-04-21 14:07:25.834Z,2.8061,5,SYNTH
2026-04-21 14:07:26.882Z,2.8029,5,SYNTH
2026-04-21 14:07:27.783Z,2.8048,2,SYNTH
2026-04-21 14:07:28.124Z,2.8068,4,SYNTH
2026-04-21 14:07:29.564Z,2.8043,4,SYNTH
2026-04-21 14:07:30.321Z,2.8038,4,SYNTH
2026-04-21 14:07:31.215Z,2.8054,4,SYNTH
2026-04-21 14:07:32.143Z,2.8064,3,SYNTH
2026-04-21 14:07:33.281Z,2.8026,3,SYNTH
2026-04-21 14:07:34.291Z,2.8072,4,SYNTH
2026-04-21 14:07:35.588Z,2.8075,4,SYNTH
2026-04-21 14:07:36.749Z,2.8036,4,SYNTH
2026-04-21 14:07:37.087Z,2.8062,10,SYNTH
2026-04-21 14:07:38.214Z,2.8060,11,SYNTH
2026-04-21 14:07:39.568Z,2.8063,5,SYNTH
2026-04-21 14:07:40.622Z,2.8042,9,SYNTH
2026-04-21 14:07:41.416Z,2.8037,5,SYNTH
2026-04-21 14:07:42.864Z,2.8065,5,SYNTH
2026-04-21 14:07:43.574Z,2.8063,3,SYNTH
2026-04-21 14:07:44.846Z,2.8057,5,SYNTH
2026-04-21 14:07:45.495Z,2.8063,4,SYNTH
2026-04-21 14:07:46.823Z,2.8047,4,SYNTH
2026-04-21 14:07:47.647Z,2.8067,5,SYNTH
2026-04-21 14:07:48.195Z,2.8030,5,SYNTH
2026-04-21 14:07:49.166Z,2.8066,3,SYNTH
2026-04-21 14:07:50.320Z,2.8068,6,SYNTH
2026-04-21 14:07:51.037Z,2.8072,3,SYNTH
2026-04-21 14:07:52.384Z,2.8037,4,SYNTH
2026-04-21 14:07:53.602Z,2.8067,5,SYNTH
2026-04-21 14:07:54.178Z,2.8034,4,SYNTH
2026-04-21 14:07:55.034Z,2.8042,3,SYNTH
2026-04-21 14:07:56.146Z,2.8051,5,SYNTH
2026-04-21 14:07:57.818Z,2.8055,4,SYNTH
2026-04-21 14:07:58.624Z,2.8061,4,SYNTH
2026-04-21 14:07:59.116Z,2.8033,7,SYNTH
2026-04-21 14:08:00.232Z,2.8064,1,SYNTH
2026-04-21 14:08:01.496Z,2.8041,1,SYNTH
2026-04-21 14:08:02.217Z,2.8028,1,SYNTH
2026-04-21 14:08:03.149Z,2.8067,1,SYNTH
2026-04-21 14:08:04.577Z,2.8033,1,SYNTH
2026-04-21 14:08:05.282Z,2.8075,1,SYNTH
2026-04-21 14:08:06.833Z,2.8075,1,SYNTH
2026-04-21 14:08:07.200Z,2.8041,1,SYNTH
2026-04-21 14:08:08.393Z,2.8042,1,SYNTH
2026-04-21 14:08:09.537Z,2.8062,1,SYNTH
2026-04-21 14:08:10.116Z,2.8043,1,SYNTH
2026-04-21 14:08:11.249Z,2.8072,1,SYNTH
2026-04-21 14:08:12.856Z,2.8070,1,SYNTH
2026-04-21 14:08:13.557Z,2.8033,1,SYNTH
2026-04-21 14:08:14.893Z,2.8025,1,SYNTH
2026-04-21 14:08:15.214Z,2.8073,1,SYNTH
2026-04-21 14:08:16.768Z,2.8047,1,SYNTH
2026-04-21 14:08:17.606Z,2.8042,1,SYNTH
2026-04-21 14:08:18.555Z,2.8037,1,SYNTH
2026-04-21 14:08:19.341Z,2.8064,1,SYNTH
2026-04-21 14:08:20.854Z,2.8063,1,SYNTH
2026-04-21 14:08:21.672Z,2.8056,1,SYNTH
2026-04-21 14:08:22.356Z,2.8028,1,SYNTH
2026-04-21 14:08:23.899Z,2.8047,1,SYNTH
2026-04-21 14:08:24.839Z,2.8058,1,SYNTH
2026-04-21 14:08:25.857Z,2.8034,1,SYNTH
2026-04-21 14:08:26.094Z,2.8070,1,SYNTH
2026-04-21 14:08:27.841Z,2.8035,1,SYNTH
2026-04-21 14:08:28.534Z,2.8054,1,SYNTH
2026-04-21 14:08:29.809Z,2.8065,1,SYNTH
2026-04-21 14:08:30.258Z,2.8043,1,SYNTH
2026-04-21 14:08:31.881Z,2.8044,1,SYNTH
2026-04-21 14:08:32.116Z,2.8067,1,SYNTH
2026-04-21 14:08:33.865Z,2.8030,1,SYNTH
2026-04-21 14:08:34.228Z,2.8061,1,SYNTH
2026-04-21 14:08:35.103Z,2.8075,1,SYNTH
2026-04-21 14:08:36.766Z,2.8043,1,SYNTH
2026-04-21 14:08:37.330Z,2.8038,1,SYNTH
2026-04-21 14:08:38.356Z,2.8040,1,SYNTH
2026-04-21 14:08:39.205Z,2.8063,1,SYNTH
2026-04-21 14:08:40.516Z,2.8059,1,SYNTH
2026-04-21 14:08:41.830Z,2.8059,1,SYNTH
2026-04-21 14:08:42.442Z,2.8040,1,SYNTH
2026-04-21 14:08:43.754Z,2.8063,1,SYNTH
2026-04-21 14:08:44.312Z,2.8039,1,SYNTH
2026-04-21 14:08:45.483Z,2.8070,1,SYNTH
2026-04-21 14:08:46.555Z,2.8045,1,SYNTH
2026-04-21 14:08:47.068Z,2.8039,1,SYNTH
2026-04-21 14:08:48.057Z,2.8057,1,SYNTH
2026-04-21 14:08:49.102Z,2.8030,1,SYNTH
2026-04-21 14:08:50.594Z,2.8051,1,SYNTH
2026-04-21 14:08:51.663Z,2.8037,1,SYNTH
2026-04-21 14:08:52.123Z,2.8035,1,SYNTH
2026-04-21 14:08:53.046Z,2.8059,1,SYNTH
2026-04-21 14:08:54.288Z,2.8039,1,SYNTH
2026-04-21 14:08:55.192Z,2.8032,1,SYNTH
2026-04-21 14:08:56.434Z,2.8068,1,SYNTH
2026-04-21 14:08:57.093Z,2.8072,1,SYNTH
2026-04-21 14:08:58.504Z,2.8040,1,SYNTH
2026-04-21 14:08:59.881Z,2.8044,1,SYNTH
2026-04-21 14:09:00.235Z,2.8014,71,SYNTH
2026-04-21 14:09:01.376Z,2.8014,51,SYNTH
2026-04-21 14:09:02.339Z,2.7993,90,SYNTH
2026-04-21 14:09:03.374Z,2.7991,49,SYNTH
2026-04-21 14:09:04.402Z,2.8017,56,SYNTH
2026-04-21 14:09:05.113Z,2.7995,43,SYNTH
2026-04-21 14:09:06.502Z,2.8006,55,SYNTH
2026-04-21 14:09:07.343Z,2.8019,75,SYNTH
2026-04-21 14:09:08.363Z,2.7985,80,SYNTH
2026-04-21 14:09:09.505Z,2.7989,60,SYNTH
2026-04-21 14:09:10.365Z,2.7999,42,SYNTH
2026-04-21 14:09:11.659Z,2.8019,89,SYNTH
2026-04-21 14:09:12.294Z,2.8020,152,SYNTH
2026-04-21 14:09:13.640Z,2.7993,155,SYNTH
2026-04-21 14:09:14.357Z,2.8005,40,SYNTH
2026-04-21 14:09:15.782Z,2.7986,58,SYNTH
2026-04-21 14:09:16.101Z,2.8007,102,SYNTH
2026-04-21 14:09:17.057Z,2.8005,60,SYNTH
2026-04-21 14:09:18.268Z,2.8012,73,SYNTH
2026-04-21 14:09:19.402Z,2.7986,86,SYNTH
2026-04-21 14:09:20.779Z,2.8005,48,SYNTH
2026-04-21 14:09:21.198Z,2.8003,67,SYNTH
2026-04-21 14:09:22.340Z,2.8022,36,SYNTH
2026-04-21 14:09:23.011Z,2.8033,43,SYNTH
2026-04-21 14:09:24.057Z,2.8005,35,SYNTH
2026-04-21 14:09:25.122Z,2.8039,45,SYNTH
2026-04-21 14:09:26.404Z,2.8034,46,SYNTH
2026-04-21 14:09:27.017Z,2.7997,38,SYNTH
2026-04-21 14:09:28.055Z,2.8031,28,SYNTH
2026-04-21 14:09:29.537Z,2.8039,47,SYNTH
2026-04-21 14:09:30.147Z,2.8047,43,SYNTH
2026-04-21 14:09:31.158Z,2.8041,26,SYNTH
2026-04-21 14:09:32.650Z,2.8050,43,SYNTH
2026-04-21 14:09:33.466Z,2.8058,53,SYNTH
2026-04-21 14:09:34.540Z,2.8029,31,SYNTH
2026-04-21 14:09:35.830Z,2.8058,29,SYNTH
2026-04-21 14:09:36.062Z,2.8054,37,SYNTH
2026-04-21 14:09:37.352Z,2.8025,71,SYNTH
2026-04-21 14:09:38.748Z,2.8075,150,SYNTH
2026-04-21 14:09:39.627Z,2.8047,141,SYNTH
2026-04-21 14:09:40.265Z,2.8033,145,SYNTH
2026-04-21 14:09:41.397Z,2.8055,63,SYNTH
2026-04-21 14:09:42.817Z,2.8055,53,SYNTH
2026-04-21 14:09:43.421Z,2.8026,61,SYNTH
2026-04-21 14:09:44.851Z,2.8021,53,SYNTH
2026-04-21 14:09:45.751Z,2.8055,87,SYNTH
2026-04-21 14:09:46.452Z,2.8034,108,SYNTH
2026-04-21 14:09:47.004Z,2.8049,66,SYNTH
2026-04-21 14:09:48.092Z,2.8036,32,SYNTH
2026-04-21 14:09:49.701Z,2.8044,65,SYNTH
2026-04-21 14:09:50.801Z,2.8017,41,SYNTH
2026-04-21 14:09:51.182Z,2.8010,83,SYNTH
2026-04-21 14:09:52.809Z,2.8042,42,SYNTH
2026-04-21 14:09:53.554Z,2.8003,48,SYNTH
2026-04-21 14:09:54.205Z,2.8024,86,SYNTH
2026-04-21 14:09:55.005Z,2.7999,52,SYNTH
2026-04-21 14:09:56.856Z,2.8028,80,SYNTH
2026-04-21 14:09:57.663Z,2.7993,63,SYNTH
2026-04-21 14:09:58.523Z,2.7983,67,SYNTH
2026-04-21 14:09:59.051Z,2.8009,99,SYNTH
2026-04-21 14:10:00.885Z,2.8098,166,SYNTH
2026-04-21 14:10:01.145Z,2.8083,183,SYNTH
2026-04-21 14:10:02.292Z,2.8069,169,SYNTH
2026-04-21 14:10:03.784Z,2.8062,183,SYNTH
2026-04-21 14:10:04.458Z,2.8076,77,SYNTH
2026-04-21 14:10:05.588Z,2.8048,92,SYNTH
2026-04-21 14:10:06.809Z,2.8043,109,SYNTH
2026-04-21 14:10:07.681Z,2.8050,72,SYNTH
2026-04-21 14:10:08.686Z,2.8041,145,SYNTH
2026-04-21 14:10:09.539Z,2.8049,146,SYNTH
2026-04-21 14:10:10.232Z,2.8059,88,SYNTH
2026-04-21 14:10:11.732Z,2.8034,328,SYNTH
2026-04-21 14:10:12.818Z,2.8063,297,SYNTH
2026-04-21 14:10:13.228Z,2.8041,304,SYNTH
2026-04-21 14:10:14.724Z,2.8062,101,SYNTH
2026-04-21 14:10:15.125Z,2.8076,95,SYNTH
2026-04-21 14:10:16.704Z,2.8067,126,SYNTH
2026-04-21 14:10:17.092Z,2.8044,236,SYNTH
2026-04-21 14:10:18.180Z,2.8078,153,SYNTH
2026-04-21 14:10:19.282Z,2.8074,124,SYNTH
2026-04-21 14:10:20.835Z,2.8041,124,SYNTH
2026-04-21 14:10:21.424Z,2.8087,121,SYNTH
2026-04-21 14:10:22.086Z,2.8052,126,SYNTH
2026-04-21 14:10:23.807Z,2.8091,119,SYNTH
2026-04-21 14:10:24.087Z,2.8080,120,SYNTH
2026-04-21 14:10:25.553Z,2.8090,65,SYNTH
2026-04-21 14:10:26.588Z,2.8115,60,SYNTH
2026-04-21 14:10:27.268Z,2.8085,51,SYNTH
2026-04-21 14:10:28.518Z,2.8122,85,SYNTH
2026-04-21 14:10:29.323Z,2.8095,101,SYNTH
2026-04-21 14:10:30.154Z,2.8136,94,SYNTH
2026-04-21 14:10:31.368Z,2.8128,85,SYNTH
2026-04-21 14:10:32.063Z,2.8155,60,SYNTH
2026-04-21 14:10:33.865Z,2.8115,90,SYNTH
2026-04-21 14:10:34.151Z,2.8153,60,SYNTH
2026-04-21 14:10:35.514Z,2.8163,60,SYNTH
2026-04-21 14:10:36.801Z,2.8156,85,SYNTH
2026-04-21 14:10:37.111Z,2.8157,158,SYNTH
2026-04-21 14:10:38.763Z,2.8145,240,SYNTH
2026-04-21 14:10:39.158Z,2.8160,275,SYNTH
2026-04-21 14:10:40.177Z,2.8142,196,SYNTH
2026-04-21 14:10:41.731Z,2.8140,69,SYNTH
2026-04-21 14:10:42.768Z,2.8120,57,SYNTH
2026-04-21 14:10:43.065Z,2.8146,104,SYNTH
2026-04-21 14:10:44.849Z,2.8164,65,SYNTH
2026-04-21 14:10:45.466Z,2.8129,159,SYNTH
2026-04-21 14:10:46.619Z,2.8153,222,SYNTH
2026-04-21 14:10:47.189Z,2.8159,123,SYNTH
2026-04-21 14:10:48.795Z,2.8124,138,SYNTH
2026-04-21 14:10:49.627Z,2.8120,137,SYNTH
2026-04-21 14:10:50.295Z,2.8147,136,SYNTH
2026-04-21 14:10:51.077Z,2.8128,123,SYNTH
2026-04-21 14:10:52.729Z,2.8163,107,SYNTH
2026-04-21 14:10:53.447Z,2.8121,134,SYNTH
2026-04-21 14:10:54.277Z,2.8145,77,SYNTH
2026-04-21 14:10:55.325Z,2.8162,109,SYNTH
2026-04-21 14:10:56.364Z,2.8163,164,SYNTH
2026-04-21 14:10:57.116Z,2.8165,91,SYNTH
2026-04-21 14:10:58.238Z,2.8167,85,SYNTH
2026-04-21 14:10:59.460Z,2.8130,112,SYNTH
2026-04-21 14:15:00.563Z,2.8117,61,SYNTH
2026-04-21 14:15:01.025Z,2.8081,59,SYNTH
2026-04-21 14:15:02.457Z,2.8076,105,SYNTH
2026-04-21 14:15:03.618Z,2.8095,83,SYNTH
2026-04-21 14:15:04.015Z,2.8110,90,SYNTH
2026-04-21 14:15:05.125Z,2.8083,62,SYNTH
2026-04-21 14:15:06.366Z,2.8107,90,SYNTH
2026-04-21 14:15:07.830Z,2.8093,66,SYNTH
2026-04-21 14:15:08.372Z,2.8116,97,SYNTH
2026-04-21 14:15:09.801Z,2.8121,77,SYNTH
2026-04-21 14:15:10.209Z,2.8109,79,SYNTH
2026-04-21 14:15:11.746Z,2.8101,130,SYNTH
2026-04-21 14:15:12.332Z,2.8082,218,SYNTH
2026-04-21 14:15:13.046Z,2.8123,227,SYNTH
2026-04-21 14:15:14.005Z,2.8106,44,SYNTH
2026-04-21 14:15:15.347Z,2.8078,88,SYNTH
2026-04-21 14:15:16.415Z,2.8097,132,SYNTH
2026-04-21 14:15:17.006Z,2.8117,91,SYNTH
2026-04-21 14:15:18.869Z,2.8120,148,SYNTH
2026-04-21 14:15:19.516Z,2.8092,109,SYNTH
2026-04-21 14:15:20.537Z,2.8112,44,SYNTH
2026-04-21 14:15:21.796Z,2.8114,44,SYNTH
2026-04-21 14:15:22.710Z,2.8121,76,SYNTH
2026-04-21 14:15:23.294Z,2.8091,53,SYNTH
2026-04-21 14:15:24.106Z,2.8132,79,SYNTH
2026-04-21 14:15:25.303Z,2.8095,71,SYNTH
2026-04-21 14:15:26.445Z,2.8132,39,SYNTH
2026-04-21 14:15:27.713Z,2.8122,55,SYNTH
2026-04-21 14:15:28.534Z,2.8140,67,SYNTH
2026-04-21 14:15:29.122Z,2.8108,46,SYNTH
2026-04-21 14:15:30.073Z,2.8152,72,SYNTH
2026-04-21 14:15:31.038Z,2.8152,49,SYNTH
2026-04-21 14:15:32.414Z,2.8133,60,SYNTH
2026-04-21 14:15:33.288Z,2.8127,76,SYNTH
2026-04-21 14:15:34.092Z,2.8153,81,SYNTH
2026-04-21 14:15:35.336Z,2.8124,83,SYNTH
2026-04-21 14:15:36.439Z,2.8149,37,SYNTH
2026-04-21 14:15:37.831Z,2.8163,121,SYNTH
2026-04-21 14:15:38.838Z,2.8174,127,SYNTH
2026-04-21 14:15:39.501Z,2.8133,149,SYNTH
2026-04-21 14:15:40.038Z,2.8140,148,SYNTH
2026-04-21 14:15:41.568Z,2.8153,42,SYNTH
2026-04-21 14:15:42.799Z,2.8163,61,SYNTH
2026-04-21 14:15:43.011Z,2.8127,69,SYNTH
2026-04-21 14:15:44.308Z,2.8168,76,SYNTH
2026-04-21 14:15:45.506Z,2.8135,128,SYNTH
2026-04-21 14:15:46.489Z,2.8124,139,SYNTH
2026-04-21 14:15:47.290Z,2.8163,87,SYNTH
2026-04-21 14:15:48.833Z,2.8161,63,SYNTH
2026-04-21 14:15:49.231Z,2.8147,92,SYNTH
2026-04-21 14:15:50.394Z,2.8148,65,SYNTH
2026-04-21 14:15:51.566Z,2.8137,54,SYNTH
2026-04-21 14:15:52.894Z,2.8124,107,SYNTH
2026-04-21 14:15:53.185Z,2.8163,69,SYNTH
2026-04-21 14:15:54.108Z,2.8125,69,SYNTH
2026-04-21 14:15:55.888Z,2.8158,86,SYNTH
2026-04-21 14:15:56.284Z,2.8147,83,SYNTH
2026-04-21 14:15:57.786Z,2.8131,54,SYNTH
2026-04-21 14:15:58.469Z,2.8136,60,SYNTH
2026-04-21 14:15:59.164Z,2.8157,104,SYNTH
2026-04-21 14:16:00.684Z,2.8168,2,SYNTH
2026-04-21 14:16:01.071Z,2.8129,2,SYNTH
2026-04-21 14:16:02.328Z,2.8164,1,SYNTH
2026-04-21 14:16:03.110Z,2.8154,2,SYNTH
2026-04-21 14:16:04.825Z,2.8140,2,SYNTH
2026-04-21 14:16:05.215Z,2.8134,2,SYNTH
2026-04-21 14:16:06.801Z,2.8165,1,SYNTH
2026-04-21 14:16:07.004Z,2.8132,1,SYNTH
2026-04-21 14:16:08.825Z,2.8160,1,SYNTH
2026-04-21 14:16:09.198Z,2.8160,2,SYNTH
2026-04-21 14:16:10.275Z,2.8142,2,SYNTH
2026-04-21 14:16:11.328Z,2.8163,5,SYNTH
2026-04-21 14:16:12.176Z,2.8163,4,SYNTH
2026-04-21 14:16:13.736Z,2.8124,3,SYNTH
2026-04-21 14:16:14.866Z,2.8158,2,SYNTH
2026-04-21 14:16:15.430Z,2.8161,2,SYNTH
2026-04-21 14:16:16.641Z,2.8160,1,SYNTH
2026-04-21 14:16:17.489Z,2.8133,3,SYNTH
2026-04-21 14:16:18.006Z,2.8164,2,SYNTH
2026-04-21 14:16:19.431Z,2.8131,2,SYNTH
2026-04-21 14:16:20.599Z,2.8171,1,SYNTH
2026-04-21 14:16:21.781Z,2.8131,1,SYNTH
2026-04-21 14:16:22.055Z,2.8167,2,SYNTH
2026-04-21 14:16:23.230Z,2.8174,1,SYNTH
2026-04-21 14:16:24.398Z,2.8175,1,SYNTH
2026-04-21 14:16:25.703Z,2.8129,1,SYNTH
2026-04-21 14:16:26.208Z,2.8154,2,SYNTH
2026-04-21 14:16:27.255Z,2.8162,1,SYNTH
2026-04-21 14:16:28.631Z,2.8141,1,SYNTH
2026-04-21 14:16:29.363Z,2.8171,2,SYNTH
2026-04-21 14:16:30.215Z,2.8125,1,SYNTH
2026-04-21 14:16:31.562Z,2.8164,1,SYNTH
2026-04-21 14:16:32.762Z,2.8162,1,SYNTH
2026-04-21 14:16:33.863Z,2.8151,1,SYNTH
2026-04-21 14:16:34.370Z,2.8140,1,SYNTH
2026-04-21 14:16:35.245Z,2.8157,1,SYNTH
2026-04-21 14:16:36.056Z,2.8137,1,SYNTH
2026-04-21 14:16:37.542Z,2.8150,4,SYNTH
2026-04-21 14:16:38.392Z,2.8158,2,SYNTH
2026-04-21 14:16:39.678Z,2.8149,4,SYNTH
2026-04-21 14:16:40.555Z,2.8132,2,SYNTH
2026-04-21 14:16:41.807Z,2.8129,2,SYNTH
2026-04-21 14:16:42.386Z,2.8162,1,SYNTH
2026-04-21 14:16:43.604Z,2.8154,2,SYNTH
2026-04-21 14:16:44.058Z,2.8173,1,SYNTH
2026-04-21 14:16:45.715Z,2.8136,2,SYNTH
2026-04-21 14:16:46.824Z,2.8153,1,SYNTH
2026-04-21 14:16:47.077Z,2.8171,1,SYNTH
2026-04-21 14:16:48.711Z,2.8154,1,SYNTH
2026-04-21 14:16:49.739Z,2.8147,1,SYNTH
2026-04-21 14:16:50.277Z,2.8166,1,SYNTH
2026-04-21 14:16:51.750Z,2.8167,2,SYNTH
2026-04-21 14:16:52.414Z,2.8143,1,SYNTH
2026-04-21 14:16:53.856Z,2.8146,2,SYNTH
2026-04-21 14:16:54.874Z,2.8158,2,SYNTH
2026-04-21 14:16:55.069Z,2.8137,1,SYNTH
2026-04-21 14:16:56.719Z,2.8161,2,SYNTH
2026-04-21 14:16:57.854Z,2.8164,1,SYNTH
2026-04-21 14:16:58.857Z,2.8145,2,SYNTH
2026-04-21 14:16:59.701Z,2.8161,2,SYNTH
2026-04-21 14:17:00.772Z,2.8104,122,SYNTH
2026-04-21 14:17:01.377Z,2.8113,66,SYNTH
2026-04-21 14:17:02.246Z,2.8095,64,SYNTH
2026-04-21 14:17:03.174Z,2.8116,83,SYNTH
2026-04-21 14:17:04.296Z,2.8096,68,SYNTH
2026-04-21 14:17:05.182Z,2.8118,114,SYNTH
2026-04-21 14:17:06.466Z,2.8116,55,SYNTH
2026-04-21 14:17:07.546Z,2.8082,63,SYNTH
2026-04-21 14:17:08.700Z,2.8088,57,SYNTH
2026-04-21 14:17:09.782Z,2.8122,46,SYNTH
2026-04-21 14:17:10.239Z,2.8115,93,SYNTH
2026-04-21 14:17:11.405Z,2.8085,208,SYNTH
2026-04-21 14:17:12.857Z,2.8126,139,SYNTH
2026-04-21 14:17:13.722Z,2.8089,167,SYNTH
2026-04-21 14:17:14.870Z,2.8081,64,SYNTH
2026-04-21 14:17:15.758Z,2.8118,72,SYNTH
2026-04-21 14:17:16.294Z,2.8090,136,SYNTH
2026-04-21 14:17:17.090Z,2.8111,133,SYNTH
2026-04-21 14:17:18.465Z,2.8078,106,SYNTH
2026-04-21 14:17:19.566Z,2.8099,91,SYNTH
2026-04-21 14:17:20.175Z,2.8091,72,SYNTH
2026-04-21 14:17:21.071Z,2.8079,71,SYNTH
2026-04-21 14:17:22.133Z,2.8078,49,SYNTH
2026-04-21 14:17:23.431Z,2.8093,47,SYNTH
2026-04-21 14:17:24.497Z,2.8104,35,SYNTH
2026-04-21 14:17:25.005Z,2.8062,83,SYNTH
2026-04-21 14:17:26.316Z,2.8088,82,SYNTH
2026-04-21 14:17:27.494Z,2.8070,36,SYNTH
2026-04-21 14:17:28.341Z,2.8083,78,SYNTH
2026-04-21 14:17:29.879Z,2.8058,67,SYNTH
2026-04-21 14:17:30.829Z,2.8083,37,SYNTH
2026-04-21 14:17:31.070Z,2.8075,72,SYNTH
2026-04-21 14:17:32.041Z,2.8047,49,SYNTH
2026-04-21 14:17:33.588Z,2.8044,58,SYNTH
2026-04-21 14:17:34.197Z,2.8048,46,SYNTH
2026-04-21 14:17:35.746Z,2.8045,78,SYNTH
2026-04-21 14:17:36.204Z,2.8065,79,SYNTH
2026-04-21 14:17:37.592Z,2.8039,205,SYNTH
2026-04-21 14:17:38.464Z,2.8035,140,SYNTH
2026-04-21 14:17:39.642Z,2.8061,112,SYNTH
2026-04-21 14:17:40.611Z,2.8047,155,SYNTH
2026-04-21 14:17:41.716Z,2.8066,56,SYNTH
2026-04-21 14:17:42.645Z,2.8050,70,SYNTH
2026-04-21 14:17:43.188Z,2.8072,51,SYNTH
2026-04-21 14:17:44.155Z,2.8071,48,SYNTH
2026-04-21 14:17:45.870Z,2.8037,110,SYNTH
2026-04-21 14:17:46.550Z,2.8076,107,SYNTH
2026-04-21 14:17:47.155Z,2.8041,119,SYNTH
2026-04-21 14:17:48.264Z,2.8068,69,SYNTH
2026-04-21 14:17:49.367Z,2.8042,82,SYNTH
2026-04-21 14:17:50.881Z,2.8059,61,SYNTH
2026-04-21 14:17:51.415Z,2.8042,108,SYNTH
2026-04-21 14:17:52.218Z,2.8036,80,SYNTH
2026-04-21 14:17:53.568Z,2.8062,85,SYNTH
2026-04-21 14:17:54.166Z,2.8045,50,SYNTH
2026-04-21 14:17:55.834Z,2.8057,108,SYNTH
2026-04-21 14:17:56.490Z,2.8057,71,SYNTH
2026-04-21 14:17:57.240Z,2.8040,120,SYNTH
2026-04-21 14:17:58.396Z,2.8059,55,SYNTH
2026-04-21 14:17:59.768Z,2.8039,61,SYNTH
2026-04-21 14:18:00.273Z,2.8051,8,SYNTH
2026-04-21 14:18:01.240Z,2.8057,8,SYNTH
2026-04-21 14:18:02.273Z,2.8043,6,SYNTH
2026-04-21 14:18:03.270Z,2.8030,7,SYNTH
2026-04-21 14:18:04.448Z,2.8060,7,SYNTH
2026-04-21 14:18:05.339Z,2.8053,6,SYNTH
2026-04-21 14:18:06.191Z,2.8041,5,SYNTH
2026-04-21 14:18:07.182Z,2.8064,7,SYNTH
2026-04-21 14:18:08.258Z,2.8030,6,SYNTH
2026-04-21 14:18:09.824Z,2.8029,6,SYNTH
2026-04-21 14:18:10.679Z,2.8067,7,SYNTH
2026-04-21 14:18:11.031Z,2.8040,14,SYNTH
2026-04-21 14:18:12.799Z,2.8055,13,SYNTH
2026-04-21 14:18:13.364Z,2.8067,8,SYNTH
2026-04-21 14:18:14.360Z,2.8048,4,SYNTH
2026-04-21 14:18:15.481Z,2.8061,5,SYNTH
2026-04-21 14:18:16.483Z,2.8071,8,SYNTH
2026-04-21 14:18:17.217Z,2.8033,9,SYNTH
2026-04-21 14:18:18.357Z,2.8066,12,SYNTH
2026-04-21 14:18:19.833Z,2.8045,8,SYNTH
2026-04-21 14:18:20.208Z,2.8043,3,SYNTH
2026-04-21 14:18:21.526Z,2.8036,5,SYNTH
2026-04-21 14:18:22.888Z,2.8062,6,SYNTH
2026-04-21 14:18:23.004Z,2.8036,4,SYNTH
2026-04-21 14:18:24.437Z,2.8048,4,SYNTH
2026-04-21 14:18:25.689Z,2.8070,5,SYNTH
2026-04-21 14:18:26.118Z,2.8072,4,SYNTH
2026-04-21 14:18:27.571Z,2.8038,5,SYNTH
2026-04-21 14:18:28.846Z,2.8032,5,SYNTH
2026-04-21 14:18:29.849Z,2.8066,6,SYNTH
2026-04-21 14:18:30.440Z,2.8065,5,SYNTH
2026-04-21 14:18:31.479Z,2.8028,5,SYNTH
2026-04-21 14:18:32.595Z,2.8038,6,SYNTH
2026-04-21 14:18:33.592Z,2.8052,5,SYNTH
2026-04-21 14:18:34.288Z,2.8042,5,SYNTH
2026-04-21 14:18:35.156Z,2.8065,4,SYNTH
2026-04-21 14:18:36.122Z,2.8067,4,SYNTH
2026-04-21 14:18:37.824Z,2.8064,16,SYNTH
2026-04-21 14:18:38.518Z,2.8048,15,SYNTH
2026-04-21 14:18:39.377Z,2.8068,7,SYNTH
2026-04-21 14:18:40.453Z,2.8046,15,SYNTH
2026-04-21 14:18:41.870Z,2.8061,3,SYNTH
2026-04-21 14:18:42.060Z,2.8030,6,SYNTH
2026-04-21 14:18:43.655Z,2.8058,4,SYNTH
2026-04-21 14:18:44.054Z,2.8034,4,SYNTH
2026-04-21 14:18:45.638Z,2.8055,5,SYNTH
2026-04-21 14:18:46.388Z,2.8041,6,SYNTH
2026-04-21 14:18:47.294Z,2.8067,6,SYNTH
2026-04-21 14:18:48.556Z,2.8060,5,SYNTH
2026-04-21 14:18:49.377Z,2.8039,3,SYNTH
2026-04-21 14:18:50.743Z,2.8044,5,SYNTH
2026-04-21 14:18:51.025Z,2.8039,4,SYNTH
2026-04-21 14:18:52.006Z,2.8061,4,SYNTH
2026-04-21 14:18:53.108Z,2.8028,6,SYNTH
2026-04-21 14:18:54.686Z,2.8035,8,SYNTH
2026-04-21 14:18:55.817Z,2.8059,4,SYNTH
2026-04-21 14:18:56.531Z,2.8064,9,SYNTH
2026-04-21 14:18:57.127Z,2.8044,6,SYNTH
2026-04-21 14:18:58.889Z,2.8042,5,SYNTH
2026-04-21 14:18:59.759Z,2.8056,7,SYNTH
2026-04-21 14:20:00.764Z,2.8017,187,SYNTH
2026-04-21 14:20:01.337Z,2.8020,184,SYNTH
2026-04-21 14:20:02.092Z,2.7981,163,SYNTH
2026-04-21 14:20:03.408Z,2.8012,237,SYNTH
2026-04-21 14:20:04.357Z,2.8015,135,SYNTH
2026-04-21 14:20:05.397Z,2.8008,192,SYNTH
2026-04-21 14:20:06.434Z,2.7997,226,SYNTH
2026-04-21 14:20:07.136Z,2.7998,159,SYNTH
2026-04-21 14:20:08.838Z,2.8018,173,SYNTH
2026-04-21 14:20:09.304Z,2.7984,149,SYNTH
2026-04-21 14:20:10.638Z,2.8021,197,SYNTH
2026-04-21 14:20:11.276Z,2.7990,519,SYNTH
2026-04-21 14:20:12.353Z,2.8001,464,SYNTH
2026-04-21 14:20:13.772Z,2.7999,304,SYNTH
2026-04-21 14:20:14.733Z,2.8006,186,SYNTH
2026-04-21 14:20:15.439Z,2.7983,175,SYNTH
2026-04-21 14:20:16.898Z,2.8022,289,SYNTH
2026-04-21 14:20:17.869Z,2.7990,315,SYNTH
2026-04-21 14:20:18.749Z,2.8015,259,SYNTH
2026-04-21 14:20:19.257Z,2.8021,326,SYNTH
2026-04-21 14:20:20.762Z,2.7978,133,SYNTH
2026-04-21 14:20:21.004Z,2.7979,142,SYNTH
2026-04-21 14:20:22.422Z,2.7998,148,SYNTH
2026-04-21 14:20:23.193Z,2.7982,150,SYNTH
2026-04-21 14:20:24.226Z,2.7966,87,SYNTH
2026-04-21 14:20:25.822Z,2.7961,120,SYNTH
2026-04-21 14:20:26.578Z,2.7948,87,SYNTH
2026-04-21 14:20:27.353Z,2.7929,77,SYNTH
2026-04-21 14:20:28.860Z,2.7968,71,SYNTH
2026-04-21 14:20:29.034Z,2.7933,90,SYNTH
2026-04-21 14:20:30.087Z,2.7913,89,SYNTH
2026-04-21 14:20:31.558Z,2.7915,96,SYNTH
2026-04-21 14:20:32.165Z,2.7892,147,SYNTH
2026-04-21 14:20:33.451Z,2.7915,119,SYNTH
2026-04-21 14:20:34.175Z,2.7891,123,SYNTH
2026-04-21 14:20:35.585Z,2.7885,114,SYNTH
2026-04-21 14:20:36.106Z,2.7914,127,SYNTH
2026-04-21 14:20:37.882Z,2.7887,209,SYNTH
2026-04-21 14:20:38.386Z,2.7882,247,SYNTH
2026-04-21 14:20:39.143Z,2.7907,293,SYNTH
2026-04-21 14:20:40.280Z,2.7881,222,SYNTH
2026-04-21 14:20:41.308Z,2.7889,80,SYNTH
2026-04-21 14:20:42.483Z,2.7881,88,SYNTH
2026-04-21 14:20:43.650Z,2.7908,122,SYNTH
2026-04-21 14:20:44.504Z,2.7911,117,SYNTH
2026-04-21 14:20:45.776Z,2.7913,227,SYNTH
2026-04-21 14:20:46.029Z,2.7919,237,SYNTH
2026-04-21 14:20:47.873Z,2.7911,275,SYNTH
2026-04-21 14:20:48.482Z,2.7883,194,SYNTH
2026-04-21 14:20:49.111Z,2.7882,214,SYNTH
2026-04-21 14:20:50.172Z,2.7889,121,SYNTH
2026-04-21 14:20:51.154Z,2.7903,135,SYNTH
2026-04-21 14:20:52.714Z,2.7878,168,SYNTH
2026-04-21 14:20:53.149Z,2.7877,117,SYNTH
2026-04-21 14:20:54.828Z,2.7913,225,SYNTH
2026-04-21 14:20:55.352Z,2.7883,150,SYNTH
2026-04-21 14:20:56.285Z,2.7872,239,SYNTH
2026-04-21 14:20:57.594Z,2.7871,215,SYNTH
2026-04-21 14:20:58.632Z,2.7896,257,SYNTH
2026-04-21 14:20:59.607Z,2.7887,121,SYNTH
2026-04-21 14:21:00.891Z,2.7804,4,SYNTH
2026-04-21 14:21:01.129Z,2.7782,4,SYNTH
2026-04-21 14:21:02.293Z,2.7814,3,SYNTH
2026-04-21 14:21:03.138Z,2.7777,4,SYNTH
2026-04-21 14:21:04.008Z,2.7818,2,SYNTH
2026-04-21 14:21:05.760Z,2.7800,3,SYNTH
2026-04-21 14:21:06.197Z,2.7815,2,SYNTH
2026-04-21 14:21:07.333Z,2.7783,2,SYNTH
2026-04-21 14:21:08.190Z,2.7784,3,SYNTH
2026-04-21 14:21:09.281Z,2.7794,4,SYNTH
2026-04-21 14:21:10.278Z,2.7807,3,SYNTH
2026-04-21 14:21:11.815Z,2.7811,6,SYNTH
2026-04-21 14:21:12.192Z,2.7781,7,SYNTH
2026-04-21 14:21:13.528Z,2.7784,6,SYNTH
2026-04-21 14:21:14.145Z,2.7821,3,SYNTH
2026-04-21 14:21:15.228Z,2.7786,2,SYNTH
2026-04-21 14:21:16.113Z,2.7790,3,SYNTH
2026-04-21 14:21:17.117Z,2.7820,4,SYNTH
2026-04-21 14:21:18.539Z,2.7805,4,SYNTH
2026-04-21 14:21:19.318Z,2.7787,5,SYNTH
2026-04-21 14:21:20.107Z,2.7806,2,SYNTH
2026-04-21 14:21:21.490Z,2.7812,2,SYNTH
2026-04-21 14:21:22.510Z,2.7785,2,SYNTH
2026-04-21 14:21:23.866Z,2.7808,1,SYNTH
2026-04-21 14:21:24.173Z,2.7787,3,SYNTH
2026-04-21 14:21:25.129Z,2.7775,3,SYNTH
2026-04-21 14:21:26.632Z,2.7810,2,SYNTH
2026-04-21 14:21:27.447Z,2.7806,2,SYNTH
2026-04-21 14:21:28.345Z,2.7789,3,SYNTH
2026-04-21 14:21:29.183Z,2.7805,2,SYNTH
2026-04-21 14:21:30.591Z,2.7809,2,SYNTH
2026-04-21 14:21:31.057Z,2.7783,3,SYNTH
2026-04-21 14:21:32.813Z,2.7802,2,SYNTH
2026-04-21 14:21:33.307Z,2.7796,3,SYNTH
2026-04-21 14:21:34.003Z,2.7810,3,SYNTH
2026-04-21 14:21:35.666Z,2.7779,2,SYNTH
2026-04-21 14:21:36.017Z,2.7806,3,SYNTH
2026-04-21 14:21:37.812Z,2.7812,7,SYNTH
2026-04-21 14:21:38.717Z,2.7797,4,SYNTH
2026-04-21 14:21:39.152Z,2.7816,5,SYNTH
2026-04-21 14:21:40.568Z,2.7784,6,SYNTH
2026-04-21 14:21:41.084Z,2.7784,2,SYNTH
2026-04-21 14:21:42.538Z,2.7800,3,SYNTH
2026-04-21 14:21:43.251Z,2.7817,2,SYNTH
2026-04-21 14:21:44.584Z,2.7782,2,SYNTH
2026-04-21 14:21:45.775Z,2.7809,3,SYNTH
2026-04-21 14:21:46.677Z,2.7823,4,SYNTH
2026-04-21 14:21:47.672Z,2.7796,4,SYNTH
2026-04-21 14:21:48.648Z,2.7788,3,SYNTH
2026-04-21 14:21:49.853Z,2.7816,2,SYNTH
2026-04-21 14:21:50.624Z,2.7800,2,SYNTH
2026-04-21 14:21:51.137Z,2.7795,2,SYNTH
2026-04-21 14:21:52.662Z,2.7776,3,SYNTH
2026-04-21 14:21:53.549Z,2.7812,3,SYNTH
2026-04-21 14:21:54.174Z,2.7783,2,SYNTH
2026-04-21 14:21:55.130Z,2.7813,3,SYNTH
2026-04-21 14:21:56.781Z,2.7812,3,SYNTH
2026-04-21 14:21:57.257Z,2.7779,3,SYNTH
2026-04-21 14:21:58.341Z,2.7783,2,SYNTH
2026-04-21 14:21:59.567Z,2.7809,4,SYNTH
2026-04-21 14:22:00.868Z,2.7805,2,SYNTH
2026-04-21 14:22:01.887Z,2.7811,2,SYNTH
2026-04-21 14:22:02.218Z,2.7798,1,SYNTH
2026-04-21 14:22:03.861Z,2.7809,2,SYNTH
2026-04-21 14:22:04.082Z,2.7795,1,SYNTH
2026-04-21 14:22:05.243Z,2.7806,2,SYNTH
2026-04-21 14:22:06.463Z,2.7778,2,SYNTH
2026-04-21 14:22:07.898Z,2.7812,2,SYNTH
2026-04-21 14:22:08.221Z,2.7817,1,SYNTH
2026-04-21 14:22:09.659Z,2.7792,1,SYNTH
2026-04-21 14:22:10.737Z,2.7822,2,SYNTH
2026-04-21 14:22:11.355Z,2.7800,5,SYNTH
2026-04-21 14:22:12.448Z,2.7822,2,SYNTH
2026-04-21 14:22:13.282Z,2.7788,4,SYNTH
2026-04-21 14:22:14.594Z,2.7777,1,SYNTH
2026-04-21 14:22:15.240Z,2.7804,1,SYNTH
2026-04-21 14:22:16.276Z,2.7804,3,SYNTH
2026-04-21 14:22:17.586Z,2.7793,3,SYNTH
2026-04-21 14:22:18.515Z,2.7801,3,SYNTH
2026-04-21 14:22:19.894Z,2.7815,3,SYNTH
2026-04-21 14:22:20.789Z,2.7801,1,SYNTH
2026-04-21 14:22:21.232Z,2.7791,1,SYNTH
2026-04-21 14:22:22.106Z,2.7815,1,SYNTH
2026-04-21 14:22:23.458Z,2.7796,1,SYNTH
2026-04-21 14:22:24.886Z,2.7782,1,SYNTH
2026-04-21 14:22:25.088Z,2.7820,2,SYNTH
2026-04-21 14:22:26.019Z,2.7796,1,SYNTH
2026-04-21 14:22:27.847Z,2.7776,1,SYNTH
2026-04-21 14:22:28.673Z,2.7806,1,SYNTH
2026-04-21 14:22:29.273Z,2.7824,1,SYNTH
2026-04-21 14:22:30.272Z,2.7780,1,SYNTH
2026-04-21 14:22:31.057Z,2.7796,1,SYNTH
2026-04-21 14:22:32.836Z,2.7784,1,SYNTH
2026-04-21 14:22:33.282Z,2.7811,1,SYNTH
2026-04-21 14:22:34.124Z,2.7780,1,SYNTH
2026-04-21 14:22:35.114Z,2.7813,1,SYNTH
2026-04-21 14:22:36.030Z,2.7821,2,SYNTH
2026-04-21 14:22:37.793Z,2.7816,2,SYNTH
2026-04-21 14:22:38.392Z,2.7779,3,SYNTH
2026-04-21 14:22:39.878Z,2.7786,3,SYNTH
2026-04-21 14:22:40.215Z,2.7799,4,SYNTH
2026-04-21 14:22:41.764Z,2.7809,1,SYNTH
2026-04-21 14:22:42.143Z,2.7825,2,SYNTH
2026-04-21 14:22:43.434Z,2.7781,1,SYNTH
2026-04-21 14:22:44.350Z,2.7807,1,SYNTH
2026-04-21 14:22:45.080Z,2.7808,2,SYNTH
2026-04-21 14:22:46.237Z,2.7796,1,SYNTH
2026-04-21 14:22:47.462Z,2.7775,3,SYNTH
2026-04-21 14:22:48.165Z,2.7816,2,SYNTH
2026-04-21 14:22:49.835Z,2.7809,1,SYNTH
2026-04-21 14:22:50.626Z,2.7774,2,SYNTH
2026-04-21 14:22:51.455Z,2.7802,2,SYNTH
2026-04-21 14:22:52.778Z,2.7788,1,SYNTH
2026-04-21 14:22:53.288Z,2.7806,2,SYNTH
2026-04-21 14:22:54.550Z,2.7807,1,SYNTH
2026-04-21 14:22:55.601Z,2.7797,1,SYNTH
2026-04-21 14:22:56.222Z,2.7800,2,SYNTH
2026-04-21 14:22:57.846Z,2.7805,2,SYNTH
2026-04-21 14:22:58.757Z,2.7823,2,SYNTH
2026-04-21 14:22:59.441Z,2.7788,2,SYNTH
2026-04-21 14:23:00.017Z,2.7808,22,SYNTH
2026-04-21 14:23:01.518Z,2.7787,21,SYNTH
2026-04-21 14:23:02.152Z,2.7804,22,SYNTH
2026-04-21 14:23:03.577Z,2.7817,13,SYNTH
2026-04-21 14:23:04.699Z,2.7821,12,SYNTH
2026-04-21 14:23:05.034Z,2.7782,10,SYNTH
2026-04-21 14:23:06.151Z,2.7800,20,SYNTH
2026-04-21 14:23:07.563Z,2.7785,11,SYNTH
2026-04-21 14:23:08.230Z,2.7823,13,SYNTH
2026-04-21 14:23:09.142Z,2.7817,10,SYNTH
2026-04-21 14:23:10.584Z,2.7780,11,SYNTH
2026-04-21 14:23:11.166Z,2.7788,38,SYNTH
2026-04-21 14:23:12.433Z,2.7817,36,SYNTH
2026-04-21 14:23:13.381Z,2.7796,30,SYNTH
2026-04-21 14:23:14.868Z,2.7776,16,SYNTH
2026-04-21 14:23:15.747Z,2.7774,11,SYNTH
2026-04-21 14:23:16.872Z,2.7820,21,SYNTH
2026-04-21 14:23:17.535Z,2.7791,24,SYNTH
2026-04-21 14:23:18.393Z,2.7794,18,SYNTH
2026-04-21 14:23:19.158Z,2.7811,15,SYNTH
2026-04-21 14:23:20.664Z,2.7817,12,SYNTH
2026-04-21 14:23:21.127Z,2.7795,13,SYNTH
2026-04-21 14:23:22.465Z,2.7809,13,SYNTH
2026-04-21 14:23:23.221Z,2.7782,14,SYNTH
2026-04-21 14:23:24.829Z,2.7810,9,SYNTH
2026-04-21 14:23:25.269Z,2.7817,10,SYNTH
2026-04-21 14:23:26.461Z,2.7801,8,SYNTH
2026-04-21 14:23:27.776Z,2.7780,7,SYNTH
2026-04-21 14:23:28.376Z,2.7815,14,SYNTH
2026-04-21 14:23:29.823Z,2.7807,14,SYNTH
2026-04-21 14:23:30.226Z,2.7810,11,SYNTH
2026-04-21 14:23:31.828Z,2.7808,15,SYNTH
2026-04-21 14:23:32.459Z,2.7784,15,SYNTH
2026-04-21 14:23:33.139Z,2.7787,15,SYNTH
2026-04-21 14:23:34.645Z,2.7793,12,SYNTH
2026-04-21 14:23:35.708Z,2.7814,12,SYNTH
2026-04-21 14:23:36.070Z,2.7814,14,SYNTH
2026-04-21 14:23:37.225Z,2.7799,18,SYNTH
2026-04-21 14:23:38.788Z,2.7814,21,SYNTH
2026-04-21 14:23:39.271Z,2.7783,36,SYNTH
2026-04-21 14:23:40.440Z,2.7821,18,SYNTH
2026-04-21 14:23:41.628Z,2.7781,14,SYNTH
2026-04-21 14:23:42.705Z,2.7810,15,SYNTH
2026-04-21 14:23:43.272Z,2.7791,12,SYNTH
2026-04-21 14:23:44.200Z,2.7785,8,SYNTH
2026-04-21 14:23:45.421Z,2.7795,27,SYNTH
2026-04-21 14:23:46.178Z,2.7803,17,SYNTH
2026-04-21 14:23:47.124Z,2.7792,14,SYNTH
2026-04-21 14:23:48.485Z,2.7816,9,SYNTH
2026-04-21 14:23:49.219Z,2.7783,11,SYNTH
2026-04-21 14:23:50.072Z,2.7819,12,SYNTH
2026-04-21 14:23:51.330Z,2.7819,17,SYNTH
2026-04-21 14:23:52.303Z,2.7797,13,SYNTH
2026-04-21 14:23:53.466Z,2.7785,10,SYNTH
2026-04-21 14:23:54.552Z,2.7799,13,SYNTH
2026-04-21 14:23:55.271Z,2.7805,19,SYNTH
2026-04-21 14:23:56.294Z,2.7775,19,SYNTH
2026-04-21 14:23:57.463Z,2.7814,15,SYNTH
2026-04-21 14:23:58.756Z,2.7791,13,SYNTH
2026-04-21 14:23:59.827Z,2.7817,12,SYNTH
2026-04-21 14:27:00.757Z,2.7865,151,SYNTH
2026-04-21 14:27:01.480Z,2.7858,143,SYNTH
2026-04-21 14:27:02.466Z,2.7839,131,SYNTH
2026-04-21 14:27:03.183Z,2.7860,139,SYNTH
2026-04-21 14:27:04.753Z,2.7834,134,SYNTH
2026-04-21 14:27:05.250Z,2.7874,179,SYNTH
2026-04-21 14:27:06.733Z,2.7849,147,SYNTH
2026-04-21 14:27:07.791Z,2.7865,178,SYNTH
2026-04-21 14:27:08.768Z,2.7851,185,SYNTH
2026-04-21 14:27:09.205Z,2.7839,146,SYNTH
2026-04-21 14:27:10.633Z,2.7853,141,SYNTH
2026-04-21 14:27:11.712Z,2.7846,334,SYNTH
2026-04-21 14:27:12.441Z,2.7861,381,SYNTH
2026-04-21 14:27:13.210Z,2.7825,386,SYNTH
2026-04-21 14:27:14.773Z,2.7863,137,SYNTH
2026-04-21 14:27:15.116Z,2.7843,92,SYNTH
2026-04-21 14:27:16.316Z,2.7865,127,SYNTH
2026-04-21 14:27:17.881Z,2.7846,134,SYNTH
2026-04-21 14:27:18.287Z,2.7872,164,SYNTH
2026-04-21 14:27:19.562Z,2.7840,180,SYNTH
2026-04-21 14:27:20.043Z,2.7866,152,SYNTH
2026-04-21 14:27:21.585Z,2.7869,139,SYNTH
2026-04-21 14:27:22.611Z,2.7870,130,SYNTH
2026-04-21 14:27:23.082Z,2.7851,140,SYNTH
2026-04-21 14:27:24.382Z,2.7882,98,SYNTH
2026-04-21 14:27:25.646Z,2.7883,60,SYNTH
2026-04-21 14:27:26.526Z,2.7883,135,SYNTH
2026-04-21 14:27:27.204Z,2.7895,138,SYNTH
2026-04-21 14:27:28.728Z,2.7914,142,SYNTH
2026-04-21 14:27:29.649Z,2.7917,92,SYNTH
2026-04-21 14:27:30.046Z,2.7932,85,SYNTH
2026-04-21 14:27:31.668Z,2.7939,118,SYNTH
2026-04-21 14:27:32.293Z,2.7935,85,SYNTH
2026-04-21 14:27:33.103Z,2.7940,108,SYNTH
2026-04-21 14:27:34.021Z,2.7947,99,SYNTH
2026-04-21 14:27:35.387Z,2.7921,95,SYNTH
2026-04-21 14:27:36.689Z,2.7952,75,SYNTH
2026-04-21 14:27:37.863Z,2.7953,283,SYNTH
2026-04-21 14:27:38.284Z,2.7954,334,SYNTH
2026-04-21 14:27:39.843Z,2.7969,230,SYNTH
2026-04-21 14:27:40.232Z,2.7946,285,SYNTH
2026-04-21 14:27:41.224Z,2.7934,72,SYNTH
2026-04-21 14:27:42.317Z,2.7960,94,SYNTH
2026-04-21 14:27:43.893Z,2.7935,157,SYNTH
2026-04-21 14:27:44.771Z,2.7927,157,SYNTH
2026-04-21 14:27:45.660Z,2.7913,138,SYNTH
2026-04-21 14:27:46.442Z,2.7912,156,SYNTH
2026-04-21 14:27:47.574Z,2.7942,211,SYNTH
2026-04-21 14:27:48.209Z,2.7926,100,SYNTH
2026-04-21 14:27:49.524Z,2.7929,146,SYNTH
2026-04-21 14:27:50.219Z,2.7922,82,SYNTH
2026-04-21 14:27:51.565Z,2.7905,93,SYNTH
2026-04-21 14:27:52.529Z,2.7906,125,SYNTH
2026-04-21 14:27:53.529Z,2.7926,163,SYNTH
2026-04-21 14:27:54.767Z,2.7902,195,SYNTH
2026-04-21 14:27:55.273Z,2.7909,194,SYNTH
2026-04-21 14:27:56.272Z,2.7898,191,SYNTH
2026-04-21 14:27:57.891Z,2.7912,120,SYNTH
2026-04-21 14:27:58.374Z,2.7878,212,SYNTH
2026-04-21 14:27:59.243Z,2.7916,202,SYNTH
2026-04-21 14:30:00.495Z,2.8010,41,SYNTH
2026-04-21 14:30:01.182Z,2.8009,46,SYNTH
2026-04-21 14:30:02.318Z,2.7996,35,SYNTH
2026-04-21 14:30:03.052Z,2.7984,60,SYNTH
2026-04-21 14:30:04.262Z,2.7999,42,SYNTH
2026-04-21 14:30:05.129Z,2.8001,59,SYNTH
2026-04-21 14:30:06.286Z,2.7994,43,SYNTH
2026-04-21 14:30:07.320Z,2.8016,25,SYNTH
2026-04-21 14:30:08.394Z,2.7980,43,SYNTH
2026-04-21 14:30:09.003Z,2.8005,32,SYNTH
2026-04-21 14:30:10.266Z,2.7997,39,SYNTH
2026-04-21 14:30:11.860Z,2.7994,108,SYNTH
2026-04-21 14:30:12.087Z,2.8012,74,SYNTH
2026-04-21 14:30:13.760Z,2.7996,61,SYNTH
2026-04-21 14:30:14.224Z,2.7985,26,SYNTH
2026-04-21 14:30:15.013Z,2.8020,49,SYNTH
2026-04-21 14:30:16.253Z,2.7992,80,SYNTH
2026-04-21 14:30:17.125Z,2.8012,85,SYNTH
2026-04-21 14:30:18.150Z,2.7993,68,SYNTH
2026-04-21 14:30:19.254Z,2.7992,78,SYNTH
2026-04-21 14:30:20.361Z,2.8014,41,SYNTH
2026-04-21 14:30:21.446Z,2.7987,21,SYNTH
2026-04-21 14:30:22.095Z,2.8019,39,SYNTH
2026-04-21 14:30:23.708Z,2.7989,32,SYNTH
2026-04-21 14:30:24.647Z,2.8024,23,SYNTH
2026-04-21 14:30:25.161Z,2.8027,27,SYNTH
2026-04-21 14:30:26.879Z,2.8023,30,SYNTH
2026-04-21 14:30:27.633Z,2.8013,21,SYNTH
2026-04-21 14:30:28.452Z,2.8011,41,SYNTH
2026-04-21 14:30:29.150Z,2.8036,33,SYNTH
2026-04-21 14:30:30.157Z,2.8039,40,SYNTH
2026-04-21 14:30:31.499Z,2.8015,36,SYNTH
2026-04-21 14:30:32.842Z,2.8037,24,SYNTH
2026-04-21 14:30:33.414Z,2.8053,26,SYNTH
2026-04-21 14:30:34.263Z,2.8036,37,SYNTH
2026-04-21 14:30:35.632Z,2.8067,26,SYNTH
2026-04-21 14:30:36.896Z,2.8045,20,SYNTH
2026-04-21 14:30:37.540Z,2.8033,102,SYNTH
2026-04-21 14:30:38.328Z,2.8052,46,SYNTH
2026-04-21 14:30:39.736Z,2.8064,59,SYNTH
2026-04-21 14:30:40.384Z,2.8065,93,SYNTH
2026-04-21 14:30:41.138Z,2.8026,24,SYNTH
2026-04-21 14:30:42.118Z,2.8059,45,SYNTH
2026-04-21 14:30:43.749Z,2.8033,29,SYNTH
2026-04-21 14:30:44.211Z,2.8033,49,SYNTH
2026-04-21 14:30:45.176Z,2.8037,34,SYNTH
2026-04-21 14:30:46.502Z,2.8060,42,SYNTH
2026-04-21 14:30:47.329Z,2.8034,63,SYNTH
2026-04-21 14:30:48.634Z,2.8036,33,SYNTH
2026-04-21 14:30:49.069Z,2.8064,28,SYNTH
2026-04-21 14:30:50.777Z,2.8034,43,SYNTH
2026-04-21 14:30:51.116Z,2.8021,24,SYNTH
2026-04-21 14:30:52.350Z,2.8051,34,SYNTH
2026-04-21 14:30:53.255Z,2.8062,34,SYNTH
2026-04-21 14:30:54.516Z,2.8065,49,SYNTH
2026-04-21 14:30:55.464Z,2.8044,48,SYNTH
2026-04-21 14:30:56.210Z,2.8055,52,SYNTH
2026-04-21 14:30:57.173Z,2.8041,28,SYNTH
2026-04-21 14:30:58.055Z,2.8066,40,SYNTH
2026-04-21 14:30:59.510Z,2.8031,47,SYNTH
2026-04-21 14:34:00.337Z,2.8065,7,SYNTH
2026-04-21 14:34:01.574Z,2.8039,8,SYNTH
2026-04-21 14:34:02.828Z,2.8061,9,SYNTH
2026-04-21 14:34:03.737Z,2.8029,8,SYNTH
2026-04-21 14:34:04.195Z,2.8069,7,SYNTH
2026-04-21 14:34:05.339Z,2.8038,6,SYNTH
2026-04-21 14:34:06.452Z,2.8067,8,SYNTH
2026-04-21 14:34:07.189Z,2.8059,7,SYNTH
2026-04-21 14:34:08.241Z,2.8046,4,SYNTH
2026-04-21 14:34:09.544Z,2.8045,7,SYNTH
2026-04-21 14:34:10.885Z,2.8066,8,SYNTH
2026-04-21 14:34:11.019Z,2.8034,19,SYNTH
2026-04-21 14:34:12.746Z,2.8075,9,SYNTH
2026-04-21 14:34:13.078Z,2.8036,8,SYNTH
2026-04-21 14:34:14.015Z,2.8048,4,SYNTH
2026-04-21 14:34:15.644Z,2.8065,7,SYNTH
2026-04-21 14:34:16.154Z,2.8067,13,SYNTH
2026-04-21 14:34:17.245Z,2.8045,9,SYNTH
2026-04-21 14:34:18.194Z,2.8034,13,SYNTH
2026-04-21 14:34:19.678Z,2.8066,9,SYNTH
2026-04-21 14:34:20.365Z,2.8046,3,SYNTH
2026-04-21 14:34:21.128Z,2.8038,7,SYNTH
2026-04-21 14:34:22.177Z,2.8051,7,SYNTH
2026-04-21 14:34:23.514Z,2.8028,5,SYNTH
2026-04-21 14:34:24.848Z,2.8068,6,SYNTH
2026-04-21 14:34:25.477Z,2.8074,6,SYNTH
2026-04-21 14:34:26.130Z,2.8048,5,SYNTH
2026-04-21 14:34:27.064Z,2.8064,3,SYNTH
2026-04-21 14:34:28.368Z,2.8037,7,SYNTH
2026-04-21 14:34:29.092Z,2.8063,6,SYNTH
2026-04-21 14:34:30.305Z,2.8066,7,SYNTH
2026-04-21 14:34:31.207Z,2.8059,6,SYNTH
2026-04-21 14:34:32.580Z,2.8040,7,SYNTH
2026-04-21 14:34:33.295Z,2.8043,3,SYNTH
2026-04-21 14:34:34.303Z,2.8027,3,SYNTH
2026-04-21 14:34:35.407Z,2.8053,5,SYNTH
2026-04-21 14:34:36.453Z,2.8042,5,SYNTH
