TimestampUtc,Bid,Ask,BidSize,AskSize,SpreadBps
2026-04-21 13:30:00.407Z,1.7071,1.7169,100,100,57.2
2026-04-21 13:30:01.796Z,1.7073,1.7171,142,100,57.2
2026-04-21 13:30:02.689Z,1.7062,1.7174,100,211,65.4
2026-04-21 13:30:03.516Z,1.7071,1.7165,100,100,54.9
2026-04-21 13:30:04.486Z,1.7063,1.7183,100,100,70.1
2026-04-21 13:30:05.520Z,1.7075,1.7163,109,223,51.4
2026-04-21 13:30:06.636Z,1.7077,1.7169,100,100,53.7
2026-04-21 13:30:07.097Z,1.7081,1.7161,100,122,46.7
2026-04-21 13:30:08.490Z,1.7059,1.7175,100,104,67.8
2026-04-21 13:30:09.844Z,1.7078,1.7160,182,100,47.9
2026-04-21 13:30:10.200Z,1.7073,1.7169,112,100,56.1
2026-04-21 13:30:11.185Z,1.7058,1.7178,150,280,70.1
2026-04-21 13:30:12.300Z,1.7062,1.7176,337,176,66.6
2026-04-21 13:30:13.229Z,1.7076,1.7164,178,188,51.4
2026-04-21 13:30:14.350Z,1.7076,1.7170,110,100,54.9
2026-04-21 13:30:15.393Z,1.7076,1.7160,100,100,49.1
2026-04-21 13:30:16.098Z,1.7060,1.7180,264,100,70.1
2026-04-21 13:30:17.309Z,1.7072,1.7162,100,146,52.6
2026-04-21 13:30:18.264Z,1.7071,1.7163,128,189,53.7
2026-04-21 13:30:19.598Z,1.7068,1.7164,100,139,56.1
2026-04-21 13:30:20.240Z,1.7066,1.7182,100,100,67.7
2026-04-21 13:30:21.395Z,1.7072,1.7170,100,100,57.2
2026-04-21 13:30:22.850Z,1.7065,1.7173,100,101,63.1
2026-04-21 13:30:23.718Z,1.7070,1.7166,100,100,56.1
2026-04-21 13:30:24.028Z,1.7079,1.7163,130,100,49.1
2026-04-21 13:30:25.164Z,1.7069,1.7167,100,100,57.2
2026-04-21 13:30:26.556Z,1.7079,1.7161,119,100,47.9
2026-04-21 13:30:27.199Z,1.7068,1.7166,100,100,57.3
2026-04-21 13:30:28.714Z,1.7075,1.7167,100,100,53.7
2026-04-21 13:30:29.822Z,1.7074,1.7166,100,100,53.7
2026-04-21 13:30:30.468Z,1.7076,1.7164,101,100,51.4
2026-04-21 13:30:31.857Z,1.7075,1.7159,100,100,49.1
2026-04-21 13:30:32.381Z,1.7068,1.7174,100,100,61.9
2026-04-21 13:30:33.422Z,1.7074,1.7172,100,100,57.2
2026-04-21 13:30:34.532Z,1.7072,1.7164,100,100,53.7
2026-04-21 13:30:35.216Z,1.7064,1.7168,100,100,60.8
2026-04-21 13:30:36.780Z,1.7074,1.7162,100,100,51.4
2026-04-21 13:30:37.190Z,1.7076,1.7164,308,118,51.4
2026-04-21 13:30:38.114Z,1.7067,1.7165,112,235,57.3
2026-04-21 13:30:39.768Z,1.7069,1.7177,283,170,63.1
2026-04-21 13:30:40.730Z,1.7071,1.7175,206,127,60.7
2026-04-21 13:30:41.033Z,1.7075,1.7157,100,100,47.9
2026-04-21 13:30:42.623Z,1.7081,1.7167,100,100,50.2
2026-04-21 13:30:43.483Z,1.7079,1.7165,100,100,50.2
2026-04-21 13:30:44.118Z,1.7072,1.7166,100,143,54.9
2026-04-21 13:30:45.817Z,1.7064,1.7180,153,100,67.7
2026-04-21 13:30:46.761Z,1.7071,1.7175,100,100,60.7
2026-04-21 13:30:47.083Z,1.7067,1.7165,120,254,57.3
2026-04-21 13:30:48.846Z,1.7075,1.7161,100,100,50.2
2026-04-21 13:30:49.829Z,1.7079,1.7163,136,100,49.1
2026-04-21 13:30:50.810Z,1.7080,1.7160,100,100,46.7
2026-04-21 13:30:51.195Z,1.7071,1.7163,100,129,53.7
2026-04-21 13:30:52.711Z,1.7072,1.7164,116,100,53.7
2026-04-21 13:30:53.330Z,1.7071,1.7177,147,100,61.9
2026-04-21 13:30:54.347Z,1.7070,1.7174,103,196,60.7
2026-04-21 13:30:55.716Z,1.7078,1.7160,100,103,47.9
2026-04-21 13:30:56.238Z,1.7074,1.7170,100,100,56.1
2026-04-21 13:30:57.197Z,1.7075,1.7167,100,165,53.7
2026-04-21 13:30:58.734Z,1.7062,1.7180,100,100,68.9
2026-04-21 13:30:59.387Z,1.7066,1.7174,100,176,63.1
2026-04-21 13:32:00.748Z,1.7055,1.7145,100,100,52.6
2026-04-21 13:32:01.741Z,1.7042,1.7154,100,100,65.5
2026-04-21 13:32:02.056Z,1.7041,1.7157,100,100,67.8
2026-04-21 13:32:03.805Z,1.7044,1.7160,100,100,67.8
2026-04-21 13:32:04.742Z,1.7060,1.7146,100,100,50.3
2026-04-21 13:32:05.528Z,1.7061,1.7145,100,100,49.1
2026-04-21 13:32:06.804Z,1.7046,1.7162,100,100,67.8
2026-04-21 13:32:07.628Z,1.7042,1.7152,100,100,64.3
2026-04-21 13:32:08.003Z,1.7052,1.7156,100,100,60.8
2026-04-21 13:32:09.368Z,1.7048,1.7150,100,100,59.7
2026-04-21 13:32:10.682Z,1.7041,1.7159,100,100,69.0
2026-04-21 13:32:11.111Z,1.7051,1.7151,100,100,58.5
2026-04-21 13:32:12.391Z,1.7050,1.7142,100,100,53.8
2026-04-21 13:32:13.611Z,1.7048,1.7156,100,100,63.2
2026-04-21 13:32:14.660Z,1.7056,1.7138,100,100,48.0
2026-04-21 13:32:15.459Z,1.7048,1.7150,100,100,59.7
2026-04-21 13:32:16.854Z,1.7057,1.7147,100,100,52.6
2026-04-21 13:32:17.009Z,1.7043,1.7157,100,100,66.7
2026-04-21 13:32:18.862Z,1.7051,1.7157,100,100,62.0
2026-04-21 13:32:19.692Z,1.7059,1.7149,100,100,52.6
2026-04-21 13:32:20.434Z,1.7059,1.7141,100,100,48.0
2026-04-21 13:32:21.580Z,1.7054,1.7140,100,100,50.3
2026-04-21 13:32:22.867Z,1.7055,1.7137,100,100,48.0
2026-04-21 13:32:23.268Z,1.7037,1.7157,100,100,70.2
2026-04-21 13:32:24.677Z,1.7043,1.7155,100,100,65.5
2026-04-21 13:32:25.223Z,1.7044,1.7160,100,100,67.8
2026-04-21 13:32:26.475Z,1.7054,1.7142,100,100,51.5
2026-04-21 13:32:27.863Z,1.7054,1.7138,100,100,49.1
2026-04-21 13:32:28.828Z,1.7055,1.7137,100,100,48.0
2026-04-21 13:32:29.717Z,1.7048,1.7160,100,100,65.5
2026-04-21 13:32:30.574Z,1.7058,1.7148,100,100,52.6
2026-04-21 13:32:31.285Z,1.7045,1.7157,100,100,65.5
2026-04-21 13:32:32.793Z,1.7054,1.7138,100,100,49.1
2026-04-21 13:32:33.302Z,1.7046,1.7150,100,100,60.8
2026-04-21 13:32:34.613Z,1.7054,1.7144,100,100,52.6
2026-04-21 13:32:35.449Z,1.7058,1.7140,100,100,48.0
2026-04-21 13:32:36.642Z,1.7053,1.7151,100,100,57.3
2026-04-21 13:32:37.049Z,1.7050,1.7152,100,100,59.6
2026-04-21 13:32:38.409Z,1.7058,1.7148,100,100,52.6
2026-04-21 13:32:39.083Z,1.7049,1.7149,100,100,58.5
2026-04-21 13:32:40.456Z,1.7050,1.7146,100,100,56.1
2026-04-21 13:32:41.415Z,1.7055,1.7145,100,100,52.6
2026-04-21 13:32:42.277Z,1.7051,1.7153,100,100,59.6
2026-04-21 13:32:43.145Z,1.7061,1.7145,100,100,49.1
2026-04-21 13:32:44.407Z,1.7061,1.7143,100,100,47.9
2026-04-21 13:32:45.729Z,1.7054,1.7144,100,100,52.6
2026-04-21 13:32:46.233Z,1.7058,1.7140,100,100,48.0
2026-04-21 13:32:47.531Z,1.7042,1.7158,100,100,67.8
2026-04-21 13:32:48.510Z,1.7037,1.7155,100,100,69.0
2026-04-21 13:32:49.197Z,1.7058,1.7148,100,100,52.6
2026-04-21 13:32:50.594Z,1.7059,1.7147,100,100,51.5
2026-04-21 13:32:51.893Z,1.7048,1.7154,100,100,62.0
2026-04-21 13:32:52.751Z,1.7046,1.7160,100,100,66.7
2026-04-21 13:32:53.889Z,1.7048,1.7156,100,100,63.2
2026-04-21 13:32:54.114Z,1.7046,1.7150,100,100,60.8
2026-04-21 13:32:55.081Z,1.7041,1.7157,100,100,67.8
2026-04-21 13:32:56.015Z,1.7052,1.7148,100,100,56.1
2026-04-21 13:32:57.246Z,1.7051,1.7157,100,100,62.0
2026-04-21 13:32:58.147Z,1.7039,1.7157,100,100,69.0
2026-04-21 13:32:59.422Z,1.7046,1.7154,100,100,63.2
2026-04-21 13:33:00.182Z,1.7061,1.7147,100,100,50.3
2026-04-21 13:33:01.119Z,1.7054,1.7150,100,100,56.1
2026-04-21 13:33:02.568Z,1.7054,1.7162,100,100,63.1
2026-04-21 13:33:03.092Z,1.7048,1.7160,100,100,65.5
2026-04-21 13:33:04.611Z,1.7050,1.7154,100,100,60.8
2026-04-21 13:33:05.414Z,1.7059,1.7143,100,100,49.1
2026-04-21 13:33:06.894Z,1.7051,1.7159,100,100,63.1
2026-04-21 13:33:07.389Z,1.7047,1.7161,100,100,66.7
2026-04-21 13:33:08.432Z,1.7045,1.7167,100,100,71.3
2026-04-21 13:33:09.701Z,1.7063,1.7145,100,100,47.9
2026-04-21 13:33:10.499Z,1.7047,1.7163,100,100,67.8
2026-04-21 13:33:11.070Z,1.7052,1.7158,100,100,62.0
2026-04-21 13:33:12.459Z,1.7064,1.7148,100,100,49.1
2026-04-21 13:33:13.031Z,1.7047,1.7155,100,100,63.2
2026-04-21 13:33:14.354Z,1.7057,1.7143,100,100,50.3
2026-04-21 13:33:15.218Z,1.7041,1.7159,100,100,69.0
2026-04-21 13:33:16.287Z,1.7055,1.7157,100,100,59.6
2026-04-21 13:33:17.656Z,1.7052,1.7158,100,100,62.0
2026-04-21 13:33:18.252Z,1.7061,1.7145,100,100,49.1
2026-04-21 13:33:19.405Z,1.7040,1.7160,100,100,70.2
2026-04-21 13:33:20.160Z,1.7049,1.7167,100,100,69.0
2026-04-21 13:33:21.593Z,1.7039,1.7163,100,100,72.5
2026-04-21 13:33:22.367Z,1.7060,1.7152,100,100,53.8
2026-04-21 13:33:23.588Z,1.7041,1.7163,100,100,71.3
2026-04-21 13:33:24.685Z,1.7046,1.7156,100,100,64.3
2026-04-21 13:33:25.469Z,1.7048,1.7154,100,100,62.0
2026-04-21 13:33:26.811Z,1.7046,1.7160,100,100,66.7
2026-04-21 13:33:27.415Z,1.7054,1.7156,100,100,59.6
2026-04-21 13:33:28.192Z,1.7041,1.7159,100,100,69.0
2026-04-21 13:33:29.190Z,1.7051,1.7161,100,100,64.3
2026-04-21 13:33:30.758Z,1.7065,1.7149,100,100,49.1
2026-04-21 13:33:31.033Z,1.7066,1.7150,100,100,49.1
2026-04-21 13:33:32.833Z,1.7044,1.7158,100,100,66.7
2026-04-21 13:33:33.268Z,1.7050,1.7152,100,100,59.6
2026-04-21 13:33:34.776Z,1.7058,1.7150,100,100,53.8
2026-04-21 13:33:35.123Z,1.7054,1.7156,100,100,59.6
2026-04-21 13:33:36.775Z,1.7043,1.7163,100,100,70.2
2026-04-21 13:33:37.859Z,1.7056,1.7152,100,100,56.1
2026-04-21 13:33:38.610Z,1.7052,1.7150,100,100,57.3
2026-04-21 13:33:39.698Z,1.7059,1.7157,100,100,57.3
2026-04-21 13:33:40.859Z,1.7051,1.7157,100,100,62.0
2026-04-21 13:33:41.566Z,1.7043,1.7163,100,100,70.2
2026-04-21 13:33:42.544Z,1.7049,1.7165,100,100,67.8
2026-04-21 13:33:43.372Z,1.7057,1.7159,100,100,59.6
2026-04-21 13:33:44.769Z,1.7054,1.7150,100,100,56.1
2026-04-21 13:33:45.493Z,1.7056,1.7158,100,100,59.6
2026-04-21 13:33:46.544Z,1.7051,1.7149,100,100,57.3
2026-04-21 13:33:47.538Z,1.7044,1.7158,100,100,66.7
2026-04-21 13:33:48.134Z,1.7045,1.7157,100,100,65.5
2026-04-21 13:33:49.776Z,1.7055,1.7147,100,100,53.8
2026-04-21 13:33:50.649Z,1.7049,1.7153,100,100,60.8
2026-04-21 13:33:51.161Z,1.7042,1.7162,100,100,70.2
2026-04-21 13:33:52.480Z,1.7054,1.7156,100,100,59.6
2026-04-21 13:33:53.117Z,1.7064,1.7148,100,100,49.1
2026-04-21 13:33:54.409Z,1.7055,1.7155,100,100,58.5
2026-04-21 13:33:55.489Z,1.7049,1.7165,100,100,67.8
2026-04-21 13:33:56.688Z,1.7042,1.7158,100,100,67.8
2026-04-21 13:33:57.249Z,1.7051,1.7155,100,100,60.8
2026-04-21 13:33:58.548Z,1.7062,1.7150,100,100,51.4
2026-04-21 13:33:59.236Z,1.7059,1.7149,100,100,52.6
2026-04-21 13:43:00.396Z,1.6952,1.7048,100,100,56.5
2026-04-21 13:43:01.732Z,1.6944,1.7052,100,100,63.5
2026-04-21 13:43:02.805Z,1.6956,1.7044,100,100,51.8
2026-04-21 13:43:03.882Z,1.6955,1.7045,100,100,52.9
2026-04-21 13:43:04.800Z,1.6946,1.7060,100,100,67.0
2026-04-21 13:43:05.640Z,1.6947,1.7057,100,100,64.7
2026-04-21 13:43:06.893Z,1.6949,1.7049,100,100,58.8
2026-04-21 13:43:07.635Z,1.6942,1.7060,100,100,69.4
2026-04-21 13:43:08.531Z,1.6944,1.7058,100,100,67.1
2026-04-21 13:43:09.541Z,1.6938,1.7058,100,100,70.6
2026-04-21 13:43:10.242Z,1.6955,1.7043,100,100,51.8
2026-04-21 13:43:11.240Z,1.6949,1.7049,100,100,58.8
2026-04-21 13:43:12.057Z,1.6957,1.7047,100,100,52.9
2026-04-21 13:43:13.585Z,1.6959,1.7049,100,100,52.9
2026-04-21 13:43:14.128Z,1.6941,1.7059,100,100,69.4
2026-04-21 13:43:15.813Z,1.6951,1.7047,100,100,56.5
2026-04-21 13:43:16.884Z,1.6954,1.7044,100,100,52.9
2026-04-21 13:43:17.375Z,1.6955,1.7047,100,100,54.1
2026-04-21 13:43:18.889Z,1.6955,1.7039,100,100,49.4
2026-04-21 13:43:19.755Z,1.6946,1.7054,100,100,63.5
2026-04-21 13:43:20.724Z,1.6937,1.7055,100,100,69.4
2026-04-21 13:43:21.318Z,1.6943,1.7041,100,100,57.7
2026-04-21 13:43:22.146Z,1.6942,1.7028,100,100,50.6
2026-04-21 13:43:23.145Z,1.6945,1.7029,100,100,49.4
2026-04-21 13:43:24.652Z,1.6935,1.7021,100,100,50.7
2026-04-21 13:43:25.001Z,1.6916,1.7032,100,100,68.3
2026-04-21 13:43:26.760Z,1.6909,1.7027,100,100,69.5
2026-04-21 13:43:27.162Z,1.6916,1.7004,100,100,51.9
2026-04-21 13:43:28.535Z,1.6892,1.7010,100,100,69.6
2026-04-21 13:43:29.218Z,1.6887,1.7001,100,100,67.3
2026-04-21 13:43:30.029Z,1.6893,1.6985,100,100,54.3
2026-04-21 13:43:31.500Z,1.6876,1.6982,100,100,62.6
2026-04-21 13:43:32.499Z,1.6873,1.6973,100,100,59.1
2026-04-21 13:43:33.159Z,1.6865,1.6971,100,100,62.7
2026-04-21 13:43:34.811Z,1.6870,1.6960,100,100,53.2
2026-04-21 13:43:35.464Z,1.6855,1.6961,100,100,62.7
2026-04-21 13:43:36.598Z,1.6848,1.6966,100,100,69.8
2026-04-21 13:43:37.687Z,1.6861,1.6945,100,100,49.7
2026-04-21 13:43:38.840Z,1.6851,1.6957,107,100,62.7
2026-04-21 13:43:39.067Z,1.6853,1.6955,100,100,60.3
2026-04-21 13:43:40.125Z,1.6856,1.6954,100,100,58.0
2026-04-21 13:43:41.103Z,1.6851,1.6957,100,100,62.7
2026-04-21 13:43:42.343Z,1.6860,1.6954,100,100,55.6
2026-04-21 13:43:43.669Z,1.6862,1.6956,100,100,55.6
2026-04-21 13:43:44.752Z,1.6859,1.6947,100,100,52.1
2026-04-21 13:43:45.041Z,1.6859,1.6963,100,100,61.5
2026-04-21 13:43:46.752Z,1.6866,1.6952,100,100,50.9
2026-04-21 13:43:47.389Z,1.6848,1.6960,100,100,66.3
2026-04-21 13:43:48.676Z,1.6854,1.6968,100,100,67.4
2026-04-21 13:43:49.597Z,1.6853,1.6967,100,100,67.4
2026-04-21 13:43:50.229Z,1.6863,1.6949,100,100,50.9
2026-04-21 13:43:51.525Z,1.6855,1.6961,100,100,62.7
2026-04-21 13:43:52.393Z,1.6848,1.6956,100,100,63.9
2026-04-21 13:43:53.156Z,1.6858,1.6950,100,100,54.4
2026-04-21 13:43:54.516Z,1.6849,1.6949,100,100,59.2
2026-04-21 13:43:55.082Z,1.6843,1.6959,100,100,68.6
2026-04-21 13:43:56.056Z,1.6854,1.6956,100,100,60.3
2026-04-21 13:43:57.123Z,1.6846,1.6960,100,100,67.4
2026-04-21 13:43:58.898Z,1.6856,1.6940,100,100,49.7
2026-04-21 13:43:59.544Z,1.6852,1.6948,100,100,56.8
2026-04-21 14:00:00.471Z,1.7249,1.7351,100,100,59.0
2026-04-21 14:00:01.772Z,1.7254,1.7346,100,100,53.2
2026-04-21 14:00:02.125Z,1.7247,1.7359,100,100,64.7
2026-04-21 14:00:03.089Z,1.7238,1.7360,100,100,70.5
2026-04-21 14:00:04.383Z,1.7251,1.7343,100,100,53.2
2026-04-21 14:00:05.308Z,1.7253,1.7341,100,100,50.9
2026-04-21 14:00:06.545Z,1.7245,1.7349,100,100,60.1
2026-04-21 14:00:07.304Z,1.7255,1.7341,100,100,49.7
2026-04-21 14:00:08.267Z,1.7257,1.7341,100,100,48.6
2026-04-21 14:00:09.488Z,1.7250,1.7346,100,100,55.5
2026-04-21 14:00:10.196Z,1.7252,1.7342,100,100,52.0
2026-04-21 14:00:11.535Z,1.7257,1.7345,100,100,50.9
2026-04-21 14:00:12.517Z,1.7247,1.7349,100,100,59.0
2026-04-21 14:00:13.318Z,1.7254,1.7350,100,100,55.5
2026-04-21 14:00:14.837Z,1.7249,1.7357,100,100,62.4
2026-04-21 14:00:15.587Z,1.7241,1.7355,100,100,65.9
2026-04-21 14:00:16.379Z,1.7241,1.7357,100,100,67.1
2026-04-21 14:00:17.720Z,1.7254,1.7346,100,100,53.2
2026-04-21 14:00:18.191Z,1.7247,1.7355,100,100,62.4
2026-04-21 14:00:19.509Z,1.7255,1.7343,100,100,50.9
2026-04-21 14:00:20.126Z,1.7228,1.7346,100,100,68.3
2026-04-21 14:00:21.446Z,1.7209,1.7337,100,100,74.1
2026-04-21 14:00:22.469Z,1.7208,1.7304,100,100,55.6
2026-04-21 14:00:23.534Z,1.7183,1.7285,100,100,59.2
2026-04-21 14:00:24.832Z,1.7151,1.7263,100,100,65.1
2026-04-21 14:00:25.795Z,1.7120,1.7252,100,100,76.8
2026-04-21 14:00:26.498Z,1.7093,1.7219,100,100,73.4
2026-04-21 14:00:27.502Z,1.7075,1.7191,100,100,67.7
2026-04-21 14:00:28.813Z,1.7045,1.7153,100,100,63.2
2026-04-21 14:00:29.434Z,1.7017,1.7131,100,100,66.8
2026-04-21 14:00:30.793Z,1.6981,1.7097,100,100,68.1
2026-04-21 14:00:31.726Z,1.6960,1.7070,100,100,64.6
2026-04-21 14:00:32.056Z,1.6944,1.7036,100,100,54.1
2026-04-21 14:00:33.449Z,1.6920,1.7016,100,100,56.6
2026-04-21 14:00:34.853Z,1.6895,1.6999,100,100,61.4
2026-04-21 14:00:35.208Z,1.6882,1.6982,100,100,59.1
2026-04-21 14:00:36.625Z,1.6867,1.6969,100,100,60.3
2026-04-21 14:00:37.017Z,1.6852,1.6954,100,100,60.3
2026-04-21 14:00:38.282Z,1.6856,1.6940,100,100,49.7
2026-04-21 14:00:39.384Z,1.6842,1.6952,100,100,65.1
2026-04-21 14:00:40.358Z,1.6842,1.6962,100,100,71.0
2026-04-21 14:00:41.594Z,1.6871,1.6955,100,100,49.7
2026-04-21 14:00:42.006Z,1.6872,1.6980,100,100,63.8
2026-04-21 14:00:43.000Z,1.6885,1.6979,100,100,55.5
2026-04-21 14:00:44.210Z,1.6897,1.6983,100,100,50.8
2026-04-21 14:00:45.722Z,1.6887,1.6999,100,100,66.1
2026-04-21 14:00:46.068Z,1.6907,1.6993,100,100,50.7
2026-04-21 14:00:47.246Z,1.6899,1.6991,100,100,54.3
2026-04-21 14:00:48.830Z,1.6900,1.6988,100,100,51.9
2026-04-21 14:00:49.825Z,1.6898,1.6984,100,100,50.8
2026-04-21 14:00:50.005Z,1.6882,1.6998,100,100,68.5
2026-04-21 14:00:51.476Z,1.6890,1.6980,100,100,53.1
2026-04-21 14:00:52.895Z,1.6867,1.6987,100,100,70.9
2026-04-21 14:00:53.379Z,1.6872,1.6964,100,100,54.4
2026-04-21 14:00:54.477Z,1.6866,1.6964,100,100,57.9
2026-04-21 14:00:55.822Z,1.6855,1.6963,100,100,63.9
2026-04-21 14:00:56.836Z,1.6850,1.6958,100,100,63.9
2026-04-21 14:00:57.433Z,1.6862,1.6946,100,100,49.7
2026-04-21 14:00:58.843Z,1.6836,1.6958,100,100,72.2
2026-04-21 14:00:59.283Z,1.6839,1.6961,100,100,72.2
2026-04-21 14:02:00.873Z,1.6854,1.6946,100,100,54.4
2026-04-21 14:02:01.837Z,1.6839,1.6955,100,100,68.7
2026-04-21 14:02:02.384Z,1.6843,1.6951,100,100,63.9
2026-04-21 14:02:03.068Z,1.6841,1.6953,100,100,66.3
2026-04-21 14:02:04.270Z,1.6839,1.6955,100,100,68.7
2026-04-21 14:02:05.675Z,1.6845,1.6959,100,100,67.4
2026-04-21 14:02:06.435Z,1.6854,1.6954,100,100,59.2
2026-04-21 14:02:07.026Z,1.6859,1.6941,100,100,48.5
2026-04-21 14:02:08.128Z,1.6861,1.6941,100,100,47.3
2026-04-21 14:02:09.026Z,1.6858,1.6942,100,100,49.7
2026-04-21 14:02:10.560Z,1.6842,1.6958,100,100,68.6
2026-04-21 14:02:11.580Z,1.6854,1.6938,100,100,49.7
2026-04-21 14:02:12.682Z,1.6858,1.6942,100,100,49.7
2026-04-21 14:02:13.335Z,1.6855,1.6941,100,133,50.9
2026-04-21 14:02:14.276Z,1.6843,1.6953,100,100,65.1
2026-04-21 14:02:15.666Z,1.6842,1.6960,100,100,69.8
2026-04-21 14:02:16.386Z,1.6859,1.6939,100,100,47.3
2026-04-21 14:02:17.679Z,1.6848,1.6948,100,100,59.2
2026-04-21 14:02:18.834Z,1.6856,1.6946,100,100,53.3
2026-04-21 14:02:19.771Z,1.6835,1.6957,100,100,72.2
2026-04-21 14:02:20.038Z,1.6847,1.6949,100,100,60.4
2026-04-21 14:02:21.152Z,1.6859,1.6941,100,100,48.5
2026-04-21 14:02:22.120Z,1.6847,1.6959,100,100,66.3
2026-04-21 14:02:23.759Z,1.6845,1.6947,100,100,60.4
2026-04-21 14:02:24.584Z,1.6848,1.6946,100,100,58.0
2026-04-21 14:02:25.735Z,1.6848,1.6960,100,100,66.3
2026-04-21 14:02:26.043Z,1.6862,1.6944,100,100,48.5
2026-04-21 14:02:27.151Z,1.6853,1.6945,100,100,54.4
2026-04-21 14:02:28.092Z,1.6839,1.6955,100,100,68.7
2026-04-21 14:02:29.596Z,1.6849,1.6959,100,100,65.1
2026-04-21 14:02:30.833Z,1.6843,1.6961,100,100,69.8
2026-04-21 14:02:31.104Z,1.6853,1.6951,100,100,58.0
2026-04-21 14:02:32.246Z,1.6851,1.6945,100,100,55.6
2026-04-21 14:02:33.520Z,1.6838,1.6954,100,100,68.7
2026-04-21 14:02:34.271Z,1.6856,1.6942,100,100,50.9
2026-04-21 14:02:35.892Z,1.6850,1.6946,100,100,56.8
2026-04-21 14:02:36.317Z,1.6844,1.6964,100,100,71.0
2026-04-21 14:02:37.040Z,1.6853,1.6939,100,100,50.9
2026-04-21 14:02:38.265Z,1.6838,1.6956,100,100,69.8
2026-04-21 14:02:39.244Z,1.6849,1.6943,100,100,55.6
2026-04-21 14:02:40.591Z,1.6860,1.6946,100,100,50.9
2026-04-21 14:02:41.807Z,1.6843,1.6949,100,100,62.7
2026-04-21 14:02:42.701Z,1.6852,1.6948,100,100,56.8
2026-04-21 14:02:43.099Z,1.6851,1.6957,100,100,62.7
2026-04-21 14:02:44.235Z,1.6854,1.6950,100,100,56.8
2026-04-21 14:02:45.816Z,1.6851,1.6955,100,100,61.5
2026-04-21 14:02:46.061Z,1.6856,1.6948,100,100,54.4
2026-04-21 14:02:47.346Z,1.6846,1.6956,100,100,65.1
2026-04-21 14:02:48.350Z,1.6843,1.6963,100,100,71.0
2026-04-21 14:02:49.541Z,1.6847,1.6953,100,100,62.7
2026-04-21 14:02:50.252Z,1.6844,1.6962,100,100,69.8
2026-04-21 14:02:51.621Z,1.6852,1.6944,100,100,54.4
2026-04-21 14:02:52.160Z,1.6848,1.6944,100,100,56.8
2026-04-21 14:02:53.446Z,1.6849,1.6947,100,100,58.0
2026-04-21 14:02:54.017Z,1.6857,1.6949,100,100,54.4
2026-04-21 14:02:55.068Z,1.6855,1.6941,100,100,50.9
2026-04-21 14:02:56.405Z,1.6843,1.6951,100,100,63.9
2026-04-21 14:02:57.133Z,1.6851,1.6947,100,100,56.8
2026-04-21 14:02:58.636Z,1.6845,1.6951,100,100,62.7
2026-04-21 14:02:59.891Z,1.6847,1.6953,100,100,62.7
2026-04-21 14:03:00.290Z,1.6448,1.6552,100,100,63.0
2026-04-21 14:03:01.382Z,1.6451,1.6551,100,100,60.6
2026-04-21 14:03:02.494Z,1.6441,1.6557,100,100,70.3
2026-04-21 14:03:03.562Z,1.6450,1.6558,100,100,65.4
2026-04-21 14:03:04.050Z,1.6454,1.6540,100,100,52.1
2026-04-21 14:03:05.320Z,1.6447,1.6551,100,100,63.0
2026-04-21 14:03:06.883Z,1.6458,1.6544,100,100,52.1
2026-04-21 14:03:07.328Z,1.6446,1.6552,100,100,64.2
2026-04-21 14:03:08.348Z,1.6453,1.6555,100,100,61.8
2026-04-21 14:03:09.826Z,1.6457,1.6543,100,100,52.1
2026-04-21 14:03:10.071Z,1.6447,1.6547,100,100,60.6
2026-04-21 14:03:11.625Z,1.6453,1.6547,106,100,57.0
2026-04-21 14:03:12.158Z,1.6442,1.6550,100,208,65.5
2026-04-21 14:03:13.370Z,1.6438,1.6556,100,100,71.5
2026-04-21 14:03:14.628Z,1.6459,1.6543,100,100,50.9
2026-04-21 14:03:15.583Z,1.6452,1.6550,100,100,59.4
2026-04-21 14:03:16.765Z,1.6449,1.6545,100,100,58.2
2026-04-21 14:03:17.752Z,1.6455,1.6541,100,100,52.1
2026-04-21 14:03:18.434Z,1.6444,1.6560,100,100,70.3
2026-04-21 14:03:19.652Z,1.6457,1.6541,100,100,50.9
2026-04-21 14:03:20.687Z,1.6455,1.6559,100,100,63.0
2026-04-21 14:03:21.684Z,1.6451,1.6569,100,100,71.5
2026-04-21 14:03:22.831Z,1.6462,1.6558,100,100,58.1
2026-04-21 14:03:23.743Z,1.6464,1.6568,100,100,63.0
2026-04-21 14:03:24.083Z,1.6478,1.6574,100,100,58.1
2026-04-21 14:03:25.665Z,1.6484,1.6570,100,100,52.0
2026-04-21 14:03:26.687Z,1.6483,1.6581,100,100,59.3
2026-04-21 14:03:27.346Z,1.6493,1.6597,100,100,62.9
2026-04-21 14:03:28.416Z,1.6491,1.6603,100,100,67.7
2026-04-21 14:03:29.024Z,1.6504,1.6614,100,100,66.4
2026-04-21 14:03:30.054Z,1.6511,1.6615,100,100,62.8
2026-04-21 14:03:31.875Z,1.6512,1.6634,100,100,73.6
2026-04-21 14:03:32.338Z,1.6537,1.6625,100,100,53.1
2026-04-21 14:03:33.535Z,1.6533,1.6631,100,100,59.1
2026-04-21 14:03:34.585Z,1.6544,1.6630,100,100,51.8
2026-04-21 14:03:35.008Z,1.6536,1.6652,100,100,69.9
2026-04-21 14:03:36.143Z,1.6553,1.6645,100,100,55.4
2026-04-21 14:03:37.583Z,1.6558,1.6640,102,100,49.4
2026-04-21 14:03:38.008Z,1.6544,1.6648,100,100,62.7
2026-04-21 14:03:39.523Z,1.6544,1.6662,111,100,71.1
2026-04-21 14:03:40.668Z,1.6545,1.6653,100,100,65.1
2026-04-21 14:03:41.571Z,1.6539,1.6653,100,100,68.7
2026-04-21 14:03:42.053Z,1.6530,1.6652,100,100,73.5
2026-04-21 14:03:43.093Z,1.6540,1.6644,100,100,62.7
2026-04-21 14:03:44.660Z,1.6529,1.6647,100,100,71.1
2026-04-21 14:03:45.639Z,1.6534,1.6632,100,100,59.1
2026-04-21 14:03:46.154Z,1.6532,1.6636,100,100,62.7
2026-04-21 14:03:47.028Z,1.6538,1.6636,100,100,59.1
2026-04-21 14:03:48.095Z,1.6538,1.6630,100,100,55.5
2026-04-21 14:03:49.749Z,1.6543,1.6635,100,100,55.5
2026-04-21 14:03:50.478Z,1.6538,1.6642,100,100,62.7
2026-04-21 14:03:51.513Z,1.6538,1.6636,100,100,59.1
2026-04-21 14:03:52.216Z,1.6539,1.6651,100,100,67.5
2026-04-21 14:03:53.623Z,1.6553,1.6639,100,100,51.8
2026-04-21 14:03:54.791Z,1.6547,1.6647,100,100,60.3
2026-04-21 14:03:55.238Z,1.6540,1.6650,100,100,66.3
2026-04-21 14:03:56.193Z,1.6552,1.6644,100,100,55.4
2026-04-21 14:03:57.545Z,1.6556,1.6642,100,100,51.8
2026-04-21 14:03:58.334Z,1.6549,1.6653,100,100,62.6
2026-04-21 14:03:59.856Z,1.6556,1.6644,100,100,53.0
2026-04-21 14:13:00.033Z,1.6849,1.6951,100,100,60.4
2026-04-21 14:13:01.840Z,1.6844,1.6952,100,100,63.9
2026-04-21 14:13:02.570Z,1.6853,1.6947,100,100,55.6
2026-04-21 14:13:03.323Z,1.6848,1.6956,100,100,63.9
2026-04-21 14:13:04.367Z,1.6847,1.6947,100,100,59.2
2026-04-21 14:13:05.362Z,1.6841,1.6953,100,100,66.3
2026-04-21 14:13:06.469Z,1.6847,1.6951,100,100,61.5
2026-04-21 14:13:07.170Z,1.6858,1.6946,100,100,52.1
2026-04-21 14:13:08.473Z,1.6839,1.6959,100,100,71.0
2026-04-21 14:13:09.606Z,1.6855,1.6949,100,100,55.6
2026-04-21 14:13:10.665Z,1.6845,1.6953,100,100,63.9
2026-04-21 14:13:11.554Z,1.6839,1.6959,100,100,71.0
2026-04-21 14:13:12.583Z,1.6854,1.6954,100,100,59.2
2026-04-21 14:13:13.286Z,1.6837,1.6957,100,100,71.0
2026-04-21 14:13:14.794Z,1.6846,1.6954,100,100,63.9
2026-04-21 14:13:15.029Z,1.6858,1.6948,100,100,53.2
2026-04-21 14:13:16.363Z,1.6849,1.6957,100,100,63.9
2026-04-21 14:13:17.256Z,1.6839,1.6957,100,100,69.8
2026-04-21 14:13:18.680Z,1.6856,1.6946,100,100,53.3
2026-04-21 14:13:19.064Z,1.6851,1.6945,100,100,55.6
2026-04-21 14:13:20.204Z,1.6839,1.6959,100,100,71.0
2026-04-21 14:13:21.561Z,1.6857,1.6949,100,100,54.4
2026-04-21 14:13:22.635Z,1.6854,1.6952,100,100,58.0
2026-04-21 14:13:23.150Z,1.6843,1.6963,100,100,71.0
2026-04-21 14:13:24.579Z,1.6846,1.6954,100,100,63.9
2026-04-21 14:13:25.683Z,1.6844,1.6960,100,100,68.6
2026-04-21 14:13:26.352Z,1.6847,1.6961,100,100,67.4
2026-04-21 14:13:27.625Z,1.6850,1.6946,100,100,56.8
2026-04-21 14:13:28.787Z,1.6858,1.6938,100,100,47.3
2026-04-21 14:13:29.817Z,1.6851,1.6943,100,100,54.4
2026-04-21 14:13:30.496Z,1.6859,1.6949,100,100,53.2
2026-04-21 14:13:31.529Z,1.6844,1.6952,100,100,63.9
2026-04-21 14:13:32.677Z,1.6859,1.6943,100,100,49.7
2026-04-21 14:13:33.381Z,1.6841,1.6957,100,100,68.6
2026-04-21 14:13:34.543Z,1.6856,1.6942,100,100,50.9
2026-04-21 14:13:35.271Z,1.6859,1.6943,100,100,49.7
2026-04-21 14:13:36.299Z,1.6849,1.6943,100,100,55.6
2026-04-21 14:13:37.398Z,1.6853,1.6941,100,100,52.1
2026-04-21 14:13:38.094Z,1.6852,1.6942,100,100,53.3
2026-04-21 14:13:39.856Z,1.6853,1.6947,100,100,55.6
2026-04-21 14:13:40.007Z,1.6856,1.6952,100,100,56.8
2026-04-21 14:13:41.106Z,1.6847,1.6961,100,100,67.4
2026-04-21 14:13:42.767Z,1.6850,1.6942,100,100,54.5
2026-04-21 14:13:43.731Z,1.6850,1.6950,100,100,59.2
2026-04-21 14:13:44.658Z,1.6854,1.6946,100,100,54.4
2026-04-21 14:13:45.082Z,1.6850,1.6944,100,100,55.6
2026-04-21 14:13:46.260Z,1.6858,1.6946,100,100,52.1
2026-04-21 14:13:47.509Z,1.6863,1.6943,100,100,47.3
2026-04-21 14:13:48.268Z,1.6850,1.6958,100,100,63.9
2026-04-21 14:13:49.258Z,1.6847,1.6949,100,100,60.4
2026-04-21 14:13:50.878Z,1.6860,1.6946,100,100,50.9
2026-04-21 14:13:51.058Z,1.6845,1.6951,100,100,62.7
2026-04-21 14:13:52.849Z,1.6845,1.6957,100,100,66.3
2026-04-21 14:13:53.811Z,1.6840,1.6952,100,100,66.3
2026-04-21 14:13:54.367Z,1.6845,1.6959,100,100,67.4
2026-04-21 14:13:55.146Z,1.6844,1.6950,100,100,62.7
2026-04-21 14:13:56.773Z,1.6842,1.6962,100,100,71.0
2026-04-21 14:13:57.747Z,1.6856,1.6944,100,100,52.1
2026-04-21 14:13:58.226Z,1.6846,1.6956,100,100,65.1
2026-04-21 14:13:59.561Z,1.6847,1.6953,100,100,62.7
2026-04-21 14:18:00.820Z,1.6347,1.6453,100,100,64.6
2026-04-21 14:18:01.547Z,1.6360,1.6446,100,100,52.4
2026-04-21 14:18:02.898Z,1.6341,1.6461,100,100,73.2
2026-04-21 14:18:03.862Z,1.6356,1.6450,100,100,57.3
2026-04-21 14:18:04.331Z,1.6355,1.6439,100,100,51.2
2026-04-21 14:18:05.582Z,1.6336,1.6456,100,100,73.2
2026-04-21 14:18:06.578Z,1.6351,1.6449,100,100,59.8
2026-04-21 14:18:07.036Z,1.6360,1.6444,100,100,51.2
2026-04-21 14:18:08.894Z,1.6351,1.6441,100,100,54.9
2026-04-21 14:18:09.648Z,1.6353,1.6447,100,100,57.3
2026-04-21 14:18:10.095Z,1.6354,1.6452,100,100,59.7
2026-04-21 14:18:11.543Z,1.6356,1.6438,100,100,50.0
2026-04-21 14:18:12.229Z,1.6359,1.6441,100,100,50.0
2026-04-21 14:18:13.488Z,1.6344,1.6450,100,100,64.6
2026-04-21 14:18:14.446Z,1.6348,1.6450,100,100,62.2
2026-04-21 14:18:15.076Z,1.6353,1.6443,100,100,54.9
2026-04-21 14:18:16.691Z,1.6355,1.6449,100,100,57.3
2026-04-21 14:18:17.495Z,1.6362,1.6444,100,100,50.0
2026-04-21 14:18:18.796Z,1.6358,1.6448,100,100,54.9
2026-04-21 14:18:19.677Z,1.6355,1.6441,100,100,52.4
2026-04-21 14:18:20.463Z,1.6345,1.6449,100,100,63.4
2026-04-21 14:18:21.463Z,1.6353,1.6439,100,100,52.5
2026-04-21 14:18:22.072Z,1.6335,1.6447,100,100,68.3
2026-04-21 14:18:23.438Z,1.6344,1.6428,100,100,51.3
2026-04-21 14:18:24.880Z,1.6318,1.6442,100,100,75.7
2026-04-21 14:18:25.336Z,1.6308,1.6430,100,100,74.5
2026-04-21 14:18:26.841Z,1.6313,1.6409,100,100,58.7
2026-04-21 14:18:27.709Z,1.6295,1.6413,100,100,72.2
2026-04-21 14:18:28.503Z,1.6305,1.6389,100,100,51.4
2026-04-21 14:18:29.744Z,1.6290,1.6394,100,100,63.6
2026-04-21 14:18:30.057Z,1.6278,1.6390,100,100,68.6
2026-04-21 14:18:31.651Z,1.6283,1.6379,100,100,58.8
2026-04-21 14:18:32.722Z,1.6267,1.6381,100,100,69.8
2026-04-21 14:18:33.217Z,1.6254,1.6378,100,100,76.0
2026-04-21 14:18:34.259Z,1.6257,1.6365,100,100,66.2
2026-04-21 14:18:35.783Z,1.6255,1.6355,100,100,61.3
2026-04-21 14:18:36.235Z,1.6249,1.6365,100,100,71.1
2026-04-21 14:18:37.310Z,1.6256,1.6342,100,100,52.8
2026-04-21 14:18:38.260Z,1.6250,1.6356,100,100,65.0
2026-04-21 14:18:39.777Z,1.6252,1.6356,100,100,63.8
2026-04-21 14:18:40.236Z,1.6259,1.6341,100,100,50.3
2026-04-21 14:18:41.389Z,1.6258,1.6358,100,100,61.3
2026-04-21 14:18:42.265Z,1.6250,1.6364,100,100,69.9
2026-04-21 14:18:43.168Z,1.6250,1.6366,100,100,71.1
2026-04-21 14:18:44.857Z,1.6256,1.6360,100,100,63.8
2026-04-21 14:18:45.803Z,1.6255,1.6377,100,100,74.8
2026-04-21 14:18:46.886Z,1.6270,1.6354,100,100,51.5
2026-04-21 14:18:47.442Z,1.6260,1.6360,100,100,61.3
2026-04-21 14:18:48.474Z,1.6261,1.6365,100,100,63.8
2026-04-21 14:18:49.101Z,1.6253,1.6365,100,100,68.7
2026-04-21 14:18:50.348Z,1.6257,1.6359,100,100,62.5
2026-04-21 14:18:51.006Z,1.6268,1.6348,100,100,49.1
2026-04-21 14:18:52.526Z,1.6262,1.6358,100,100,58.9
2026-04-21 14:18:53.094Z,1.6258,1.6356,100,100,60.1
2026-04-21 14:18:54.840Z,1.6252,1.6354,100,100,62.6
2026-04-21 14:18:55.838Z,1.6250,1.6362,100,100,68.7
2026-04-21 14:18:56.015Z,1.6260,1.6344,100,100,51.5
2026-04-21 14:18:57.572Z,1.6253,1.6353,100,100,61.3
2026-04-21 14:18:58.064Z,1.6241,1.6355,100,100,69.9
2026-04-21 14:18:59.709Z,1.6251,1.6349,100,100,60.1
2026-04-21 14:20:00.620Z,1.6500,1.6600,100,100,60.4
2026-04-21 14:20:01.028Z,1.6506,1.6592,100,100,52.0
2026-04-21 14:20:02.644Z,1.6495,1.6609,100,100,68.9
2026-04-21 14:20:03.067Z,1.6498,1.6600,100,100,61.6
2026-04-21 14:20:04.395Z,1.6494,1.6608,100,100,68.9
2026-04-21 14:20:05.076Z,1.6498,1.6598,100,100,60.4
2026-04-21 14:20:06.777Z,1.6497,1.6597,100,100,60.4
2026-04-21 14:20:07.498Z,1.6492,1.6610,100,100,71.3
2026-04-21 14:20:08.897Z,1.6511,1.6593,100,100,49.5
2026-04-21 14:20:09.807Z,1.6489,1.6607,100,100,71.3
2026-04-21 14:20:10.569Z,1.6500,1.6600,100,100,60.4
2026-04-21 14:20:11.050Z,1.6503,1.6595,100,100,55.6
2026-04-21 14:20:12.618Z,1.6508,1.6590,100,100,49.5
2026-04-21 14:20:13.411Z,1.6494,1.6610,100,100,70.1
2026-04-21 14:20:14.657Z,1.6500,1.6594,100,100,56.8
2026-04-21 14:20:15.356Z,1.6496,1.6606,100,100,66.5
2026-04-21 14:20:16.866Z,1.6498,1.6600,100,100,61.6
2026-04-21 14:20:17.845Z,1.6497,1.6607,100,100,66.5
2026-04-21 14:20:18.167Z,1.6489,1.6609,100,100,72.5
2026-04-21 14:20:19.150Z,1.6506,1.6588,100,100,49.6
2026-04-21 14:20:20.674Z,1.6490,1.6612,100,100,73.7
2026-04-21 14:20:21.392Z,1.6497,1.6611,100,100,68.9
2026-04-21 14:20:22.062Z,1.6508,1.6598,100,100,54.4
2026-04-21 14:20:23.505Z,1.6500,1.6594,100,100,56.8
2026-04-21 14:20:24.231Z,1.6497,1.6611,100,100,68.9
2026-04-21 14:20:25.262Z,1.6496,1.6608,100,100,67.7
2026-04-21 14:20:26.576Z,1.6487,1.6609,100,100,73.7
2026-04-21 14:20:27.110Z,1.6501,1.6593,100,100,55.6
2026-04-21 14:20:28.086Z,1.6508,1.6594,100,100,52.0
2026-04-21 14:20:29.492Z,1.6501,1.6601,100,100,60.4
2026-04-21 14:20:30.599Z,1.6499,1.6601,100,100,61.6
2026-04-21 14:20:31.277Z,1.6490,1.6602,100,100,67.7
2026-04-21 14:20:32.392Z,1.6502,1.6600,100,100,59.2
2026-04-21 14:20:33.184Z,1.6503,1.6593,100,100,54.4
2026-04-21 14:20:34.225Z,1.6508,1.6598,100,100,54.4
2026-04-21 14:20:35.551Z,1.6506,1.6598,100,100,55.6
2026-04-21 14:20:36.122Z,1.6506,1.6596,100,100,54.4
2026-04-21 14:20:37.328Z,1.6495,1.6611,100,100,70.1
2026-04-21 14:20:38.004Z,1.6510,1.6598,100,100,53.2
2026-04-21 14:20:39.359Z,1.6503,1.6603,100,100,60.4
2026-04-21 14:20:40.172Z,1.6510,1.6592,100,100,49.5
2026-04-21 14:20:41.872Z,1.6509,1.6591,100,100,49.5
2026-04-21 14:20:42.368Z,1.6496,1.6598,100,100,61.6
2026-04-21 14:20:43.524Z,1.6490,1.6604,100,100,68.9
2026-04-21 14:20:44.290Z,1.6489,1.6607,100,100,71.3
2026-04-21 14:20:45.179Z,1.6498,1.6596,100,100,59.2
2026-04-21 14:20:46.248Z,1.6504,1.6600,100,100,58.0
2026-04-21 14:20:47.650Z,1.6499,1.6601,100,100,61.6
2026-04-21 14:20:48.819Z,1.6505,1.6591,100,100,52.0
2026-04-21 14:20:49.877Z,1.6509,1.6597,100,100,53.2
2026-04-21 14:20:50.779Z,1.6510,1.6592,100,100,49.5
2026-04-21 14:20:51.707Z,1.6493,1.6601,100,100,65.3
2026-04-21 14:20:52.716Z,1.6492,1.6604,100,100,67.7
2026-04-21 14:20:53.391Z,1.6489,1.6605,100,100,70.1
2026-04-21 14:20:54.434Z,1.6495,1.6611,100,100,70.1
2026-04-21 14:20:55.354Z,1.6491,1.6605,100,100,68.9
2026-04-21 14:20:56.376Z,1.6503,1.6593,100,100,54.4
2026-04-21 14:20:57.501Z,1.6510,1.6596,100,100,52.0
2026-04-21 14:20:58.774Z,1.6491,1.6611,100,100,72.5
2026-04-21 14:20:59.187Z,1.6502,1.6598,100,100,58.0
2026-04-21 14:22:00.897Z,1.6643,1.6757,100,100,68.3
2026-04-21 14:22:01.892Z,1.6641,1.6757,100,100,69.5
2026-04-21 14:22:02.609Z,1.6645,1.6749,100,100,62.3
2026-04-21 14:22:03.545Z,1.6645,1.6751,100,100,63.5
2026-04-21 14:22:04.214Z,1.6646,1.6760,100,100,68.3
2026-04-21 14:22:05.275Z,1.6653,1.6751,100,100,58.7
2026-04-21 14:22:06.057Z,1.6654,1.6748,100,100,56.3
2026-04-21 14:22:07.639Z,1.6640,1.6752,100,100,67.1
2026-04-21 14:22:08.756Z,1.6656,1.6742,100,100,51.5
2026-04-21 14:22:09.405Z,1.6650,1.6756,100,100,63.5
2026-04-21 14:22:10.553Z,1.6653,1.6755,100,100,61.1
2026-04-21 14:22:11.549Z,1.6642,1.6754,100,100,67.1
2026-04-21 14:22:12.233Z,1.6656,1.6740,100,100,50.3
2026-04-21 14:22:13.308Z,1.6648,1.6744,100,100,57.5
2026-04-21 14:22:14.688Z,1.6654,1.6742,100,100,52.7
2026-04-21 14:22:15.438Z,1.6660,1.6742,100,100,49.1
2026-04-21 14:22:16.410Z,1.6649,1.6745,100,100,57.5
2026-04-21 14:22:17.134Z,1.6647,1.6753,100,100,63.5
2026-04-21 14:22:18.767Z,1.6656,1.6746,100,100,53.9
2026-04-21 14:22:19.134Z,1.6643,1.6751,100,100,64.7
2026-04-21 14:22:20.561Z,1.6640,1.6760,100,100,71.9
2026-04-21 14:22:21.143Z,1.6651,1.6741,100,100,53.9
2026-04-21 14:22:22.012Z,1.6644,1.6756,100,100,67.1
2026-04-21 14:22:23.635Z,1.6646,1.6760,100,100,68.3
2026-04-21 14:22:24.422Z,1.6650,1.6748,100,100,58.7
2026-04-21 14:22:25.046Z,1.6640,1.6762,100,100,73.0
2026-04-21 14:22:26.662Z,1.6657,1.6745,100,100,52.7
2026-04-21 14:22:27.350Z,1.6655,1.6741,100,100,51.5
2026-04-21 14:22:28.473Z,1.6648,1.6750,100,100,61.1
2026-04-21 14:22:29.784Z,1.6651,1.6755,100,100,62.3
2026-04-21 14:22:30.294Z,1.6657,1.6747,100,100,53.9
2026-04-21 14:22:31.541Z,1.6655,1.6751,100,100,57.5
2026-04-21 14:22:32.618Z,1.6658,1.6748,100,100,53.9
2026-04-21 14:22:33.368Z,1.6652,1.6752,100,100,59.9
2026-04-21 14:22:34.497Z,1.6658,1.6740,100,100,49.1
2026-04-21 14:22:35.627Z,1.6653,1.6745,100,100,55.1
2026-04-21 14:22:36.471Z,1.6644,1.6754,100,100,65.9
2026-04-21 14:22:37.429Z,1.6644,1.6760,100,100,69.5
2026-04-21 14:22:38.330Z,1.6647,1.6755,100,100,64.7
2026-04-21 14:22:39.091Z,1.6661,1.6747,100,100,51.5
2026-04-21 14:22:40.444Z,1.6649,1.6755,100,100,63.5
2026-04-21 14:22:41.832Z,1.6653,1.6743,100,100,53.9
2026-04-21 14:22:42.155Z,1.6653,1.6755,100,100,61.1
2026-04-21 14:22:43.320Z,1.6640,1.6758,100,100,70.7
2026-04-21 14:22:44.068Z,1.6648,1.6748,100,100,59.9
2026-04-21 14:22:45.622Z,1.6649,1.6755,100,100,63.5
2026-04-21 14:22:46.264Z,1.6647,1.6759,100,100,67.1
2026-04-21 14:22:47.262Z,1.6659,1.6745,100,100,51.5
2026-04-21 14:22:48.096Z,1.6647,1.6747,100,100,59.9
2026-04-21 14:22:49.227Z,1.6652,1.6746,100,100,56.3
2026-04-21 14:22:50.412Z,1.6658,1.6740,100,100,49.1
2026-04-21 14:22:51.685Z,1.6653,1.6739,100,100,51.5
2026-04-21 14:22:52.670Z,1.6645,1.6749,100,100,62.3
2026-04-21 14:22:53.175Z,1.6641,1.6751,100,100,65.9
2026-04-21 14:22:54.511Z,1.6650,1.6752,100,100,61.1
2026-04-21 14:22:55.409Z,1.6653,1.6753,100,100,59.9
2026-04-21 14:22:56.330Z,1.6656,1.6742,100,100,51.5
2026-04-21 14:22:57.650Z,1.6651,1.6745,100,100,56.3
2026-04-21 14:22:58.376Z,1.6642,1.6762,100,100,71.8
2026-04-21 14:22:59.411Z,1.6659,1.6741,100,100,49.1
2026-04-21 14:23:00.308Z,1.6659,1.6741,100,100,49.1
2026-04-21 14:23:01.837Z,1.6643,1.6749,100,100,63.5
2026-04-21 14:23:02.297Z,1.6650,1.6752,100,100,61.1
2026-04-21 14:23:03.818Z,1.6649,1.6751,100,100,61.1
2026-04-21 14:23:04.783Z,1.6654,1.6740,100,100,51.5
2026-04-21 14:23:05.454Z,1.6647,1.6757,100,100,65.9
2026-04-21 14:23:06.677Z,1.6653,1.6745,100,100,55.1
2026-04-21 14:23:07.676Z,1.6646,1.6760,100,100,68.3
2026-04-21 14:23:08.419Z,1.6649,1.6745,100,100,57.5
2026-04-21 14:23:09.395Z,1.6644,1.6752,100,100,64.7
2026-04-21 14:23:10.148Z,1.6660,1.6744,100,100,50.3
2026-04-21 14:23:11.637Z,1.6660,1.6744,100,100,50.3
2026-04-21 14:23:12.763Z,1.6645,1.6755,100,100,65.9
2026-04-21 14:23:13.348Z,1.6648,1.6760,100,100,67.0
2026-04-21 14:23:14.012Z,1.6646,1.6758,100,100,67.1
2026-04-21 14:23:15.672Z,1.6640,1.6760,100,100,71.9
2026-04-21 14:23:16.203Z,1.6646,1.6748,100,100,61.1
2026-04-21 14:23:17.615Z,1.6651,1.6751,100,100,59.9
2026-04-21 14:23:18.004Z,1.6646,1.6748,100,100,61.1
2026-04-21 14:23:19.838Z,1.6635,1.6755,100,100,71.9
2026-04-21 14:23:20.637Z,1.6652,1.6744,100,100,55.1
2026-04-21 14:23:21.615Z,1.6639,1.6747,100,100,64.7
2026-04-21 14:23:22.459Z,1.6637,1.6735,100,100,58.7
2026-04-21 14:23:23.781Z,1.6622,1.6740,100,100,70.7
2026-04-21 14:23:24.597Z,1.6617,1.6731,100,100,68.4
2026-04-21 14:23:25.600Z,1.6619,1.6729,100,100,66.0
2026-04-21 14:23:26.273Z,1.6617,1.6713,100,100,57.6
2026-04-21 14:23:27.574Z,1.6610,1.6704,100,100,56.4
2026-04-21 14:23:28.226Z,1.6600,1.6700,100,100,60.1
2026-04-21 14:23:29.385Z,1.6583,1.6705,100,100,73.3
2026-04-21 14:23:30.092Z,1.6574,1.6692,100,100,70.9
2026-04-21 14:23:31.069Z,1.6577,1.6677,100,100,60.1
2026-04-21 14:23:32.524Z,1.6563,1.6679,100,100,69.8
2026-04-21 14:23:33.897Z,1.6572,1.6666,100,100,56.6
2026-04-21 14:23:34.214Z,1.6550,1.6670,100,100,72.2
2026-04-21 14:23:35.187Z,1.6567,1.6649,100,100,49.4
2026-04-21 14:23:36.568Z,1.6553,1.6649,100,100,57.8
2026-04-21 14:23:37.388Z,1.6548,1.6648,100,100,60.2
2026-04-21 14:23:38.388Z,1.6543,1.6649,100,100,63.9
2026-04-21 14:23:39.695Z,1.6556,1.6648,100,100,55.4
2026-04-21 14:23:40.280Z,1.6555,1.6645,100,100,54.2
2026-04-21 14:23:41.336Z,1.6557,1.6641,100,100,50.6
2026-04-21 14:23:42.696Z,1.6545,1.6661,100,100,69.9
2026-04-21 14:23:43.281Z,1.6548,1.6670,100,100,73.5
2026-04-21 14:23:44.436Z,1.6549,1.6665,100,100,69.9
2026-04-21 14:23:45.726Z,1.6567,1.6655,100,100,53.0
2026-04-21 14:23:46.142Z,1.6554,1.6666,100,100,67.4
2026-04-21 14:23:47.683Z,1.6558,1.6660,100,100,61.4
2026-04-21 14:23:48.279Z,1.6556,1.6658,100,100,61.4
2026-04-21 14:23:49.709Z,1.6556,1.6666,100,100,66.2
2026-04-21 14:23:50.363Z,1.6552,1.6670,100,100,71.0
2026-04-21 14:23:51.205Z,1.6545,1.6661,100,100,69.9
2026-04-21 14:23:52.558Z,1.6561,1.6649,100,100,53.0
2026-04-21 14:23:53.226Z,1.6548,1.6654,100,100,63.9
2026-04-21 14:23:54.427Z,1.6554,1.6650,100,100,57.8
2026-04-21 14:23:55.331Z,1.6563,1.6649,100,100,51.8
2026-04-21 14:23:56.719Z,1.6547,1.6663,100,100,69.9
2026-04-21 14:23:57.562Z,1.6548,1.6660,100,100,67.5
2026-04-21 14:23:58.457Z,1.6542,1.6662,100,100,72.3
2026-04-21 14:23:59.103Z,1.6550,1.6650,100,100,60.2
2026-04-21 14:24:00.889Z,1.6555,1.6645,100,100,54.2
2026-04-21 14:24:01.848Z,1.6557,1.6645,100,100,53.0
2026-04-21 14:24:02.295Z,1.6545,1.6655,100,100,66.3
2026-04-21 14:24:03.237Z,1.6551,1.6645,100,100,56.6
2026-04-21 14:24:04.503Z,1.6554,1.6646,100,100,55.4
2026-04-21 14:24:05.122Z,1.6553,1.6651,100,100,59.0
2026-04-21 14:24:06.586Z,1.6543,1.6661,100,100,71.1
2026-04-21 14:24:07.837Z,1.6559,1.6647,100,100,53.0
2026-04-21 14:24:08.255Z,1.6547,1.6647,100,100,60.3
2026-04-21 14:24:09.079Z,1.6550,1.6646,100,100,57.8
2026-04-21 14:24:10.148Z,1.6552,1.6646,100,100,56.6
2026-04-21 14:24:11.770Z,1.6551,1.6643,100,100,55.4
2026-04-21 14:24:12.304Z,1.6557,1.6647,100,100,54.2
2026-04-21 14:24:13.421Z,1.6546,1.6660,100,100,68.7
2026-04-21 14:24:14.310Z,1.6536,1.6656,100,100,72.3
2026-04-21 14:24:15.587Z,1.6542,1.6658,100,100,69.9
2026-04-21 14:24:16.128Z,1.6543,1.6657,100,100,68.7
2026-04-21 14:24:17.429Z,1.6552,1.6652,100,100,60.2
2026-04-21 14:24:18.757Z,1.6541,1.6657,100,100,69.9
2026-04-21 14:24:19.835Z,1.6537,1.6655,100,100,71.1
2026-04-21 14:24:20.194Z,1.6542,1.6654,100,100,67.5
2026-04-21 14:24:21.863Z,1.6553,1.6651,100,100,59.0
2026-04-21 14:24:22.194Z,1.6550,1.6650,100,100,60.2
2026-04-21 14:24:23.037Z,1.6557,1.6651,100,100,56.6
2026-04-21 14:24:24.824Z,1.6549,1.6655,100,100,63.8
2026-04-21 14:24:25.129Z,1.6546,1.6658,100,100,67.5
2026-04-21 14:24:26.076Z,1.6545,1.6657,100,100,67.5
2026-04-21 14:24:27.379Z,1.6539,1.6657,100,100,71.1
2026-04-21 14:24:28.187Z,1.6553,1.6645,100,100,55.4
2026-04-21 14:24:29.666Z,1.6551,1.6641,100,100,54.2
2026-04-21 14:24:30.098Z,1.6554,1.6644,100,100,54.2
2026-04-21 14:24:31.849Z,1.6543,1.6665,100,100,73.5
2026-04-21 14:24:32.566Z,1.6550,1.6656,100,100,63.8
2026-04-21 14:24:33.017Z,1.6548,1.6656,100,100,65.1
2026-04-21 14:24:34.487Z,1.6559,1.6647,100,100,53.0
2026-04-21 14:24:35.741Z,1.6557,1.6641,100,100,50.6
2026-04-21 14:24:36.659Z,1.6553,1.6647,100,100,56.6
2026-04-21 14:24:37.086Z,1.6547,1.6655,100,100,65.1
2026-04-21 14:24:38.644Z,1.6545,1.6659,100,100,68.7
2026-04-21 14:24:39.238Z,1.6548,1.6652,100,100,62.7
2026-04-21 14:24:40.026Z,1.6544,1.6660,100,100,69.9
2026-04-21 14:24:41.100Z,1.6541,1.6655,100,100,68.7
2026-04-21 14:24:42.285Z,1.6555,1.6643,100,100,53.0
2026-04-21 14:24:43.680Z,1.6545,1.6649,100,100,62.7
2026-04-21 14:24:44.088Z,1.6556,1.6648,100,100,55.4
2026-04-21 14:24:45.628Z,1.6541,1.6657,100,100,69.9
2026-04-21 14:24:46.134Z,1.6545,1.6659,100,100,68.7
2026-04-21 14:24:47.212Z,1.6547,1.6659,100,100,67.5
2026-04-21 14:24:48.694Z,1.6555,1.6645,100,100,54.2
2026-04-21 14:24:49.865Z,1.6548,1.6652,100,100,62.7
2026-04-21 14:24:50.831Z,1.6553,1.6653,100,100,60.2
2026-04-21 14:24:51.289Z,1.6553,1.6655,100,100,61.4
2026-04-21 14:24:52.412Z,1.6546,1.6660,100,100,68.7
2026-04-21 14:24:53.544Z,1.6551,1.6649,100,100,59.0
2026-04-21 14:24:54.346Z,1.6545,1.6653,100,100,65.1
2026-04-21 14:24:55.352Z,1.6555,1.6649,100,100,56.6
2026-04-21 14:24:56.610Z,1.6535,1.6657,100,100,73.5
2026-04-21 14:24:57.613Z,1.6544,1.6662,100,100,71.1
2026-04-21 14:24:58.722Z,1.6544,1.6662,100,100,71.1
2026-04-21 14:24:59.357Z,1.6540,1.6660,100,100,72.3
2026-04-21 14:29:00.893Z,1.6256,1.6346,100,100,55.2
2026-04-21 14:29:01.805Z,1.6238,1.6360,100,100,74.9
2026-04-21 14:29:02.024Z,1.6244,1.6356,100,100,68.7
2026-04-21 14:29:03.445Z,1.6244,1.6354,100,100,67.5
2026-04-21 14:29:04.592Z,1.6256,1.6352,100,100,58.9
2026-04-21 14:29:05.811Z,1.6249,1.6355,100,100,65.0
2026-04-21 14:29:06.419Z,1.6243,1.6357,100,100,69.9
2026-04-21 14:29:07.521Z,1.6247,1.6355,100,100,66.3
2026-04-21 14:29:08.685Z,1.6238,1.6358,100,100,73.6
2026-04-21 14:29:09.033Z,1.6250,1.6352,100,100,62.6
2026-04-21 14:29:10.736Z,1.6247,1.6363,100,100,71.1
2026-04-21 14:29:11.119Z,1.6243,1.6363,100,100,73.6
2026-04-21 14:29:12.850Z,1.6241,1.6357,100,100,71.2
2026-04-21 14:29:13.065Z,1.6243,1.6359,100,100,71.2
2026-04-21 14:29:14.476Z,1.6244,1.6360,100,100,71.2
2026-04-21 14:29:15.251Z,1.6259,1.6341,100,100,50.3
2026-04-21 14:29:16.328Z,1.6252,1.6348,100,100,58.9
2026-04-21 14:29:17.202Z,1.6256,1.6340,100,100,51.5
2026-04-21 14:29:18.772Z,1.6251,1.6353,100,100,62.6
2026-04-21 14:29:19.478Z,1.6243,1.6361,100,100,72.4
2026-04-21 14:29:20.559Z,1.6251,1.6347,100,100,58.9
2026-04-21 14:29:21.890Z,1.6246,1.6354,100,100,66.3
2026-04-21 14:29:22.509Z,1.6257,1.6345,100,100,54.0
2026-04-21 14:29:23.130Z,1.6249,1.6353,100,100,63.8
2026-04-21 14:29:24.370Z,1.6258,1.6344,100,100,52.8
2026-04-21 14:29:25.324Z,1.6248,1.6352,100,100,63.8
2026-04-21 14:29:26.555Z,1.6249,1.6359,100,100,67.5
2026-04-21 14:29:27.649Z,1.6247,1.6355,100,100,66.3
2026-04-21 14:29:28.747Z,1.6249,1.6361,100,100,68.7
2026-04-21 14:29:29.743Z,1.6252,1.6358,100,100,65.0
2026-04-21 14:29:30.240Z,1.6263,1.6345,100,100,50.3
2026-04-21 14:29:31.694Z,1.6243,1.6359,100,100,71.2
2026-04-21 14:29:32.705Z,1.6246,1.6352,100,100,65.0
2026-04-21 14:29:33.187Z,1.6255,1.6347,100,100,56.4
2026-04-21 14:29:34.832Z,1.6242,1.6354,100,100,68.7
2026-04-21 14:29:35.175Z,1.6250,1.6356,100,100,65.0
2026-04-21 14:29:36.706Z,1.6242,1.6354,100,100,68.7
2026-04-21 14:29:37.109Z,1.6253,1.6343,100,100,55.2
2026-04-21 14:29:38.226Z,1.6262,1.6346,100,100,51.5
2026-04-21 14:29:39.397Z,1.6249,1.6351,100,100,62.6
2026-04-21 14:29:40.302Z,1.6250,1.6354,100,100,63.8
2026-04-21 14:29:41.234Z,1.6240,1.6360,100,100,73.6
2026-04-21 14:29:42.192Z,1.6250,1.6352,100,100,62.6
2026-04-21 14:29:43.512Z,1.6254,1.6342,100,100,54.0
2026-04-21 14:29:44.825Z,1.6252,1.6346,100,100,57.7
2026-04-21 14:29:45.462Z,1.6251,1.6357,100,100,65.0
2026-04-21 14:29:46.538Z,1.6263,1.6347,100,100,51.5
2026-04-21 14:29:47.164Z,1.6254,1.6350,100,100,58.9
2026-04-21 14:29:48.860Z,1.6257,1.6345,100,100,54.0
2026-04-21 14:29:49.664Z,1.6251,1.6347,100,100,58.9
2026-04-21 14:29:50.016Z,1.6246,1.6360,100,100,69.9
2026-04-21 14:29:51.173Z,1.6250,1.6352,100,100,62.6
2026-04-21 14:29:52.871Z,1.6261,1.6345,100,100,51.5
2026-04-21 14:29:53.505Z,1.6256,1.6340,100,100,51.5
2026-04-21 14:29:54.793Z,1.6246,1.6350,100,100,63.8
2026-04-21 14:29:55.248Z,1.6244,1.6356,100,100,68.7
2026-04-21 14:29:56.440Z,1.6258,1.6344,100,100,52.8
2026-04-21 14:29:57.403Z,1.6258,1.6340,100,100,50.3
2026-04-21 14:29:58.343Z,1.6255,1.6345,100,100,55.2
2026-04-21 14:29:59.815Z,1.6256,1.6346,100,100,55.2
2026-04-21 14:33:00.068Z,1.6459,1.6541,100,100,49.7
2026-04-21 14:33:01.534Z,1.6457,1.6547,100,100,54.5
2026-04-21 14:33:02.045Z,1.6445,1.6563,100,100,71.5
2026-04-21 14:33:03.721Z,1.6440,1.6552,100,100,67.9
2026-04-21 14:33:04.661Z,1.6439,1.6557,100,100,71.5
2026-04-21 14:33:05.641Z,1.6452,1.6552,100,100,60.6
2026-04-21 14:33:06.899Z,1.6459,1.6547,100,100,53.3
2026-04-21 14:33:07.436Z,1.6452,1.6548,100,100,58.2
2026-04-21 14:33:08.302Z,1.6451,1.6543,100,100,55.8
2026-04-21 14:33:09.458Z,1.6450,1.6558,100,100,65.4
2026-04-21 14:33:10.183Z,1.6446,1.6554,100,100,65.5
2026-04-21 14:33:11.410Z,1.6445,1.6555,100,100,66.7
2026-04-21 14:33:12.194Z,1.6457,1.6549,100,100,55.7
2026-04-21 14:33:13.013Z,1.6445,1.6549,100,100,63.0
2026-04-21 14:33:14.030Z,1.6456,1.6552,100,100,58.2
2026-04-21 14:33:15.273Z,1.6454,1.6552,100,100,59.4
2026-04-21 14:33:16.333Z,1.6450,1.6546,100,100,58.2
2026-04-21 14:33:17.402Z,1.6461,1.6543,100,100,49.7
2026-04-21 14:33:18.875Z,1.6443,1.6559,100,100,70.3
2026-04-21 14:33:19.758Z,1.6454,1.6554,100,100,60.6
2026-04-21 14:33:20.450Z,1.6459,1.6545,100,100,52.1
2026-04-21 14:33:21.007Z,1.6458,1.6544,100,100,52.1
2026-04-21 14:33:22.781Z,1.6444,1.6552,100,100,65.5
2026-04-21 14:33:23.018Z,1.6440,1.6558,100,100,71.5
2026-04-21 14:33:24.146Z,1.6453,1.6555,100,100,61.8
2026-04-21 14:33:25.319Z,1.6445,1.6561,100,100,70.3
2026-04-21 14:33:26.527Z,1.6452,1.6550,100,100,59.4
2026-04-21 14:33:27.294Z,1.6454,1.6546,100,100,55.8
2026-04-21 14:33:28.531Z,1.6449,1.6553,100,100,63.0
2026-04-21 14:33:29.867Z,1.6442,1.6560,100,100,71.5
2026-04-21 14:33:30.374Z,1.6462,1.6544,100,100,49.7
2026-04-21 14:33:31.220Z,1.6447,1.6561,100,100,69.1
2026-04-21 14:33:32.269Z,1.6444,1.6560,100,100,70.3
2026-04-21 14:33:33.499Z,1.6455,1.6553,100,100,59.4
2026-04-21 14:33:34.126Z,1.6461,1.6545,100,100,50.9
2026-04-21 14:33:35.562Z,1.6454,1.6546,100,100,55.8
2026-04-21 14:33:36.887Z,1.6455,1.6543,100,100,53.3
2026-04-21 14:33:37.554Z,1.6446,1.6562,100,100,70.3
2026-04-21 14:33:38.208Z,1.6462,1.6546,100,100,50.9
2026-04-21 14:33:39.889Z,1.6436,1.6560,100,100,75.2
2026-04-21 14:33:40.483Z,1.6442,1.6562,100,100,72.7
2026-04-21 14:33:41.029Z,1.6447,1.6549,100,100,61.8
2026-04-21 14:33:42.575Z,1.6442,1.6554,100,100,67.9
2026-04-21 14:33:43.441Z,1.6446,1.6550,100,100,63.0
2026-04-21 14:33:44.217Z,1.6447,1.6553,100,100,64.2
2026-04-21 14:33:45.307Z,1.6455,1.6541,100,100,52.1
2026-04-21 14:33:46.127Z,1.6440,1.6562,100,100,73.9
2026-04-21 14:33:47.221Z,1.6450,1.6544,100,100,57.0
2026-04-21 14:33:48.429Z,1.6454,1.6538,100,100,50.9
2026-04-21 14:33:49.172Z,1.6451,1.6553,100,100,61.8
2026-04-21 14:33:50.445Z,1.6445,1.6553,100,100,65.5
2026-04-21 14:33:51.120Z,1.6451,1.6555,100,100,63.0
2026-04-21 14:33:52.862Z,1.6440,1.6556,100,100,70.3
2026-04-21 14:33:53.185Z,1.6446,1.6554,100,100,65.5
2026-04-21 14:33:54.192Z,1.6441,1.6561,100,100,72.7
2026-04-21 14:33:55.528Z,1.6454,1.6538,100,100,50.9
2026-04-21 14:33:56.518Z,1.6455,1.6539,100,100,50.9
2026-04-21 14:33:57.713Z,1.6456,1.6542,100,100,52.1
2026-04-21 14:33:58.192Z,1.6441,1.6551,100,100,66.7
2026-04-21 14:33:59.376Z,1.6447,1.6553,100,100,64.2
2026-04-21 14:34:00.070Z,1.6549,1.6651,100,100,61.4
2026-04-21 14:34:01.012Z,1.6559,1.6643,100,100,50.6
2026-04-21 14:34:02.050Z,1.6560,1.6644,100,100,50.6
2026-04-21 14:34:03.345Z,1.6543,1.6661,100,100,71.1
2026-04-21 14:34:04.757Z,1.6556,1.6648,100,100,55.4
2026-04-21 14:34:05.608Z,1.6548,1.6650,100,100,61.4
2026-04-21 14:34:06.161Z,1.6550,1.6656,100,100,63.8
2026-04-21 14:34:07.861Z,1.6556,1.6642,100,100,51.8
2026-04-21 14:34:08.553Z,1.6555,1.6649,100,100,56.6
2026-04-21 14:34:09.682Z,1.6553,1.6649,100,100,57.8
2026-04-21 14:34:10.513Z,1.6545,1.6655,100,100,66.3
2026-04-21 14:34:11.512Z,1.6556,1.6644,100,100,53.0
2026-04-21 14:34:12.772Z,1.6543,1.6661,100,100,71.1
2026-04-21 14:34:13.145Z,1.6540,1.6652,100,100,67.5
2026-04-21 14:34:14.473Z,1.6542,1.6652,100,100,66.3
2026-04-21 14:34:15.033Z,1.6551,1.6645,100,100,56.6
2026-04-21 14:34:16.319Z,1.6548,1.6650,100,100,61.4
2026-04-21 14:34:17.527Z,1.6548,1.6646,100,100,59.0
2026-04-21 14:34:18.143Z,1.6543,1.6651,100,100,65.1
2026-04-21 14:34:19.715Z,1.6554,1.6654,100,100,60.2
2026-04-21 14:34:20.417Z,1.6556,1.6658,100,100,61.4
2026-04-21 14:34:21.811Z,1.6546,1.6660,100,100,68.7
2026-04-21 14:34:22.471Z,1.6555,1.6667,100,100,67.4
2026-04-21 14:34:23.360Z,1.6574,1.6660,100,100,51.8
2026-04-21 14:34:24.601Z,1.6580,1.6664,100,100,50.5
2026-04-21 14:34:25.719Z,1.6578,1.6674,100,100,57.7
2026-04-21 14:34:26.889Z,1.6580,1.6684,100,100,62.5
2026-04-21 14:34:27.257Z,1.6601,1.6691,100,100,54.1
2026-04-21 14:34:28.264Z,1.6605,1.6691,100,100,51.7
2026-04-21 14:34:29.077Z,1.6601,1.6705,100,100,62.5
2026-04-21 14:34:30.452Z,1.6602,1.6722,100,100,72.0
2026-04-21 14:34:31.445Z,1.6612,1.6722,100,100,66.0
2026-04-21 14:34:32.814Z,1.6627,1.6733,100,100,63.5
2026-04-21 14:34:33.556Z,1.6624,1.6738,100,100,68.3
2026-04-21 14:34:34.793Z,1.6638,1.6736,100,100,58.7
2026-04-21 14:34:35.775Z,1.6650,1.6744,100,100,56.3
2026-04-21 14:34:36.719Z,1.6642,1.6744,100,100,61.1
2026-04-21 14:34:37.456Z,1.6654,1.6750,100,100,57.5
2026-04-21 14:34:38.766Z,1.6653,1.6751,100,100,58.7
2026-04-21 14:34:39.753Z,1.6646,1.6750,100,100,62.3
2026-04-21 14:34:40.015Z,1.6643,1.6761,100,100,70.7
2026-04-21 14:34:41.607Z,1.6652,1.6746,100,100,56.3
2026-04-21 14:34:42.350Z,1.6648,1.6744,100,100,57.5
2026-04-21 14:34:43.502Z,1.6645,1.6739,100,100,56.3
2026-04-21 14:34:44.712Z,1.6645,1.6729,100,100,50.3
2026-04-21 14:34:45.176Z,1.6632,1.6742,100,100,65.9
2026-04-21 14:34:46.216Z,1.6635,1.6739,100,100,62.3
2026-04-21 14:34:47.246Z,1.6644,1.6732,100,100,52.7
2026-04-21 14:34:48.511Z,1.6637,1.6739,100,100,61.1
2026-04-21 14:34:49.504Z,1.6635,1.6743,100,100,64.7
2026-04-21 14:34:50.460Z,1.6650,1.6732,100,100,49.1
2026-04-21 14:34:51.011Z,1.6633,1.6749,100,100,69.5
2026-04-21 14:34:52.570Z,1.6654,1.6738,100,100,50.3
2026-04-21 14:34:53.611Z,1.6643,1.6753,100,100,65.9
2026-04-21 14:34:54.494Z,1.6646,1.6754,100,100,64.7
2026-04-21 14:34:55.298Z,1.6642,1.6748,100,100,63.5
2026-04-21 14:34:56.574Z,1.6646,1.6752,100,100,63.5
2026-04-21 14:34:57.510Z,1.6638,1.6758,100,100,71.9
2026-04-21 14:34:58.295Z,1.6651,1.6757,100,100,63.5
2026-04-21 14:34:59.855Z,1.6644,1.6756,100,100,67.1
2026-04-21 14:35:00.004Z,1.6646,1.6754,100,100,64.7
2026-04-21 14:35:01.712Z,1.6644,1.6760,100,100,69.5
2026-04-21 14:35:02.193Z,1.6644,1.6764,100,100,71.8
2026-04-21 14:35:03.700Z,1.6656,1.6748,100,100,55.1
2026-04-21 14:35:04.317Z,1.6650,1.6756,100,100,63.5
2026-04-21 14:35:05.262Z,1.6642,1.6762,100,100,71.8
2026-04-21 14:35:06.640Z,1.6646,1.6752,100,100,63.5
2026-04-21 14:35:07.863Z,1.6646,1.6762,100,100,69.4
2026-04-21 14:35:08.663Z,1.6641,1.6753,100,100,67.1
2026-04-21 14:35:09.719Z,1.6643,1.6763,100,100,71.8
2026-04-21 14:35:10.171Z,1.6652,1.6748,100,100,57.5
2026-04-21 14:35:11.537Z,1.6642,1.6752,100,100,65.9
2026-04-21 14:35:12.141Z,1.6650,1.6744,100,100,56.3
2026-04-21 14:35:13.152Z,1.6641,1.6765,100,100,74.2
2026-04-21 14:35:14.760Z,1.6656,1.6750,100,100,56.3
2026-04-21 14:35:15.423Z,1.6642,1.6750,100,100,64.7
2026-04-21 14:35:16.767Z,1.6656,1.6744,100,100,52.7
2026-04-21 14:35:17.331Z,1.6642,1.6760,100,100,70.7
2026-04-21 14:35:18.216Z,1.6649,1.6747,100,100,58.7
2026-04-21 14:35:19.016Z,1.6654,1.6744,100,100,53.9
2026-04-21 14:35:20.740Z,1.6655,1.6751,100,100,57.5
2026-04-21 14:35:21.392Z,1.6644,1.6758,100,100,68.3
2026-04-21 14:35:22.527Z,1.6648,1.6754,100,100,63.5
2026-04-21 14:35:23.313Z,1.6650,1.6758,100,100,64.7
2026-04-21 14:35:24.447Z,1.6651,1.6755,100,100,62.3
2026-04-21 14:35:25.513Z,1.6644,1.6758,100,100,68.3
2026-04-21 14:35:26.269Z,1.6653,1.6739,100,100,51.5
2026-04-21 14:35:27.631Z,1.6646,1.6758,100,100,67.1
2026-04-21 14:35:28.524Z,1.6651,1.6743,100,100,55.1
2026-04-21 14:35:29.087Z,1.6647,1.6761,100,100,68.2
2026-04-21 14:35:30.329Z,1.6654,1.6746,100,100,55.1
2026-04-21 14:35:31.814Z,1.6647,1.6761,100,100,68.2
2026-04-21 14:35:32.573Z,1.6651,1.6747,100,100,57.5
2026-04-21 14:35:33.192Z,1.6645,1.6749,100,100,62.3
2026-04-21 14:35:34.736Z,1.6649,1.6749,100,100,59.9
2026-04-21 14:35:35.128Z,1.6645,1.6747,100,100,61.1
2026-04-21 14:35:36.745Z,1.6648,1.6750,100,100,61.1
2026-04-21 14:35:37.553Z,1.6643,1.6753,100,100,65.9
2026-04-21 14:35:38.269Z,1.6644,1.6762,100,100,70.6
2026-04-21 14:35:39.311Z,1.6638,1.6756,100,100,70.7
2026-04-21 14:35:40.899Z,1.6649,1.6743,100,100,56.3
2026-04-21 14:35:41.851Z,1.6641,1.6765,100,100,74.2
2026-04-21 14:35:42.500Z,1.6660,1.6742,100,100,49.1
2026-04-21 14:35:43.338Z,1.6635,1.6757,100,100,73.1
2026-04-21 14:35:44.819Z,1.6645,1.6755,100,100,65.9
2026-04-21 14:35:45.801Z,1.6660,1.6746,100,100,51.5
2026-04-21 14:35:46.576Z,1.6641,1.6759,100,100,70.7
2026-04-21 14:35:47.799Z,1.6644,1.6760,100,100,69.5
2026-04-21 14:35:48.377Z,1.6639,1.6753,100,100,68.3
2026-04-21 14:35:49.540Z,1.6652,1.6744,100,100,55.1
2026-04-21 14:35:50.744Z,1.6645,1.6755,100,100,65.9
2026-04-21 14:35:51.719Z,1.6653,1.6753,100,100,59.9
2026-04-21 14:35:52.284Z,1.6660,1.6748,100,100,52.7
2026-04-21 14:35:53.159Z,1.6645,1.6751,100,100,63.5
2026-04-21 14:35:54.649Z,1.6645,1.6761,100,100,69.4
2026-04-21 14:35:55.471Z,1.6648,1.6758,100,100,65.9
2026-04-21 14:35:56.449Z,1.6650,1.6744,100,100,56.3
2026-04-21 14:35:57.455Z,1.6655,1.6747,100,100,55.1
2026-04-21 14:35:58.472Z,1.6656,1.6738,100,100,49.1
2026-04-21 14:35:59.474Z,1.6648,1.6752,100,100,62.3
2026-04-21 14:36:00.769Z,1.6551,1.6647,100,100,57.8
2026-04-21 14:36:01.291Z,1.6552,1.6640,100,100,53.0
2026-04-21 14:36:02.671Z,1.6556,1.6646,100,100,54.2
2026-04-21 14:36:03.550Z,1.6554,1.6644,100,100,54.2
2026-04-21 14:36:04.012Z,1.6556,1.6646,100,100,54.2
2026-04-21 14:36:05.084Z,1.6551,1.6641,100,100,54.2
2026-04-21 14:36:06.841Z,1.6556,1.6642,100,100,51.8
2026-04-21 14:36:07.649Z,1.6559,1.6647,100,100,53.0
2026-04-21 14:36:08.182Z,1.6557,1.6649,100,100,55.4
2026-04-21 14:36:09.735Z,1.6542,1.6648,100,100,63.9
2026-04-21 14:36:10.300Z,1.6554,1.6646,100,100,55.4
2026-04-21 14:36:11.125Z,1.6550,1.6650,100,100,60.2
2026-04-21 14:36:12.811Z,1.6540,1.6658,100,100,71.1
2026-04-21 14:36:13.856Z,1.6553,1.6643,100,100,54.2
2026-04-21 14:36:14.862Z,1.6559,1.6647,100,100,53.0
2026-04-21 14:36:15.858Z,1.6537,1.6655,100,100,71.1
2026-04-21 14:36:16.695Z,1.6546,1.6652,100,100,63.9
2026-04-21 14:36:17.786Z,1.6544,1.6650,100,100,63.9
2026-04-21 14:36:18.827Z,1.6542,1.6656,100,100,68.7
2026-04-21 14:36:19.246Z,1.6557,1.6639,100,100,49.4
2026-04-21 14:36:20.693Z,1.6543,1.6661,100,100,71.1
2026-04-21 14:36:21.341Z,1.6550,1.6644,100,100,56.6
2026-04-21 14:36:22.272Z,1.6538,1.6654,100,100,69.9
2026-04-21 14:36:23.152Z,1.6552,1.6648,100,100,57.8
2026-04-21 14:36:24.340Z,1.6550,1.6644,100,100,56.6
2026-04-21 14:36:25.751Z,1.6548,1.6652,100,100,62.7
2026-04-21 14:36:26.324Z,1.6555,1.6639,100,100,50.6
2026-04-21 14:36:27.055Z,1.6542,1.6662,100,100,72.3
2026-04-21 14:36:28.358Z,1.6548,1.6646,100,100,59.0
2026-04-21 14:36:29.814Z,1.6540,1.6658,100,100,71.1
2026-04-21 14:36:30.308Z,1.6548,1.6646,100,100,59.0
2026-04-21 14:36:31.287Z,1.6543,1.6651,100,100,65.1
2026-04-21 14:36:32.749Z,1.6545,1.6651,100,100,63.9
2026-04-21 14:36:33.147Z,1.6553,1.6647,100,100,56.6
2026-04-21 14:36:34.804Z,1.6549,1.6655,100,100,63.8
2026-04-21 14:36:35.788Z,1.6533,1.6657,100,100,74.7
2026-04-21 14:36:36.465Z,1.6548,1.6652,100,100,62.7
2026-04-21 14:36:37.702Z,1.6556,1.6644,100,100,53.0
2026-04-21 14:36:38.001Z,1.6550,1.6650,100,100,60.2
2026-04-21 14:36:39.284Z,1.6544,1.6646,100,100,61.5
2026-04-21 14:36:40.306Z,1.6536,1.6656,100,100,72.3
2026-04-21 14:36:41.843Z,1.6552,1.6644,100,100,55.4
2026-04-21 14:36:42.516Z,1.6555,1.6637,100,100,49.4
2026-04-21 14:36:43.581Z,1.6542,1.6658,100,100,69.9
2026-04-21 14:36:44.464Z,1.6538,1.6658,100,100,72.3
2026-04-21 14:36:45.653Z,1.6545,1.6653,100,100,65.1
2026-04-21 14:36:46.143Z,1.6546,1.6644,100,100,59.1
2026-04-21 14:36:47.459Z,1.6555,1.6639,100,100,50.6
2026-04-21 14:36:48.724Z,1.6537,1.6655,100,100,71.1
2026-04-21 14:36:49.864Z,1.6543,1.6649,100,100,63.9
2026-04-21 14:36:50.163Z,1.6554,1.6638,100,100,50.6
2026-04-21 14:36:51.191Z,1.6545,1.6645,100,100,60.3
2026-04-21 14:36:52.279Z,1.6542,1.6660,100,100,71.1
2026-04-21 14:36:53.297Z,1.6542,1.6652,100,100,66.3
2026-04-21 14:36:54.606Z,1.6546,1.6646,100,100,60.3
2026-04-21 14:36:55.418Z,1.6541,1.6659,100,100,71.1
2026-04-21 14:36:56.302Z,1.6543,1.6657,100,100,68.7
2026-04-21 14:36:57.466Z,1.6553,1.6649,100,100,57.8
2026-04-21 14:36:58.600Z,1.6552,1.6646,100,100,56.6
2026-04-21 14:36:59.691Z,1.6556,1.6642,100,100,51.8
2026-04-21 14:40:00.119Z,1.6345,1.6459,100,100,69.5
2026-04-21 14:40:01.825Z,1.6358,1.6450,100,100,56.1
2026-04-21 14:40:02.750Z,1.6360,1.6452,100,100,56.1
2026-04-21 14:40:03.581Z,1.6352,1.6468,100,100,70.7
2026-04-21 14:40:04.149Z,1.6370,1.6462,100,100,56.0
2026-04-21 14:40:05.544Z,1.6366,1.6476,100,100,67.0
2026-04-21 14:40:06.251Z,1.6368,1.6486,100,100,71.8
2026-04-21 14:40:07.707Z,1.6383,1.6487,100,100,63.3
2026-04-21 14:40:08.897Z,1.6386,1.6484,100,100,59.6
2026-04-21 14:40:09.077Z,1.6387,1.6495,100,100,65.7
2026-04-21 14:40:10.551Z,1.6406,1.6494,100,100,53.5
2026-04-21 14:40:11.111Z,1.6390,1.6504,100,100,69.3
2026-04-21 14:40:12.268Z,1.6404,1.6488,100,100,51.1
2026-04-21 14:40:13.165Z,1.6403,1.6497,100,100,57.1
2026-04-21 14:40:14.496Z,1.6400,1.6484,100,100,51.1
2026-04-21 14:40:15.037Z,1.6384,1.6490,100,100,64.5
2026-04-21 14:40:16.592Z,1.6400,1.6482,100,100,49.9
2026-04-21 14:40:17.749Z,1.6384,1.6478,100,100,57.2
2026-04-21 14:40:18.030Z,1.6384,1.6480,100,100,58.4
2026-04-21 14:40:19.322Z,1.6383,1.6475,100,100,56.0
2026-04-21 14:40:20.821Z,1.6373,1.6491,100,100,71.8
2026-04-21 14:40:21.283Z,1.6371,1.6481,100,100,67.0
2026-04-21 14:40:22.419Z,1.6365,1.6473,100,100,65.8
2026-04-21 14:40:23.066Z,1.6365,1.6463,100,100,59.7
2026-04-21 14:40:24.644Z,1.6350,1.6460,100,100,67.1
2026-04-21 14:40:25.606Z,1.6345,1.6441,100,100,58.6
2026-04-21 14:40:26.443Z,1.6332,1.6446,100,100,69.6
2026-04-21 14:40:27.691Z,1.6324,1.6426,100,100,62.3
2026-04-21 14:40:28.250Z,1.6309,1.6425,100,100,70.9
2026-04-21 14:40:29.501Z,1.6310,1.6410,100,100,61.1
2026-04-21 14:40:30.455Z,1.6300,1.6394,100,100,57.5
2026-04-21 14:40:31.727Z,1.6285,1.6389,100,100,63.7
2026-04-21 14:40:32.776Z,1.6270,1.6386,100,100,71.0
2026-04-21 14:40:33.741Z,1.6279,1.6373,100,100,57.6
2026-04-21 14:40:34.033Z,1.6255,1.6379,100,100,76.0
2026-04-21 14:40:35.008Z,1.6256,1.6362,100,100,65.0
2026-04-21 14:40:36.161Z,1.6251,1.6363,100,100,68.7
2026-04-21 14:40:37.504Z,1.6250,1.6348,100,100,60.1
2026-04-21 14:40:38.790Z,1.6258,1.6344,100,100,52.8
2026-04-21 14:40:39.100Z,1.6254,1.6346,100,100,56.4
2026-04-21 14:40:40.576Z,1.6241,1.6359,100,100,72.4
2026-04-21 14:40:41.011Z,1.6254,1.6360,100,100,65.0
2026-04-21 14:40:42.110Z,1.6248,1.6368,100,100,73.6
2026-04-21 14:40:43.384Z,1.6262,1.6346,100,100,51.5
2026-04-21 14:40:44.733Z,1.6258,1.6358,100,100,61.3
2026-04-21 14:40:45.088Z,1.6263,1.6367,100,100,63.7
2026-04-21 14:40:46.629Z,1.6266,1.6364,100,100,60.1
2026-04-21 14:40:47.230Z,1.6261,1.6367,100,100,65.0
2026-04-21 14:40:48.091Z,1.6259,1.6371,100,100,68.6
2026-04-21 14:40:49.055Z,1.6255,1.6371,100,100,71.1
2026-04-21 14:40:50.236Z,1.6265,1.6351,100,100,52.7
2026-04-21 14:40:51.424Z,1.6248,1.6368,100,100,73.6
2026-04-21 14:40:52.436Z,1.6264,1.6354,100,100,55.2
2026-04-21 14:40:53.226Z,1.6260,1.6358,100,100,60.1
2026-04-21 14:40:54.671Z,1.6252,1.6362,100,100,67.5
2026-04-21 14:40:55.865Z,1.6249,1.6353,100,100,63.8
2026-04-21 14:40:56.076Z,1.6248,1.6348,100,100,61.4
2026-04-21 14:40:57.626Z,1.6246,1.6358,100,100,68.7
2026-04-21 14:40:58.313Z,1.6254,1.6340,100,100,52.8
2026-04-21 14:40:59.216Z,1.6239,1.6361,100,100,74.8
2026-04-21 14:43:00.838Z,1.6440,1.6560,100,100,72.7
2026-04-21 14:43:01.073Z,1.6444,1.6560,100,100,70.3
2026-04-21 14:43:02.003Z,1.6446,1.6550,100,100,63.0
2026-04-21 14:43:03.857Z,1.6440,1.6560,100,100,72.7
2026-04-21 14:43:04.639Z,1.6455,1.6545,100,100,54.5
2026-04-21 14:43:05.744Z,1.6446,1.6554,100,100,65.5
2026-04-21 14:43:06.852Z,1.6444,1.6550,100,100,64.3
2026-04-21 14:43:07.807Z,1.6453,1.6553,100,100,60.6
2026-04-21 14:43:08.768Z,1.6438,1.6554,100,100,70.3
2026-04-21 14:43:09.499Z,1.6446,1.6552,100,100,64.2
2026-04-21 14:43:10.222Z,1.6452,1.6544,100,100,55.8
2026-04-21 14:43:11.002Z,1.6455,1.6549,100,100,57.0
2026-04-21 14:43:12.636Z,1.6446,1.6552,100,100,64.2
2026-04-21 14:43:13.552Z,1.6446,1.6546,100,100,60.6
2026-04-21 14:43:14.129Z,1.6446,1.6560,100,100,69.1
2026-04-21 14:43:15.361Z,1.6446,1.6554,100,100,65.5
2026-04-21 14:43:16.117Z,1.6443,1.6551,100,100,65.5
2026-04-21 14:43:17.814Z,1.6444,1.6556,100,100,67.9
2026-04-21 14:43:18.750Z,1.6449,1.6551,100,100,61.8
2026-04-21 14:43:19.477Z,1.6446,1.6552,100,100,64.2
2026-04-21 14:43:20.373Z,1.6452,1.6546,100,100,57.0
2026-04-21 14:43:21.422Z,1.6450,1.6558,100,100,65.4
2026-04-21 14:43:22.847Z,1.6450,1.6550,100,100,60.6
2026-04-21 14:43:23.308Z,1.6442,1.6560,100,100,71.5
2026-04-21 14:43:24.734Z,1.6445,1.6555,100,100,66.7
2026-04-21 14:43:25.416Z,1.6444,1.6560,100,100,70.3
2026-04-21 14:43:26.782Z,1.6442,1.6558,100,100,70.3
2026-04-21 14:43:27.017Z,1.6459,1.6545,100,100,52.1
2026-04-21 14:43:28.740Z,1.6458,1.6546,100,100,53.3
2026-04-21 14:43:29.797Z,1.6456,1.6548,100,100,55.8
2026-04-21 14:43:30.046Z,1.6437,1.6559,100,100,73.9
2026-04-21 14:43:31.521Z,1.6450,1.6558,100,100,65.4
2026-04-21 14:43:32.477Z,1.6443,1.6555,100,100,67.9
2026-04-21 14:43:33.369Z,1.6448,1.6556,100,100,65.4
2026-04-21 14:43:34.260Z,1.6443,1.6561,100,100,71.5
2026-04-21 14:43:35.362Z,1.6459,1.6543,100,100,50.9
2026-04-21 14:43:36.141Z,1.6449,1.6549,100,100,60.6
2026-04-21 14:43:37.668Z,1.6458,1.6544,100,100,52.1
2026-04-21 14:43:38.595Z,1.6436,1.6556,100,100,72.7
2026-04-21 14:43:39.808Z,1.6455,1.6541,100,100,52.1
2026-04-21 14:43:40.445Z,1.6455,1.6545,100,100,54.5
2026-04-21 14:43:41.272Z,1.6439,1.6557,100,100,71.5
2026-04-21 14:43:42.418Z,1.6446,1.6554,100,100,65.5
2026-04-21 14:43:43.560Z,1.6461,1.6545,100,100,50.9
2026-04-21 14:43:44.435Z,1.6451,1.6543,100,100,55.8
2026-04-21 14:43:45.204Z,1.6445,1.6553,100,100,65.5
2026-04-21 14:43:46.391Z,1.6459,1.6541,100,100,49.7
2026-04-21 14:43:47.595Z,1.6443,1.6553,100,100,66.7
2026-04-21 14:43:48.682Z,1.6450,1.6558,100,100,65.4
2026-04-21 14:43:49.306Z,1.6450,1.6550,100,100,60.6
2026-04-21 14:43:50.168Z,1.6447,1.6555,100,100,65.5
2026-04-21 14:43:51.217Z,1.6440,1.6552,100,100,67.9
2026-04-21 14:43:52.002Z,1.6459,1.6543,100,100,50.9
2026-04-21 14:43:53.799Z,1.6454,1.6540,100,100,52.1
2026-04-21 14:43:54.478Z,1.6448,1.6548,100,100,60.6
2026-04-21 14:43:55.239Z,1.6453,1.6555,100,100,61.8
2026-04-21 14:43:56.249Z,1.6442,1.6558,100,100,70.3
2026-04-21 14:43:57.325Z,1.6455,1.6539,100,100,50.9
2026-04-21 14:43:58.057Z,1.6455,1.6543,100,100,53.3
2026-04-21 14:43:59.759Z,1.6440,1.6560,100,100,72.7
2026-04-21 14:45:00.627Z,1.6447,1.6553,100,100,64.2
2026-04-21 14:45:01.594Z,1.6442,1.6558,100,100,70.3
2026-04-21 14:45:02.373Z,1.6446,1.6554,100,100,65.5
2026-04-21 14:45:03.211Z,1.6450,1.6558,100,100,65.4
2026-04-21 14:45:04.013Z,1.6455,1.6551,100,100,58.2
2026-04-21 14:45:05.053Z,1.6453,1.6539,100,100,52.1
2026-04-21 14:45:06.807Z,1.6444,1.6554,100,100,66.7
2026-04-21 14:45:07.823Z,1.6452,1.6546,100,100,57.0
2026-04-21 14:45:08.103Z,1.6446,1.6546,100,100,60.6
2026-04-21 14:45:09.020Z,1.6452,1.6542,100,100,54.6
2026-04-21 14:45:10.272Z,1.6452,1.6546,100,100,57.0
2026-04-21 14:45:11.751Z,1.6447,1.6555,100,100,65.5
2026-04-21 14:45:12.673Z,1.6435,1.6557,100,100,74.0
2026-04-21 14:45:13.318Z,1.6460,1.6546,100,100,52.1
2026-04-21 14:45:14.619Z,1.6453,1.6545,100,100,55.8
2026-04-21 14:45:15.244Z,1.6442,1.6554,100,100,67.9
2026-04-21 14:45:16.232Z,1.6438,1.6558,100,100,72.7
2026-04-21 14:45:17.768Z,1.6446,1.6562,100,100,70.3
2026-04-21 14:45:18.835Z,1.6449,1.6553,100,100,63.0
2026-04-21 14:45:19.662Z,1.6449,1.6545,100,100,58.2
2026-04-21 14:45:20.126Z,1.6456,1.6538,100,100,49.7
2026-04-21 14:45:21.649Z,1.6446,1.6552,100,100,64.2
2026-04-21 14:45:22.750Z,1.6444,1.6562,100,100,71.5
2026-04-21 14:45:23.049Z,1.6455,1.6551,100,100,58.2
2026-04-21 14:45:24.279Z,1.6449,1.6551,100,100,61.8
2026-04-21 14:45:25.328Z,1.6458,1.6544,100,100,52.1
2026-04-21 14:45:26.134Z,1.6453,1.6543,100,100,54.6
2026-04-21 14:45:27.067Z,1.6457,1.6549,100,100,55.7
2026-04-21 14:45:28.288Z,1.6454,1.6548,100,100,57.0
2026-04-21 14:45:29.640Z,1.6440,1.6558,100,100,71.5
2026-04-21 14:45:30.491Z,1.6441,1.6557,100,100,70.3
2026-04-21 14:45:31.027Z,1.6441,1.6559,100,100,71.5
2026-04-21 14:45:32.464Z,1.6456,1.6542,100,100,52.1
2026-04-21 14:45:33.252Z,1.6454,1.6548,100,100,57.0
2026-04-21 14:45:34.642Z,1.6451,1.6551,100,100,60.6
2026-04-21 14:45:35.469Z,1.6455,1.6541,100,100,52.1
2026-04-21 14:45:36.483Z,1.6438,1.6556,100,100,71.5
2026-04-21 14:45:37.085Z,1.6455,1.6545,100,100,54.5
2026-04-21 14:45:38.724Z,1.6450,1.6546,100,100,58.2
2026-04-21 14:45:39.187Z,1.6439,1.6553,100,100,69.1
2026-04-21 14:45:40.854Z,1.6448,1.6546,100,100,59.4
2026-04-21 14:45:41.482Z,1.6455,1.6547,100,100,55.8
2026-04-21 14:45:42.728Z,1.6440,1.6560,100,100,72.7
2026-04-21 14:45:43.788Z,1.6453,1.6545,100,100,55.8
2026-04-21 14:45:44.538Z,1.6437,1.6557,100,100,72.7
2026-04-21 14:45:45.338Z,1.6447,1.6549,100,100,61.8
2026-04-21 14:45:46.234Z,1.6457,1.6551,100,100,57.0
2026-04-21 14:45:47.266Z,1.6456,1.6552,100,100,58.2
2026-04-21 14:45:48.892Z,1.6447,1.6545,100,100,59.4
2026-04-21 14:45:49.741Z,1.6438,1.6558,100,100,72.7
2026-04-21 14:45:50.327Z,1.6452,1.6540,100,100,53.3
2026-04-21 14:45:51.228Z,1.6445,1.6555,100,100,66.7
2026-04-21 14:45:52.579Z,1.6460,1.6542,100,100,49.7
2026-04-21 14:45:53.451Z,1.6458,1.6544,100,100,52.1
2026-04-21 14:45:54.393Z,1.6448,1.6548,100,100,60.6
2026-04-21 14:45:55.262Z,1.6461,1.6545,100,100,50.9
2026-04-21 14:45:56.344Z,1.6456,1.6540,100,100,50.9
2026-04-21 14:45:57.728Z,1.6453,1.6549,100,100,58.2
2026-04-21 14:45:58.264Z,1.6454,1.6540,100,100,52.1
2026-04-21 14:45:59.175Z,1.6450,1.6550,100,100,60.6
2026-04-21 14:46:00.021Z,1.6446,1.6554,100,100,65.5
2026-04-21 14:46:01.036Z,1.6458,1.6546,100,100,53.3
2026-04-21 14:46:02.043Z,1.6454,1.6544,100,100,54.5
2026-04-21 14:46:03.814Z,1.6444,1.6554,100,100,66.7
2026-04-21 14:46:04.212Z,1.6448,1.6546,100,100,59.4
2026-04-21 14:46:05.241Z,1.6440,1.6556,100,100,70.3
2026-04-21 14:46:06.129Z,1.6458,1.6546,100,100,53.3
2026-04-21 14:46:07.418Z,1.6455,1.6543,100,100,53.3
2026-04-21 14:46:08.316Z,1.6454,1.6538,100,100,50.9
2026-04-21 14:46:09.401Z,1.6453,1.6539,100,100,52.1
2026-04-21 14:46:10.074Z,1.6453,1.6545,100,100,55.8
2026-04-21 14:46:11.243Z,1.6437,1.6557,100,100,72.7
2026-04-21 14:46:12.280Z,1.6450,1.6550,100,100,60.6
2026-04-21 14:46:13.029Z,1.6447,1.6555,100,100,65.5
2026-04-21 14:46:14.397Z,1.6439,1.6559,100,100,72.7
2026-04-21 14:46:15.038Z,1.6449,1.6553,100,100,63.0
2026-04-21 14:46:16.172Z,1.6451,1.6557,100,100,64.2
2026-04-21 14:46:17.646Z,1.6455,1.6549,100,100,57.0
2026-04-21 14:46:18.871Z,1.6455,1.6549,100,100,57.0
2026-04-21 14:46:19.430Z,1.6451,1.6549,100,100,59.4
2026-04-21 14:46:20.404Z,1.6445,1.6555,100,100,66.7
2026-04-21 14:46:21.829Z,1.6452,1.6556,100,100,63.0
2026-04-21 14:46:22.561Z,1.6447,1.6549,100,100,61.8
2026-04-21 14:46:23.336Z,1.6446,1.6550,100,100,63.0
2026-04-21 14:46:24.739Z,1.6459,1.6547,100,100,53.3
2026-04-21 14:46:25.572Z,1.6449,1.6557,100,100,65.4
2026-04-21 14:46:26.369Z,1.6447,1.6549,100,100,61.8
2026-04-21 14:46:27.591Z,1.6446,1.6548,100,100,61.8
2026-04-21 14:46:28.354Z,1.6448,1.6548,100,100,60.6
2026-04-21 14:46:29.057Z,1.6439,1.6553,100,100,69.1
2026-04-21 14:46:30.846Z,1.6442,1.6558,100,100,70.3
2026-04-21 14:46:31.037Z,1.6443,1.6555,100,100,67.9
2026-04-21 14:46:32.489Z,1.6437,1.6555,100,100,71.5
2026-04-21 14:46:33.652Z,1.6454,1.6538,100,100,50.9
2026-04-21 14:46:34.406Z,1.6448,1.6552,100,100,63.0
2026-04-21 14:46:35.224Z,1.6447,1.6547,100,100,60.6
2026-04-21 14:46:36.350Z,1.6450,1.6558,100,100,65.4
2026-04-21 14:46:37.789Z,1.6447,1.6551,100,100,63.0
2026-04-21 14:46:38.877Z,1.6445,1.6555,100,100,66.7
2026-04-21 14:46:39.392Z,1.6453,1.6549,100,100,58.2
2026-04-21 14:46:40.623Z,1.6445,1.6555,100,100,66.7
2026-04-21 14:46:41.647Z,1.6455,1.6541,100,100,52.1
2026-04-21 14:46:42.060Z,1.6448,1.6548,100,100,60.6
2026-04-21 14:46:43.817Z,1.6452,1.6554,100,100,61.8
2026-04-21 14:46:44.074Z,1.6442,1.6558,100,100,70.3
2026-04-21 14:46:45.734Z,1.6457,1.6541,100,100,50.9
2026-04-21 14:46:46.122Z,1.6441,1.6559,100,100,71.5
2026-04-21 14:46:47.731Z,1.6447,1.6559,100,100,67.9
2026-04-21 14:46:48.065Z,1.6462,1.6544,100,100,49.7
2026-04-21 14:46:49.775Z,1.6457,1.6545,100,100,53.3
2026-04-21 14:46:50.215Z,1.6458,1.6544,100,100,52.1
2026-04-21 14:46:51.875Z,1.6446,1.6556,100,100,66.7
2026-04-21 14:46:52.795Z,1.6460,1.6548,100,100,53.3
2026-04-21 14:46:53.031Z,1.6445,1.6563,100,100,71.5
2026-04-21 14:46:54.072Z,1.6447,1.6555,100,100,65.5
2026-04-21 14:46:55.352Z,1.6439,1.6559,100,100,72.7
2026-04-21 14:46:56.806Z,1.6443,1.6565,100,100,73.9
2026-04-21 14:46:57.383Z,1.6437,1.6557,100,100,72.7
2026-04-21 14:46:58.893Z,1.6457,1.6547,100,100,54.5
2026-04-21 14:46:59.208Z,1.6454,1.6546,100,100,55.8
2026-04-21 14:48:00.699Z,1.6349,1.6451,100,100,62.2
2026-04-21 14:48:01.568Z,1.6340,1.6452,100,100,68.3
2026-04-21 14:48:02.334Z,1.6346,1.6458,100,100,68.3
2026-04-21 14:48:03.247Z,1.6347,1.6455,100,100,65.8
2026-04-21 14:48:04.098Z,1.6351,1.6443,100,100,56.1
2026-04-21 14:48:05.155Z,1.6339,1.6457,100,100,72.0
2026-04-21 14:48:06.213Z,1.6346,1.6460,100,100,69.5
2026-04-21 14:48:07.254Z,1.6344,1.6464,100,100,73.2
2026-04-21 14:48:08.633Z,1.6354,1.6440,100,100,52.4
2026-04-21 14:48:09.641Z,1.6356,1.6442,100,100,52.4
2026-04-21 14:48:10.510Z,1.6356,1.6446,100,100,54.9
2026-04-21 14:48:11.043Z,1.6347,1.6451,100,100,63.4
2026-04-21 14:48:12.140Z,1.6348,1.6452,100,100,63.4
2026-04-21 14:48:13.896Z,1.6347,1.6445,100,100,59.8
2026-04-21 14:48:14.709Z,1.6341,1.6451,100,100,67.1
2026-04-21 14:48:15.820Z,1.6355,1.6449,100,100,57.3
2026-04-21 14:48:16.331Z,1.6352,1.6442,100,100,54.9
2026-04-21 14:48:17.491Z,1.6356,1.6440,100,100,51.2
2026-04-21 14:48:18.587Z,1.6340,1.6452,100,100,68.3
2026-04-21 14:48:19.141Z,1.6344,1.6456,100,100,68.3
2026-04-21 14:48:20.529Z,1.6347,1.6445,100,100,59.8
2026-04-21 14:48:21.359Z,1.6341,1.6459,100,100,72.0
2026-04-21 14:48:22.698Z,1.6355,1.6447,100,100,56.1
2026-04-21 14:48:23.800Z,1.6356,1.6440,100,100,51.2
2026-04-21 14:48:24.519Z,1.6348,1.6448,100,100,61.0
2026-04-21 14:48:25.075Z,1.6343,1.6457,100,100,69.5
2026-04-21 14:48:26.506Z,1.6337,1.6457,100,100,73.2
2026-04-21 14:48:27.022Z,1.6355,1.6451,100,100,58.5
2026-04-21 14:48:28.543Z,1.6354,1.6452,100,100,59.7
2026-04-21 14:48:29.112Z,1.6336,1.6458,100,100,74.4
2026-04-21 14:48:30.668Z,1.6355,1.6441,100,100,52.4
2026-04-21 14:48:31.760Z,1.6349,1.6443,100,100,57.3
2026-04-21 14:48:32.658Z,1.6349,1.6453,100,100,63.4
2026-04-21 14:48:33.646Z,1.6348,1.6456,100,100,65.8
2026-04-21 14:48:34.668Z,1.6353,1.6445,100,100,56.1
2026-04-21 14:48:35.725Z,1.6338,1.6458,100,100,73.2
2026-04-21 14:48:36.509Z,1.6341,1.6463,100,100,74.4
2026-04-21 14:48:37.583Z,1.6338,1.6456,100,100,72.0
2026-04-21 14:48:38.255Z,1.6339,1.6455,100,100,70.7
2026-04-21 14:48:39.073Z,1.6348,1.6446,100,100,59.8
2026-04-21 14:48:40.063Z,1.6350,1.6448,100,100,59.8
2026-04-21 14:48:41.548Z,1.6347,1.6459,100,100,68.3
2026-04-21 14:48:42.397Z,1.6357,1.6445,100,100,53.7
2026-04-21 14:48:43.196Z,1.6346,1.6450,100,100,63.4
2026-04-21 14:48:44.854Z,1.6341,1.6453,100,100,68.3
2026-04-21 14:48:45.685Z,1.6355,1.6451,100,100,58.5
2026-04-21 14:48:46.509Z,1.6361,1.6447,100,100,52.4
2026-04-21 14:48:47.891Z,1.6359,1.6445,100,100,52.4
2026-04-21 14:48:48.752Z,1.6353,1.6445,100,100,56.1
2026-04-21 14:48:49.464Z,1.6358,1.6450,100,100,56.1
2026-04-21 14:48:50.245Z,1.6353,1.6443,100,100,54.9
2026-04-21 14:48:51.820Z,1.6360,1.6444,100,100,51.2
2026-04-21 14:48:52.129Z,1.6356,1.6448,100,100,56.1
2026-04-21 14:48:53.477Z,1.6342,1.6460,100,100,71.9
2026-04-21 14:48:54.762Z,1.6360,1.6442,100,100,50.0
2026-04-21 14:48:55.625Z,1.6343,1.6459,100,100,70.7
2026-04-21 14:48:56.272Z,1.6352,1.6456,100,100,63.4
2026-04-21 14:48:57.303Z,1.6361,1.6443,100,100,50.0
2026-04-21 14:48:58.460Z,1.6340,1.6456,100,100,70.7
2026-04-21 14:48:59.264Z,1.6354,1.6446,100,100,56.1
2026-04-21 14:50:00.425Z,1.6357,1.6441,100,100,51.2
2026-04-21 14:50:01.205Z,1.6340,1.6452,100,100,68.3
2026-04-21 14:50:02.135Z,1.6336,1.6454,100,100,72.0
2026-04-21 14:50:03.319Z,1.6354,1.6436,100,100,50.0
2026-04-21 14:50:04.604Z,1.6344,1.6450,100,100,64.6
2026-04-21 14:50:05.046Z,1.6340,1.6460,100,100,73.2
2026-04-21 14:50:06.466Z,1.6343,1.6459,100,100,70.7
2026-04-21 14:50:07.337Z,1.6352,1.6448,100,100,58.5
2026-04-21 14:50:08.559Z,1.6357,1.6441,100,100,51.2
2026-04-21 14:50:09.187Z,1.6351,1.6445,100,100,57.3
2026-04-21 14:50:10.686Z,1.6344,1.6456,100,100,68.3
2026-04-21 14:50:11.346Z,1.6350,1.6456,100,100,64.6
2026-04-21 14:50:12.133Z,1.6347,1.6455,100,100,65.8
2026-04-21 14:50:13.148Z,1.6341,1.6451,100,100,67.1
2026-04-21 14:50:14.351Z,1.6342,1.6452,100,100,67.1
2026-04-21 14:50:15.050Z,1.6356,1.6450,100,100,57.3
2026-04-21 14:50:16.097Z,1.6348,1.6454,100,100,64.6
2026-04-21 14:50:17.559Z,1.6341,1.6455,100,100,69.5
2026-04-21 14:50:18.239Z,1.6353,1.6439,100,100,52.5
2026-04-21 14:50:19.563Z,1.6341,1.6451,100,100,67.1
2026-04-21 14:50:20.199Z,1.6344,1.6454,100,100,67.1
2026-04-21 14:50:21.756Z,1.6348,1.6450,100,100,62.2
2026-04-21 14:50:22.325Z,1.6351,1.6453,100,100,62.2
2026-04-21 14:50:23.367Z,1.6349,1.6447,100,100,59.8
2026-04-21 14:50:24.343Z,1.6350,1.6452,100,100,62.2
2026-04-21 14:50:25.492Z,1.6340,1.6458,100,100,72.0
2026-04-21 14:50:26.340Z,1.6343,1.6451,100,100,65.9
2026-04-21 14:50:27.235Z,1.6353,1.6451,100,100,59.7
2026-04-21 14:50:28.580Z,1.6344,1.6450,100,100,64.6
2026-04-21 14:50:29.077Z,1.6341,1.6449,100,100,65.9
2026-04-21 14:50:30.868Z,1.6348,1.6448,100,100,61.0
2026-04-21 14:50:31.845Z,1.6349,1.6453,100,100,63.4
2026-04-21 14:50:32.772Z,1.6348,1.6448,100,100,61.0
2026-04-21 14:50:33.552Z,1.6340,1.6458,100,100,72.0
2026-04-21 14:50:34.519Z,1.6340,1.6450,100,100,67.1
2026-04-21 14:50:35.114Z,1.6349,1.6449,100,100,61.0
2026-04-21 14:50:36.867Z,1.6355,1.6449,100,100,57.3
2026-04-21 14:50:37.874Z,1.6351,1.6441,100,100,54.9
2026-04-21 14:50:38.002Z,1.6342,1.6450,100,100,65.9
2026-04-21 14:50:39.018Z,1.6337,1.6457,100,100,73.2
2026-04-21 14:50:40.098Z,1.6353,1.6451,100,100,59.7
2026-04-21 14:50:41.636Z,1.6349,1.6455,100,100,64.6
2026-04-21 14:50:42.264Z,1.6345,1.6451,100,100,64.6
2026-04-21 14:50:43.323Z,1.6341,1.6451,100,100,67.1
2026-04-21 14:50:44.097Z,1.6347,1.6455,100,100,65.8
2026-04-21 14:50:45.369Z,1.6350,1.6454,100,100,63.4
2026-04-21 14:50:46.724Z,1.6349,1.6445,100,100,58.5
2026-04-21 14:50:47.894Z,1.6347,1.6443,100,100,58.6
2026-04-21 14:50:48.436Z,1.6344,1.6456,100,100,68.3
2026-04-21 14:50:49.520Z,1.6343,1.6453,100,100,67.1
2026-04-21 14:50:50.823Z,1.6350,1.6448,100,100,59.8
2026-04-21 14:50:51.689Z,1.6350,1.6454,100,100,63.4
2026-04-21 14:50:52.519Z,1.6349,1.6453,100,100,63.4
2026-04-21 14:50:53.449Z,1.6350,1.6440,100,100,54.9
2026-04-21 14:50:54.337Z,1.6339,1.6457,100,100,72.0
2026-04-21 14:50:55.244Z,1.6349,1.6445,100,100,58.5
2026-04-21 14:50:56.819Z,1.6345,1.6449,100,100,63.4
2026-04-21 14:50:57.493Z,1.6359,1.6441,100,100,50.0
2026-04-21 14:50:58.350Z,1.6336,1.6458,100,100,74.4
2026-04-21 14:50:59.367Z,1.6340,1.6458,100,100,72.0
2026-04-21 15:01:00.129Z,1.6150,1.6250,100,100,61.7
2026-04-21 15:01:01.193Z,1.6145,1.6253,100,100,66.7
2026-04-21 15:01:02.533Z,1.6151,1.6251,100,100,61.7
2026-04-21 15:01:03.266Z,1.6146,1.6252,100,100,65.4
2026-04-21 15:01:04.149Z,1.6154,1.6244,100,100,55.6
2026-04-21 15:01:05.116Z,1.6142,1.6260,100,100,72.8
2026-04-21 15:01:06.322Z,1.6153,1.6243,100,100,55.6
2026-04-21 15:01:07.539Z,1.6141,1.6263,100,100,75.3
2026-04-21 15:01:08.079Z,1.6147,1.6249,100,100,63.0
2026-04-21 15:01:09.849Z,1.6143,1.6259,100,100,71.6
2026-04-21 15:01:10.449Z,1.6157,1.6239,100,100,50.6
2026-04-21 15:01:11.824Z,1.6158,1.6240,100,100,50.6
2026-04-21 15:01:12.523Z,1.6143,1.6259,100,100,71.6
2026-04-21 15:01:13.271Z,1.6150,1.6246,100,100,59.3
2026-04-21 15:01:14.221Z,1.6148,1.6248,100,100,61.7
2026-04-21 15:01:15.670Z,1.6141,1.6261,100,100,74.1
2026-04-21 15:01:16.198Z,1.6148,1.6260,100,100,69.1
2026-04-21 15:01:17.312Z,1.6146,1.6254,100,100,66.7
2026-04-21 15:01:18.823Z,1.6149,1.6245,100,100,59.3
2026-04-21 15:01:19.176Z,1.6155,1.6247,100,100,56.8
2026-04-21 15:01:20.819Z,1.6140,1.6260,100,100,74.1
2026-04-21 15:01:21.116Z,1.6147,1.6251,100,100,64.2
2026-04-21 15:01:22.263Z,1.6154,1.6246,100,100,56.8
2026-04-21 15:01:23.731Z,1.6159,1.6245,100,100,53.1
2026-04-21 15:01:24.610Z,1.6146,1.6250,100,100,64.2
2026-04-21 15:01:25.365Z,1.6158,1.6242,100,100,51.9
2026-04-21 15:01:26.330Z,1.6145,1.6253,100,100,66.7
2026-04-21 15:01:27.737Z,1.6142,1.6258,100,100,71.6
2026-04-21 15:01:28.878Z,1.6156,1.6250,100,100,58.0
2026-04-21 15:01:29.487Z,1.6152,1.6242,100,100,55.6
2026-04-21 15:01:30.025Z,1.6144,1.6252,100,100,66.7
2026-04-21 15:01:31.386Z,1.6141,1.6259,100,100,72.8
2026-04-21 15:01:32.767Z,1.6147,1.6261,100,100,70.4
2026-04-21 15:01:33.223Z,1.6140,1.6260,100,100,74.1
2026-04-21 15:01:34.753Z,1.6160,1.6244,100,100,51.8
2026-04-21 15:01:35.074Z,1.6157,1.6247,100,100,55.5
2026-04-21 15:01:36.106Z,1.6158,1.6240,100,100,50.6
2026-04-21 15:01:37.277Z,1.6145,1.6257,100,100,69.1
2026-04-21 15:01:38.011Z,1.6141,1.6259,100,100,72.8
2026-04-21 15:01:39.159Z,1.6143,1.6261,100,100,72.8
2026-04-21 15:01:40.869Z,1.6147,1.6251,100,100,64.2
2026-04-21 15:01:41.142Z,1.6158,1.6246,100,100,54.3
2026-04-21 15:01:42.161Z,1.6141,1.6259,100,100,72.8
2026-04-21 15:01:43.706Z,1.6138,1.6256,100,100,72.9
2026-04-21 15:01:44.177Z,1.6149,1.6253,100,100,64.2
2026-04-21 15:01:45.091Z,1.6148,1.6248,100,100,61.7
2026-04-21 15:01:46.886Z,1.6152,1.6256,100,100,64.2
2026-04-21 15:01:47.192Z,1.6154,1.6254,100,100,61.7
2026-04-21 15:01:48.755Z,1.6144,1.6250,100,100,65.4
2026-04-21 15:01:49.395Z,1.6151,1.6243,100,100,56.8
2026-04-21 15:01:50.238Z,1.6148,1.6246,100,100,60.5
2026-04-21 15:01:51.298Z,1.6137,1.6255,100,100,72.9
2026-04-21 15:01:52.545Z,1.6151,1.6245,100,100,58.0
2026-04-21 15:01:53.482Z,1.6140,1.6260,100,100,74.1
2026-04-21 15:01:54.593Z,1.6143,1.6251,100,100,66.7
2026-04-21 15:01:55.157Z,1.6149,1.6243,100,100,58.0
2026-04-21 15:01:56.097Z,1.6140,1.6258,100,100,72.8
2026-04-21 15:01:57.774Z,1.6149,1.6251,100,100,63.0
2026-04-21 15:01:58.255Z,1.6138,1.6256,100,100,72.9
2026-04-21 15:01:59.186Z,1.6149,1.6251,100,100,63.0
2026-04-21 15:05:00.403Z,1.6056,1.6146,100,100,55.9
2026-04-21 15:05:01.777Z,1.6043,1.6163,100,100,74.5
2026-04-21 15:05:02.868Z,1.6056,1.6152,100,100,59.6
2026-04-21 15:05:03.603Z,1.6047,1.6151,100,100,64.6
2026-04-21 15:05:04.355Z,1.6060,1.6148,100,100,54.6
2026-04-21 15:05:05.051Z,1.6050,1.6154,100,100,64.6
2026-04-21 15:05:06.481Z,1.6047,1.6147,100,100,62.1
2026-04-21 15:05:07.077Z,1.6059,1.6149,100,100,55.9
2026-04-21 15:05:08.179Z,1.6058,1.6142,100,100,52.2
2026-04-21 15:05:09.819Z,1.6044,1.6158,100,100,70.8
2026-04-21 15:05:10.729Z,1.6059,1.6143,100,100,52.2
2026-04-21 15:05:11.693Z,1.6057,1.6141,100,100,52.2
2026-04-21 15:05:12.316Z,1.6047,1.6157,100,100,68.3
2026-04-21 15:05:13.167Z,1.6053,1.6153,100,100,62.1
2026-04-21 15:05:14.522Z,1.6059,1.6143,100,100,52.2
2026-04-21 15:05:15.050Z,1.6046,1.6154,100,100,67.1
2026-04-21 15:05:16.725Z,1.6046,1.6154,100,100,67.1
2026-04-21 15:05:17.287Z,1.6055,1.6147,100,100,57.1
2026-04-21 15:05:18.877Z,1.6041,1.6155,100,100,70.8
2026-04-21 15:05:19.335Z,1.6053,1.6145,100,100,57.1
2026-04-21 15:05:20.074Z,1.6054,1.6144,100,100,55.9
2026-04-21 15:05:21.460Z,1.6043,1.6153,100,100,68.3
2026-04-21 15:05:22.633Z,1.6044,1.6164,100,100,74.5
2026-04-21 15:05:23.532Z,1.6057,1.6149,100,100,57.1
2026-04-21 15:05:24.547Z,1.6041,1.6161,100,100,74.5
2026-04-21 15:05:25.893Z,1.6053,1.6145,100,100,57.1
2026-04-21 15:05:26.307Z,1.6049,1.6151,100,100,63.4
2026-04-21 15:05:27.016Z,1.6055,1.6149,100,100,58.4
2026-04-21 15:05:28.415Z,1.6052,1.6148,100,100,59.6
2026-04-21 15:05:29.163Z,1.6047,1.6151,100,100,64.6
2026-04-21 15:05:30.752Z,1.6058,1.6146,100,100,54.7
2026-04-21 15:05:31.620Z,1.6044,1.6148,100,100,64.6
2026-04-21 15:05:32.857Z,1.6050,1.6150,100,100,62.1
2026-04-21 15:05:33.700Z,1.6042,1.6152,100,100,68.3
2026-04-21 15:05:34.675Z,1.6055,1.6145,100,100,55.9
2026-04-21 15:05:35.438Z,1.6040,1.6158,100,100,73.3
2026-04-21 15:05:36.103Z,1.6052,1.6148,100,100,59.6
2026-04-21 15:05:37.153Z,1.6055,1.6143,100,100,54.7
2026-04-21 15:05:38.463Z,1.6054,1.6150,100,100,59.6
2026-04-21 15:05:39.225Z,1.6057,1.6141,100,100,52.2
2026-04-21 15:05:40.141Z,1.6046,1.6162,100,100,72.0
2026-04-21 15:05:41.362Z,1.6050,1.6154,100,100,64.6
2026-04-21 15:05:42.348Z,1.6055,1.6151,100,100,59.6
2026-04-21 15:05:43.868Z,1.6050,1.6142,100,100,57.2
2026-04-21 15:05:44.827Z,1.6052,1.6148,100,100,59.6
2026-04-21 15:05:45.802Z,1.6056,1.6140,100,100,52.2
2026-04-21 15:05:46.002Z,1.6054,1.6154,100,100,62.1
2026-04-21 15:05:47.157Z,1.6052,1.6142,100,100,55.9
2026-04-21 15:05:48.730Z,1.6050,1.6144,100,100,58.4
2026-04-21 15:05:49.605Z,1.6051,1.6155,100,100,64.6
2026-04-21 15:05:50.783Z,1.6047,1.6147,100,100,62.1
2026-04-21 15:05:51.016Z,1.6047,1.6155,100,100,67.1
2026-04-21 15:05:52.056Z,1.6051,1.6149,100,100,60.9
2026-04-21 15:05:53.681Z,1.6053,1.6153,100,100,62.1
2026-04-21 15:05:54.086Z,1.6047,1.6157,100,100,68.3
2026-04-21 15:05:55.140Z,1.6044,1.6158,100,100,70.8
2026-04-21 15:05:56.035Z,1.6056,1.6140,100,100,52.2
2026-04-21 15:05:57.748Z,1.6048,1.6152,100,100,64.6
2026-04-21 15:05:58.506Z,1.6053,1.6155,100,100,63.3
2026-04-21 15:05:59.313Z,1.6050,1.6150,100,100,62.1
2026-04-21 15:14:00.543Z,1.6456,1.6544,100,100,53.3
2026-04-21 15:14:01.896Z,1.6443,1.6563,100,100,72.7
2026-04-21 15:14:02.610Z,1.6441,1.6553,100,100,67.9
2026-04-21 15:14:03.616Z,1.6446,1.6560,100,100,69.1
2026-04-21 15:14:04.101Z,1.6447,1.6561,100,100,69.1
2026-04-21 15:14:05.081Z,1.6441,1.6559,100,100,71.5
2026-04-21 15:14:06.619Z,1.6456,1.6538,100,100,49.7
2026-04-21 15:14:07.204Z,1.6457,1.6539,100,100,49.7
2026-04-21 15:14:08.081Z,1.6454,1.6550,100,100,58.2
2026-04-21 15:14:09.762Z,1.6446,1.6560,100,100,69.1
2026-04-21 15:14:10.297Z,1.6457,1.6541,100,100,50.9
2026-04-21 15:14:11.180Z,1.6456,1.6542,100,100,52.1
2026-04-21 15:14:12.251Z,1.6444,1.6560,100,100,70.3
2026-04-21 15:14:13.654Z,1.6440,1.6552,100,100,67.9
2026-04-21 15:14:14.160Z,1.6436,1.6556,100,100,72.7
2026-04-21 15:14:15.526Z,1.6448,1.6560,100,100,67.9
2026-04-21 15:14:16.429Z,1.6455,1.6553,100,100,59.4
2026-04-21 15:14:17.417Z,1.6437,1.6559,100,100,73.9
2026-04-21 15:14:18.759Z,1.6448,1.6552,100,100,63.0
2026-04-21 15:14:19.114Z,1.6443,1.6563,100,100,72.7
2026-04-21 15:14:20.686Z,1.6446,1.6560,100,100,69.1
2026-04-21 15:14:21.838Z,1.6455,1.6549,100,100,57.0
2026-04-21 15:14:22.626Z,1.6444,1.6552,100,100,65.5
2026-04-21 15:14:23.690Z,1.6456,1.6544,100,100,53.3
2026-04-21 15:14:24.246Z,1.6446,1.6560,100,100,69.1
2026-04-21 15:14:25.027Z,1.6453,1.6541,100,100,53.3
2026-04-21 15:14:26.136Z,1.6461,1.6543,100,100,49.7
2026-04-21 15:14:27.513Z,1.6448,1.6558,100,100,66.7
2026-04-21 15:14:28.331Z,1.6444,1.6564,100,100,72.7
2026-04-21 15:14:29.244Z,1.6449,1.6545,100,100,58.2
2026-04-21 15:14:30.472Z,1.6438,1.6556,100,100,71.5
2026-04-21 15:14:31.494Z,1.6446,1.6548,100,100,61.8
2026-04-21 15:14:32.177Z,1.6448,1.6552,100,100,63.0
2026-04-21 15:14:33.552Z,1.6444,1.6548,100,100,63.0
2026-04-21 15:14:34.818Z,1.6454,1.6544,100,100,54.5
2026-04-21 15:14:35.068Z,1.6444,1.6558,100,100,69.1
2026-04-21 15:14:36.255Z,1.6451,1.6543,100,100,55.8
2026-04-21 15:14:37.769Z,1.6442,1.6554,100,100,67.9
2026-04-21 15:14:38.565Z,1.6445,1.6557,100,100,67.9
2026-04-21 15:14:39.778Z,1.6437,1.6555,100,100,71.5
2026-04-21 15:14:40.753Z,1.6459,1.6541,100,100,49.7
2026-04-21 15:14:41.760Z,1.6454,1.6542,100,100,53.3
2026-04-21 15:14:42.851Z,1.6443,1.6555,100,100,67.9
2026-04-21 15:14:43.525Z,1.6455,1.6549,100,100,57.0
2026-04-21 15:14:44.416Z,1.6454,1.6538,100,100,50.9
2026-04-21 15:14:45.663Z,1.6452,1.6550,100,100,59.4
2026-04-21 15:14:46.331Z,1.6445,1.6553,100,100,65.5
2026-04-21 15:14:47.292Z,1.6454,1.6546,100,100,55.8
2026-04-21 15:14:48.875Z,1.6442,1.6556,100,100,69.1
2026-04-21 15:14:49.339Z,1.6451,1.6545,100,100,57.0
2026-04-21 15:14:50.796Z,1.6447,1.6547,100,100,60.6
2026-04-21 15:14:51.735Z,1.6455,1.6551,100,100,58.2
2026-04-21 15:14:52.615Z,1.6441,1.6555,100,100,69.1
2026-04-21 15:14:53.497Z,1.6445,1.6549,100,100,63.0
2026-04-21 15:14:54.389Z,1.6451,1.6541,100,100,54.6
2026-04-21 15:14:55.629Z,1.6455,1.6549,100,100,57.0
2026-04-21 15:14:56.559Z,1.6453,1.6543,100,100,54.6
2026-04-21 15:14:57.283Z,1.6452,1.6556,100,100,63.0
2026-04-21 15:14:58.248Z,1.6456,1.6548,100,100,55.8
2026-04-21 15:14:59.794Z,1.6441,1.6559,100,100,71.5
2026-04-21 15:15:00.092Z,1.6344,1.6456,100,100,68.3
2026-04-21 15:15:01.414Z,1.6350,1.6442,100,100,56.1
2026-04-21 15:15:02.350Z,1.6346,1.6454,100,100,65.9
2026-04-21 15:15:03.664Z,1.6351,1.6457,100,100,64.6
2026-04-21 15:15:04.663Z,1.6361,1.6443,100,100,50.0
2026-04-21 15:15:05.577Z,1.6344,1.6454,100,100,67.1
2026-04-21 15:15:06.121Z,1.6347,1.6445,100,100,59.8
2026-04-21 15:15:07.507Z,1.6346,1.6454,100,100,65.9
2026-04-21 15:15:08.695Z,1.6358,1.6448,100,100,54.9
2026-04-21 15:15:09.538Z,1.6354,1.6448,100,100,57.3
2026-04-21 15:15:10.052Z,1.6358,1.6440,100,100,50.0
2026-04-21 15:15:11.129Z,1.6345,1.6457,100,100,68.3
2026-04-21 15:15:12.392Z,1.6358,1.6448,100,100,54.9
2026-04-21 15:15:13.628Z,1.6338,1.6460,100,100,74.4
2026-04-21 15:15:14.171Z,1.6349,1.6449,100,100,61.0
2026-04-21 15:15:15.803Z,1.6355,1.6449,100,100,57.3
2026-04-21 15:15:16.267Z,1.6342,1.6456,100,100,69.5
2026-04-21 15:15:17.319Z,1.6337,1.6455,100,100,72.0
2026-04-21 15:15:18.806Z,1.6342,1.6454,100,100,68.3
2026-04-21 15:15:19.249Z,1.6356,1.6442,100,100,52.4
2026-04-21 15:15:20.582Z,1.6344,1.6456,100,100,68.3
2026-04-21 15:15:21.484Z,1.6359,1.6443,100,100,51.2
2026-04-21 15:15:22.803Z,1.6342,1.6452,100,100,67.1
2026-04-21 15:15:23.017Z,1.6350,1.6450,100,100,61.0
2026-04-21 15:15:24.729Z,1.6348,1.6448,100,100,61.0
2026-04-21 15:15:25.298Z,1.6350,1.6454,100,100,63.4
2026-04-21 15:15:26.760Z,1.6346,1.6460,100,100,69.5
2026-04-21 15:15:27.096Z,1.6354,1.6438,100,100,51.2
2026-04-21 15:15:28.332Z,1.6353,1.6443,100,100,54.9
2026-04-21 15:15:29.748Z,1.6350,1.6448,100,100,59.8
2026-04-21 15:15:30.225Z,1.6361,1.6447,100,100,52.4
2026-04-21 15:15:31.396Z,1.6349,1.6445,100,100,58.5
2026-04-21 15:15:32.691Z,1.6346,1.6462,100,100,70.7
2026-04-21 15:15:33.593Z,1.6339,1.6453,100,100,69.5
2026-04-21 15:15:34.612Z,1.6354,1.6454,100,100,61.0
2026-04-21 15:15:35.508Z,1.6339,1.6459,100,100,73.2
2026-04-21 15:15:36.392Z,1.6340,1.6462,100,100,74.4
2026-04-21 15:15:37.625Z,1.6343,1.6461,100,100,71.9
2026-04-21 15:15:38.567Z,1.6343,1.6461,100,100,71.9
2026-04-21 15:15:39.499Z,1.6344,1.6464,100,100,73.2
2026-04-21 15:15:40.200Z,1.6348,1.6452,100,100,63.4
2026-04-21 15:15:41.104Z,1.6357,1.6439,100,100,50.0
2026-04-21 15:15:42.291Z,1.6355,1.6441,100,100,52.4
2026-04-21 15:15:43.588Z,1.6343,1.6451,100,100,65.9
2026-04-21 15:15:44.629Z,1.6342,1.6458,100,100,70.7
2026-04-21 15:15:45.832Z,1.6352,1.6450,100,100,59.8
2026-04-21 15:15:46.527Z,1.6355,1.6445,100,100,54.9
2026-04-21 15:15:47.511Z,1.6345,1.6455,100,100,67.1
2026-04-21 15:15:48.899Z,1.6359,1.6447,100,100,53.6
2026-04-21 15:15:49.726Z,1.6350,1.6446,100,100,58.5
2026-04-21 15:15:50.153Z,1.6353,1.6447,100,100,57.3
2026-04-21 15:15:51.095Z,1.6347,1.6451,100,100,63.4
2026-04-21 15:15:52.526Z,1.6346,1.6446,100,100,61.0
2026-04-21 15:15:53.228Z,1.6342,1.6454,100,100,68.3
2026-04-21 15:15:54.194Z,1.6343,1.6463,100,100,73.2
2026-04-21 15:15:55.534Z,1.6358,1.6448,100,100,54.9
2026-04-21 15:15:56.550Z,1.6341,1.6457,100,100,70.7
2026-04-21 15:15:57.405Z,1.6344,1.6454,100,100,67.1
2026-04-21 15:15:58.502Z,1.6358,1.6446,100,100,53.7
2026-04-21 15:15:59.166Z,1.6343,1.6457,100,100,69.5
2026-04-21 15:18:00.457Z,1.6061,1.6141,100,100,49.7
2026-04-21 15:18:01.366Z,1.6054,1.6148,100,100,58.4
2026-04-21 15:18:02.029Z,1.6058,1.6146,100,100,54.7
2026-04-21 15:18:03.580Z,1.6046,1.6154,100,100,67.1
2026-04-21 15:18:04.473Z,1.6039,1.6159,100,100,74.5
2026-04-21 15:18:05.733Z,1.6042,1.6164,100,100,75.8
2026-04-21 15:18:06.712Z,1.6056,1.6144,100,100,54.7
2026-04-21 15:18:07.605Z,1.6063,1.6145,100,100,50.9
2026-04-21 15:18:08.853Z,1.6045,1.6149,100,100,64.6
2026-04-21 15:18:09.780Z,1.6040,1.6154,100,100,70.8
2026-04-21 15:18:10.325Z,1.6045,1.6151,100,100,65.8
2026-04-21 15:18:11.085Z,1.6052,1.6154,100,100,63.3
2026-04-21 15:18:12.624Z,1.6056,1.6148,100,100,57.1
2026-04-21 15:18:13.085Z,1.6045,1.6153,100,100,67.1
2026-04-21 15:18:14.615Z,1.6053,1.6147,100,100,58.4
2026-04-21 15:18:15.028Z,1.6043,1.6163,100,100,74.5
2026-04-21 15:18:16.097Z,1.6056,1.6152,100,100,59.6
2026-04-21 15:18:17.153Z,1.6042,1.6156,100,100,70.8
2026-04-21 15:18:18.642Z,1.6040,1.6158,100,100,73.3
2026-04-21 15:18:19.111Z,1.6042,1.6162,100,100,74.5
2026-04-21 15:18:20.233Z,1.6052,1.6144,100,100,57.1
2026-04-21 15:18:21.138Z,1.6047,1.6159,100,100,69.6
2026-04-21 15:18:22.862Z,1.6052,1.6148,100,100,59.6
2026-04-21 15:18:23.851Z,1.6053,1.6147,100,100,58.4
2026-04-21 15:18:24.769Z,1.6041,1.6155,100,100,70.8
2026-04-21 15:18:25.444Z,1.6051,1.6149,100,100,60.9
2026-04-21 15:18:26.256Z,1.6053,1.6147,100,100,58.4
2026-04-21 15:18:27.709Z,1.6046,1.6158,100,100,69.6
2026-04-21 15:18:28.108Z,1.6061,1.6143,100,100,50.9
2026-04-21 15:18:29.339Z,1.6042,1.6156,100,100,70.8
2026-04-21 15:18:30.157Z,1.6043,1.6165,100,100,75.8
2026-04-21 15:18:31.067Z,1.6063,1.6147,100,100,52.2
2026-04-21 15:18:32.265Z,1.6053,1.6151,100,100,60.9
2026-04-21 15:18:33.644Z,1.6045,1.6151,100,100,65.8
2026-04-21 15:18:34.515Z,1.6052,1.6146,100,100,58.4
2026-04-21 15:18:35.663Z,1.6040,1.6160,100,100,74.5
2026-04-21 15:18:36.542Z,1.6047,1.6159,100,100,69.6
2026-04-21 15:18:37.069Z,1.6040,1.6154,100,100,70.8
2026-04-21 15:18:38.594Z,1.6055,1.6149,100,100,58.4
2026-04-21 15:18:39.551Z,1.6050,1.6148,100,100,60.9
2026-04-21 15:18:40.317Z,1.6045,1.6157,100,100,69.6
2026-04-21 15:18:41.378Z,1.6049,1.6151,100,100,63.4
2026-04-21 15:18:42.690Z,1.6061,1.6147,100,100,53.4
2026-04-21 15:18:43.003Z,1.6060,1.6144,100,100,52.2
2026-04-21 15:18:44.645Z,1.6041,1.6159,100,100,73.3
2026-04-21 15:18:45.278Z,1.6043,1.6155,100,100,69.6
2026-04-21 15:18:46.889Z,1.6057,1.6145,100,100,54.7
2026-04-21 15:18:47.694Z,1.6053,1.6147,100,100,58.4
2026-04-21 15:18:48.725Z,1.6055,1.6153,100,100,60.9
2026-04-21 15:18:49.682Z,1.6043,1.6159,100,100,72.0
2026-04-21 15:18:50.092Z,1.6045,1.6151,100,100,65.8
2026-04-21 15:18:51.866Z,1.6050,1.6148,100,100,60.9
2026-04-21 15:18:52.377Z,1.6044,1.6154,100,100,68.3
2026-04-21 15:18:53.065Z,1.6042,1.6152,100,100,68.3
2026-04-21 15:18:54.458Z,1.6049,1.6151,100,100,63.4
2026-04-21 15:18:55.780Z,1.6045,1.6159,100,100,70.8
2026-04-21 15:18:56.739Z,1.6055,1.6147,100,100,57.1
2026-04-21 15:18:57.734Z,1.6049,1.6159,100,100,68.3
2026-04-21 15:18:58.284Z,1.6054,1.6144,100,100,55.9
2026-04-21 15:18:59.831Z,1.6044,1.6158,100,100,70.8
2026-04-21 15:19:00.721Z,1.6255,1.6345,100,100,55.2
2026-04-21 15:19:01.096Z,1.6258,1.6348,100,100,55.2
2026-04-21 15:19:02.855Z,1.6259,1.6341,100,100,50.3
2026-04-21 15:19:03.128Z,1.6250,1.6352,100,100,62.6
2026-04-21 15:19:04.311Z,1.6253,1.6343,100,100,55.2
2026-04-21 15:19:05.343Z,1.6243,1.6357,100,100,69.9
2026-04-21 15:19:06.136Z,1.6245,1.6359,100,100,69.9
2026-04-21 15:19:07.455Z,1.6255,1.6343,100,100,54.0
2026-04-21 15:19:08.218Z,1.6240,1.6358,100,100,72.4
2026-04-21 15:19:09.766Z,1.6256,1.6342,100,100,52.8
2026-04-21 15:19:10.595Z,1.6246,1.6346,100,100,61.4
2026-04-21 15:19:11.157Z,1.6242,1.6358,100,100,71.2
2026-04-21 15:19:12.838Z,1.6250,1.6344,100,100,57.7
2026-04-21 15:19:13.843Z,1.6255,1.6339,100,100,51.5
2026-04-21 15:19:14.432Z,1.6253,1.6347,100,100,57.7
2026-04-21 15:19:15.816Z,1.6253,1.6351,100,100,60.1
2026-04-21 15:19:16.731Z,1.6258,1.6340,100,100,50.3
2026-04-21 15:19:17.321Z,1.6242,1.6352,100,100,67.5
2026-04-21 15:19:18.156Z,1.6251,1.6345,100,100,57.7
2026-04-21 15:19:19.354Z,1.6247,1.6361,100,100,69.9
2026-04-21 15:19:20.720Z,1.6240,1.6362,100,100,74.8
2026-04-21 15:19:21.809Z,1.6249,1.6359,100,100,67.5
2026-04-21 15:19:22.805Z,1.6250,1.6342,100,100,56.5
2026-04-21 15:19:23.889Z,1.6241,1.6363,100,100,74.8
2026-04-21 15:19:24.619Z,1.6238,1.6356,100,100,72.4
2026-04-21 15:19:25.168Z,1.6259,1.6341,100,100,50.3
2026-04-21 15:19:26.570Z,1.6257,1.6351,100,100,57.7
2026-04-21 15:19:27.264Z,1.6245,1.6361,100,100,71.2
2026-04-21 15:19:28.690Z,1.6243,1.6355,100,100,68.7
2026-04-21 15:19:29.247Z,1.6248,1.6352,100,100,63.8
2026-04-21 15:19:30.735Z,1.6254,1.6350,100,100,58.9
2026-04-21 15:19:31.591Z,1.6243,1.6349,100,100,65.0
2026-04-21 15:19:32.343Z,1.6259,1.6341,100,100,50.3
2026-04-21 15:19:33.269Z,1.6249,1.6345,100,100,58.9
2026-04-21 15:19:34.657Z,1.6247,1.6361,100,100,69.9
2026-04-21 15:19:35.061Z,1.6242,1.6354,100,100,68.7
2026-04-21 15:19:36.353Z,1.6243,1.6351,100,100,66.3
2026-04-21 15:19:37.090Z,1.6239,1.6357,100,100,72.4
2026-04-21 15:19:38.351Z,1.6251,1.6343,100,100,56.5
2026-04-21 15:19:39.799Z,1.6255,1.6347,100,100,56.4
2026-04-21 15:19:40.190Z,1.6240,1.6354,100,100,70.0
2026-04-21 15:19:41.172Z,1.6255,1.6339,100,100,51.5
2026-04-21 15:19:42.691Z,1.6242,1.6356,100,100,69.9
2026-04-21 15:19:43.287Z,1.6250,1.6346,100,100,58.9
2026-04-21 15:19:44.330Z,1.6245,1.6357,100,100,68.7
2026-04-21 15:19:45.817Z,1.6254,1.6340,100,100,52.8
2026-04-21 15:19:46.888Z,1.6247,1.6355,100,100,66.3
2026-04-21 15:19:47.153Z,1.6257,1.6347,100,100,55.2
2026-04-21 15:19:48.570Z,1.6244,1.6358,100,100,69.9
2026-04-21 15:19:49.787Z,1.6259,1.6345,100,100,52.8
2026-04-21 15:19:50.163Z,1.6248,1.6356,100,100,66.2
2026-04-21 15:19:51.428Z,1.6257,1.6349,100,100,56.4
2026-04-21 15:19:52.069Z,1.6252,1.6356,100,100,63.8
2026-04-21 15:19:53.704Z,1.6241,1.6361,100,100,73.6
2026-04-21 15:19:54.058Z,1.6248,1.6358,100,100,67.5
2026-04-21 15:19:55.325Z,1.6253,1.6353,100,100,61.3
2026-04-21 15:19:56.547Z,1.6258,1.6342,100,100,51.5
2026-04-21 15:19:57.287Z,1.6253,1.6351,100,100,60.1
2026-04-21 15:19:58.692Z,1.6246,1.6360,100,100,69.9
2026-04-21 15:19:59.218Z,1.6256,1.6344,100,100,54.0
2026-04-21 15:21:00.436Z,1.6243,1.6357,100,100,69.9
2026-04-21 15:21:01.768Z,1.6242,1.6358,100,100,71.2
2026-04-21 15:21:02.643Z,1.6257,1.6351,100,100,57.7
2026-04-21 15:21:03.717Z,1.6242,1.6354,100,100,68.7
2026-04-21 15:21:04.482Z,1.6256,1.6342,100,100,52.8
2026-04-21 15:21:05.530Z,1.6246,1.6354,100,100,66.3
2026-04-21 15:21:06.032Z,1.6255,1.6349,100,100,57.7
2026-04-21 15:21:07.351Z,1.6247,1.6345,100,100,60.1
2026-04-21 15:21:08.042Z,1.6249,1.6353,100,100,63.8
2026-04-21 15:21:09.014Z,1.6235,1.6357,100,100,74.9
2026-04-21 15:21:10.694Z,1.6242,1.6356,100,100,69.9
2026-04-21 15:21:11.593Z,1.6243,1.6361,100,100,72.4
2026-04-21 15:21:12.741Z,1.6255,1.6347,100,100,56.4
2026-04-21 15:21:13.823Z,1.6252,1.6342,100,100,55.2
2026-04-21 15:21:14.556Z,1.6250,1.6358,100,100,66.2
2026-04-21 15:21:15.498Z,1.6257,1.6345,100,100,54.0
2026-04-21 15:21:16.515Z,1.6257,1.6343,100,100,52.8
2026-04-21 15:21:17.734Z,1.6252,1.6354,100,100,62.6
2026-04-21 15:21:18.607Z,1.6241,1.6359,100,100,72.4
2026-04-21 15:21:19.736Z,1.6260,1.6346,100,100,52.8
2026-04-21 15:21:20.257Z,1.6263,1.6347,100,100,51.5
2026-04-21 15:21:21.103Z,1.6265,1.6347,100,100,50.3
2026-04-21 15:21:22.665Z,1.6257,1.6361,100,100,63.8
2026-04-21 15:21:23.230Z,1.6262,1.6370,100,100,66.2
2026-04-21 15:21:24.379Z,1.6264,1.6374,100,100,67.4
2026-04-21 15:21:25.272Z,1.6271,1.6391,100,100,73.5
2026-04-21 15:21:26.199Z,1.6292,1.6374,100,100,50.2
2026-04-21 15:21:27.361Z,1.6283,1.6403,100,100,73.4
2026-04-21 15:21:28.525Z,1.6291,1.6413,100,100,74.6
2026-04-21 15:21:29.855Z,1.6296,1.6418,100,100,74.6
2026-04-21 15:21:30.674Z,1.6312,1.6422,100,100,67.2
2026-04-21 15:21:31.045Z,1.6316,1.6428,100,100,68.4
2026-04-21 15:21:32.194Z,1.6323,1.6439,100,100,70.8
2026-04-21 15:21:33.818Z,1.6334,1.6434,100,100,61.0
2026-04-21 15:21:34.802Z,1.6336,1.6446,100,100,67.1
2026-04-21 15:21:35.186Z,1.6348,1.6436,100,100,53.7
2026-04-21 15:21:36.000Z,1.6342,1.6452,100,100,67.1
2026-04-21 15:21:37.245Z,1.6350,1.6444,100,100,57.3
2026-04-21 15:21:38.259Z,1.6341,1.6455,100,100,69.5
2026-04-21 15:21:39.368Z,1.6357,1.6451,100,100,57.3
2026-04-21 15:21:40.426Z,1.6347,1.6453,100,100,64.6
2026-04-21 15:21:41.855Z,1.6342,1.6446,100,100,63.4
2026-04-21 15:21:42.200Z,1.6340,1.6442,100,100,62.2
2026-04-21 15:21:43.323Z,1.6350,1.6440,100,100,54.9
2026-04-21 15:21:44.535Z,1.6346,1.6430,100,100,51.3
2026-04-21 15:21:45.798Z,1.6335,1.6445,100,100,67.1
2026-04-21 15:21:46.321Z,1.6333,1.6447,100,100,69.6
2026-04-21 15:21:47.103Z,1.6331,1.6451,100,100,73.2
2026-04-21 15:21:48.371Z,1.6349,1.6435,100,100,52.5
2026-04-21 15:21:49.591Z,1.6331,1.6449,100,100,72.0
2026-04-21 15:21:50.417Z,1.6344,1.6442,100,100,59.8
2026-04-21 15:21:51.630Z,1.6350,1.6434,100,100,51.2
2026-04-21 15:21:52.899Z,1.6342,1.6438,100,100,58.6
2026-04-21 15:21:53.293Z,1.6334,1.6456,100,100,74.4
2026-04-21 15:21:54.149Z,1.6349,1.6451,100,100,62.2
2026-04-21 15:21:55.224Z,1.6341,1.6451,100,100,67.1
2026-04-21 15:21:56.242Z,1.6352,1.6436,100,100,51.2
2026-04-21 15:21:57.824Z,1.6340,1.6456,100,100,70.7
2026-04-21 15:21:58.530Z,1.6348,1.6454,100,100,64.6
2026-04-21 15:21:59.874Z,1.6359,1.6441,100,100,50.0
2026-04-21 15:27:00.185Z,1.6258,1.6342,100,100,51.5
2026-04-21 15:27:01.222Z,1.6251,1.6345,100,100,57.7
2026-04-21 15:27:02.090Z,1.6252,1.6356,100,100,63.8
2026-04-21 15:27:03.716Z,1.6237,1.6357,100,100,73.6
2026-04-21 15:27:04.879Z,1.6242,1.6352,100,100,67.5
2026-04-21 15:27:05.007Z,1.6242,1.6358,100,100,71.2
2026-04-21 15:27:06.286Z,1.6252,1.6354,100,100,62.6
2026-04-21 15:27:07.435Z,1.6256,1.6346,100,100,55.2
2026-04-21 15:27:08.649Z,1.6250,1.6346,100,100,58.9
2026-04-21 15:27:09.597Z,1.6250,1.6352,100,100,62.6
2026-04-21 15:27:10.381Z,1.6249,1.6353,100,100,63.8
2026-04-21 15:27:11.716Z,1.6239,1.6357,100,100,72.4
2026-04-21 15:27:12.812Z,1.6249,1.6353,100,100,63.8
2026-04-21 15:27:13.879Z,1.6244,1.6364,100,100,73.6
2026-04-21 15:27:14.175Z,1.6247,1.6357,100,100,67.5
2026-04-21 15:27:15.865Z,1.6238,1.6354,100,100,71.2
2026-04-21 15:27:16.668Z,1.6261,1.6345,100,100,51.5
2026-04-21 15:27:17.421Z,1.6258,1.6346,100,100,54.0
2026-04-21 15:27:18.155Z,1.6257,1.6343,100,100,52.8
2026-04-21 15:27:19.859Z,1.6255,1.6339,100,100,51.5
2026-04-21 15:27:20.778Z,1.6245,1.6357,100,100,68.7
2026-04-21 15:27:21.242Z,1.6259,1.6347,100,100,54.0
2026-04-21 15:27:22.400Z,1.6255,1.6341,100,100,52.8
2026-04-21 15:27:23.313Z,1.6256,1.6346,100,100,55.2
2026-04-21 15:27:24.730Z,1.6244,1.6354,100,100,67.5
2026-04-21 15:27:25.571Z,1.6251,1.6345,100,100,57.7
2026-04-21 15:27:26.014Z,1.6243,1.6353,100,100,67.5
2026-04-21 15:27:27.119Z,1.6247,1.6357,100,100,67.5
2026-04-21 15:27:28.775Z,1.6259,1.6343,100,100,51.5
2026-04-21 15:27:29.583Z,1.6260,1.6348,100,100,54.0
2026-04-21 15:27:30.872Z,1.6258,1.6340,100,100,50.3
2026-04-21 15:27:31.345Z,1.6245,1.6353,100,100,66.3
2026-04-21 15:27:32.860Z,1.6253,1.6343,100,100,55.2
2026-04-21 15:27:33.211Z,1.6251,1.6343,100,100,56.5
2026-04-21 15:27:34.661Z,1.6244,1.6354,100,100,67.5
2026-04-21 15:27:35.614Z,1.6251,1.6351,100,100,61.3
2026-04-21 15:27:36.359Z,1.6258,1.6344,100,100,52.8
2026-04-21 15:27:37.751Z,1.6255,1.6347,100,100,56.4
2026-04-21 15:27:38.037Z,1.6246,1.6356,100,100,67.5
2026-04-21 15:27:39.227Z,1.6251,1.6345,100,100,57.7
2026-04-21 15:27:40.627Z,1.6251,1.6353,100,100,62.6
2026-04-21 15:27:41.619Z,1.6250,1.6354,100,100,63.8
2026-04-21 15:27:42.594Z,1.6252,1.6342,100,100,55.2
2026-04-21 15:27:43.250Z,1.6256,1.6340,100,100,51.5
2026-04-21 15:27:44.577Z,1.6253,1.6351,100,100,60.1
2026-04-21 15:27:45.429Z,1.6243,1.6353,100,100,67.5
2026-04-21 15:27:46.480Z,1.6249,1.6343,100,100,57.7
2026-04-21 15:27:47.693Z,1.6251,1.6345,100,100,57.7
2026-04-21 15:27:48.739Z,1.6254,1.6348,100,100,57.7
2026-04-21 15:27:49.555Z,1.6253,1.6341,100,100,54.0
2026-04-21 15:27:50.345Z,1.6245,1.6351,100,100,65.0
2026-04-21 15:27:51.494Z,1.6251,1.6353,100,100,62.6
2026-04-21 15:27:52.621Z,1.6248,1.6348,100,100,61.4
2026-04-21 15:27:53.896Z,1.6244,1.6360,100,100,71.2
2026-04-21 15:27:54.650Z,1.6243,1.6353,100,100,67.5
2026-04-21 15:27:55.485Z,1.6254,1.6350,100,100,58.9
2026-04-21 15:27:56.207Z,1.6257,1.6349,100,100,56.4
2026-04-21 15:27:57.299Z,1.6238,1.6358,100,100,73.6
2026-04-21 15:27:58.601Z,1.6250,1.6354,100,100,63.8
2026-04-21 15:27:59.207Z,1.6254,1.6346,100,100,56.4
2026-04-21 15:28:00.007Z,1.6253,1.6347,100,100,57.7
2026-04-21 15:28:01.262Z,1.6254,1.6338,100,100,51.5
