TimestampUtc,Price,Size,Exchange
2026-04-21 13:30:00.407Z,1.7137,151,SYNTH
2026-04-21 13:30:01.796Z,1.7122,173,SYNTH
2026-04-21 13:30:02.689Z,1.7103,240,SYNTH
2026-04-21 13:30:03.516Z,1.7133,160,SYNTH
2026-04-21 13:30:04.486Z,1.7128,182,SYNTH
2026-04-21 13:30:05.520Z,1.7104,226,SYNTH
2026-04-21 13:30:06.636Z,1.7134,99,SYNTH
2026-04-21 13:30:07.097Z,1.7115,149,SYNTH
2026-04-21 13:30:08.490Z,1.7113,106,SYNTH
2026-04-21 13:30:09.844Z,1.7126,213,SYNTH
2026-04-21 13:30:10.200Z,1.7131,146,SYNTH
2026-04-21 13:30:11.185Z,1.7115,404,SYNTH
2026-04-21 13:30:12.300Z,1.7131,426,SYNTH
2026-04-21 13:30:13.229Z,1.7132,385,SYNTH
2026-04-21 13:30:14.350Z,1.7124,171,SYNTH
2026-04-21 13:30:15.393Z,1.7098,116,SYNTH
2026-04-21 13:30:16.098Z,1.7127,292,SYNTH
2026-04-21 13:30:17.309Z,1.7099,172,SYNTH
2026-04-21 13:30:18.264Z,1.7129,302,SYNTH
2026-04-21 13:30:19.598Z,1.7112,158,SYNTH
2026-04-21 13:30:20.240Z,1.7130,73,SYNTH
2026-04-21 13:30:21.395Z,1.7113,122,SYNTH
2026-04-21 13:30:22.850Z,1.7102,115,SYNTH
2026-04-21 13:30:23.718Z,1.7117,113,SYNTH
2026-04-21 13:30:24.028Z,1.7123,165,SYNTH
2026-04-21 13:30:25.164Z,1.7101,84,SYNTH
2026-04-21 13:30:26.556Z,1.7137,154,SYNTH
2026-04-21 13:30:27.199Z,1.7099,86,SYNTH
2026-04-21 13:30:28.714Z,1.7136,162,SYNTH
2026-04-21 13:30:29.822Z,1.7104,69,SYNTH
2026-04-21 13:30:30.468Z,1.7121,154,SYNTH
2026-04-21 13:30:31.857Z,1.7100,150,SYNTH
2026-04-21 13:30:32.381Z,1.7125,152,SYNTH
2026-04-21 13:30:33.422Z,1.7140,87,SYNTH
2026-04-21 13:30:34.532Z,1.7114,95,SYNTH
2026-04-21 13:30:35.216Z,1.7098,107,SYNTH
2026-04-21 13:30:36.780Z,1.7120,105,SYNTH
2026-04-21 13:30:37.190Z,1.7122,360,SYNTH
2026-04-21 13:30:38.114Z,1.7102,249,SYNTH
2026-04-21 13:30:39.768Z,1.7129,322,SYNTH
2026-04-21 13:30:40.730Z,1.7132,364,SYNTH
2026-04-21 13:30:41.033Z,1.7103,105,SYNTH
2026-04-21 13:30:42.623Z,1.7139,138,SYNTH
2026-04-21 13:30:43.483Z,1.7107,155,SYNTH
2026-04-21 13:30:44.118Z,1.7118,189,SYNTH
2026-04-21 13:30:45.817Z,1.7132,274,SYNTH
2026-04-21 13:30:46.761Z,1.7135,161,SYNTH
2026-04-21 13:30:47.083Z,1.7101,268,SYNTH
2026-04-21 13:30:48.846Z,1.7124,101,SYNTH
2026-04-21 13:30:49.829Z,1.7133,175,SYNTH
2026-04-21 13:30:50.810Z,1.7118,153,SYNTH
2026-04-21 13:30:51.195Z,1.7116,195,SYNTH
2026-04-21 13:30:52.711Z,1.7127,168,SYNTH
2026-04-21 13:30:53.330Z,1.7134,168,SYNTH
2026-04-21 13:30:54.347Z,1.7118,232,SYNTH
2026-04-21 13:30:55.716Z,1.7115,215,SYNTH
2026-04-21 13:30:56.238Z,1.7130,137,SYNTH
2026-04-21 13:30:57.197Z,1.7109,236,SYNTH
2026-04-21 13:30:58.734Z,1.7130,110,SYNTH
2026-04-21 13:30:59.387Z,1.7104,264,SYNTH
2026-04-21 13:32:00.748Z,1.7107,4,SYNTH
2026-04-21 13:32:01.741Z,1.7081,6,SYNTH
2026-04-21 13:32:02.056Z,1.7113,5,SYNTH
2026-04-21 13:32:03.805Z,1.7121,8,SYNTH
2026-04-21 13:32:04.742Z,1.7105,6,SYNTH
2026-04-21 13:32:05.528Z,1.7108,9,SYNTH
2026-04-21 13:32:06.804Z,1.7117,7,SYNTH
2026-04-21 13:32:07.628Z,1.7093,8,SYNTH
2026-04-21 13:32:08.003Z,1.7122,7,SYNTH
2026-04-21 13:32:09.368Z,1.7097,5,SYNTH
2026-04-21 13:32:10.682Z,1.7106,4,SYNTH
2026-04-21 13:32:11.111Z,1.7110,16,SYNTH
2026-04-21 13:32:12.391Z,1.7089,19,SYNTH
2026-04-21 13:32:13.611Z,1.7115,12,SYNTH
2026-04-21 13:32:14.660Z,1.7084,4,SYNTH
2026-04-21 13:32:15.459Z,1.7113,5,SYNTH
2026-04-21 13:32:16.854Z,1.7108,9,SYNTH
2026-04-21 13:32:17.009Z,1.7096,11,SYNTH
2026-04-21 13:32:18.862Z,1.7124,9,SYNTH
2026-04-21 13:32:19.692Z,1.7117,5,SYNTH
2026-04-21 13:32:20.434Z,1.7091,5,SYNTH
2026-04-21 13:32:21.580Z,1.7080,6,SYNTH
2026-04-21 13:32:22.867Z,1.7094,5,SYNTH
2026-04-21 13:32:23.268Z,1.7100,4,SYNTH
2026-04-21 13:32:24.677Z,1.7105,4,SYNTH
2026-04-21 13:32:25.223Z,1.7108,5,SYNTH
2026-04-21 13:32:26.475Z,1.7094,6,SYNTH
2026-04-21 13:32:27.863Z,1.7084,6,SYNTH
2026-04-21 13:32:28.828Z,1.7110,6,SYNTH
2026-04-21 13:32:29.717Z,1.7113,3,SYNTH
2026-04-21 13:32:30.574Z,1.7085,6,SYNTH
2026-04-21 13:32:31.285Z,1.7084,6,SYNTH
2026-04-21 13:32:32.793Z,1.7090,3,SYNTH
2026-04-21 13:32:33.302Z,1.7098,3,SYNTH
2026-04-21 13:32:34.613Z,1.7113,3,SYNTH
2026-04-21 13:32:35.449Z,1.7117,3,SYNTH
2026-04-21 13:32:36.642Z,1.7106,4,SYNTH
2026-04-21 13:32:37.049Z,1.7091,13,SYNTH
2026-04-21 13:32:38.409Z,1.7122,13,SYNTH
2026-04-21 13:32:39.083Z,1.7094,8,SYNTH
2026-04-21 13:32:40.456Z,1.7082,14,SYNTH
2026-04-21 13:32:41.415Z,1.7120,3,SYNTH
2026-04-21 13:32:42.277Z,1.7105,3,SYNTH
2026-04-21 13:32:43.145Z,1.7108,4,SYNTH
2026-04-21 13:32:44.407Z,1.7100,4,SYNTH
2026-04-21 13:32:45.729Z,1.7080,8,SYNTH
2026-04-21 13:32:46.233Z,1.7103,11,SYNTH
2026-04-21 13:32:47.531Z,1.7114,7,SYNTH
2026-04-21 13:32:48.510Z,1.7087,6,SYNTH
2026-04-21 13:32:49.197Z,1.7123,8,SYNTH
2026-04-21 13:32:50.594Z,1.7119,8,SYNTH
2026-04-21 13:32:51.893Z,1.7098,7,SYNTH
2026-04-21 13:32:52.751Z,1.7123,4,SYNTH
2026-04-21 13:32:53.889Z,1.7098,7,SYNTH
2026-04-21 13:32:54.114Z,1.7096,7,SYNTH
2026-04-21 13:32:55.081Z,1.7102,7,SYNTH
2026-04-21 13:32:56.015Z,1.7107,5,SYNTH
2026-04-21 13:32:57.246Z,1.7111,5,SYNTH
2026-04-21 13:32:58.147Z,1.7091,7,SYNTH
2026-04-21 13:32:59.422Z,1.7111,4,SYNTH
2026-04-21 13:33:00.182Z,1.7108,10,SYNTH
2026-04-21 13:33:01.119Z,1.7088,9,SYNTH
2026-04-21 13:33:02.568Z,1.7113,8,SYNTH
2026-04-21 13:33:03.092Z,1.7091,6,SYNTH
2026-04-21 13:33:04.611Z,1.7084,5,SYNTH
2026-04-21 13:33:05.414Z,1.7084,8,SYNTH
2026-04-21 13:33:06.894Z,1.7114,8,SYNTH
2026-04-21 13:33:07.389Z,1.7087,4,SYNTH
2026-04-21 13:33:08.432Z,1.7115,4,SYNTH
2026-04-21 13:33:09.701Z,1.7099,3,SYNTH
2026-04-21 13:33:10.499Z,1.7124,7,SYNTH
2026-04-21 13:33:11.070Z,1.7108,16,SYNTH
2026-04-21 13:33:12.459Z,1.7118,17,SYNTH
2026-04-21 13:33:13.031Z,1.7088,10,SYNTH
2026-04-21 13:33:14.354Z,1.7084,7,SYNTH
2026-04-21 13:33:15.218Z,1.7106,4,SYNTH
2026-04-21 13:33:16.287Z,1.7107,11,SYNTH
2026-04-21 13:33:17.656Z,1.7089,12,SYNTH
2026-04-21 13:33:18.252Z,1.7102,9,SYNTH
2026-04-21 13:33:19.405Z,1.7094,6,SYNTH
2026-04-21 13:33:20.160Z,1.7115,4,SYNTH
2026-04-21 13:33:21.593Z,1.7085,3,SYNTH
2026-04-21 13:33:22.367Z,1.7116,4,SYNTH
2026-04-21 13:33:23.588Z,1.7097,4,SYNTH
2026-04-21 13:33:24.685Z,1.7094,3,SYNTH
2026-04-21 13:33:25.469Z,1.7110,3,SYNTH
2026-04-21 13:33:26.811Z,1.7116,3,SYNTH
2026-04-21 13:33:27.415Z,1.7117,4,SYNTH
2026-04-21 13:33:28.192Z,1.7081,7,SYNTH
2026-04-21 13:33:29.190Z,1.7110,4,SYNTH
2026-04-21 13:33:30.758Z,1.7116,4,SYNTH
2026-04-21 13:33:31.033Z,1.7125,3,SYNTH
2026-04-21 13:33:32.833Z,1.7093,3,SYNTH
2026-04-21 13:33:33.268Z,1.7108,7,SYNTH
2026-04-21 13:33:34.776Z,1.7113,6,SYNTH
2026-04-21 13:33:35.123Z,1.7107,4,SYNTH
2026-04-21 13:33:36.775Z,1.7083,3,SYNTH
2026-04-21 13:33:37.859Z,1.7116,12,SYNTH
2026-04-21 13:33:38.610Z,1.7082,17,SYNTH
2026-04-21 13:33:39.698Z,1.7126,16,SYNTH
2026-04-21 13:33:40.859Z,1.7088,15,SYNTH
2026-04-21 13:33:41.566Z,1.7102,4,SYNTH
2026-04-21 13:33:42.544Z,1.7126,6,SYNTH
2026-04-21 13:33:43.372Z,1.7120,5,SYNTH
2026-04-21 13:33:44.769Z,1.7094,6,SYNTH
2026-04-21 13:33:45.493Z,1.7110,8,SYNTH
2026-04-21 13:33:46.544Z,1.7085,11,SYNTH
2026-04-21 13:33:47.538Z,1.7103,6,SYNTH
2026-04-21 13:33:48.134Z,1.7109,4,SYNTH
2026-04-21 13:33:49.776Z,1.7108,8,SYNTH
2026-04-21 13:33:50.649Z,1.7106,7,SYNTH
2026-04-21 13:33:51.161Z,1.7113,7,SYNTH
2026-04-21 13:33:52.480Z,1.7124,7,SYNTH
2026-04-21 13:33:53.117Z,1.7123,8,SYNTH
2026-04-21 13:33:54.409Z,1.7098,8,SYNTH
2026-04-21 13:33:55.489Z,1.7112,8,SYNTH
2026-04-21 13:33:56.688Z,1.7094,9,SYNTH
2026-04-21 13:33:57.249Z,1.7113,8,SYNTH
2026-04-21 13:33:58.548Z,1.7124,8,SYNTH
2026-04-21 13:33:59.236Z,1.7095,5,SYNTH
2026-04-21 13:43:00.396Z,1.7017,74,SYNTH
2026-04-21 13:43:01.732Z,1.6992,55,SYNTH
2026-04-21 13:43:02.805Z,1.7011,72,SYNTH
2026-04-21 13:43:03.882Z,1.7009,79,SYNTH
2026-04-21 13:43:04.800Z,1.7011,57,SYNTH
2026-04-21 13:43:05.640Z,1.6997,46,SYNTH
2026-04-21 13:43:06.893Z,1.6990,49,SYNTH
2026-04-21 13:43:07.635Z,1.7007,29,SYNTH
2026-04-21 13:43:08.531Z,1.7009,49,SYNTH
2026-04-21 13:43:09.541Z,1.6986,61,SYNTH
2026-04-21 13:43:10.242Z,1.7006,45,SYNTH
2026-04-21 13:43:11.240Z,1.7015,148,SYNTH
2026-04-21 13:43:12.057Z,1.7016,66,SYNTH
2026-04-21 13:43:13.585Z,1.7008,150,SYNTH
2026-04-21 13:43:14.128Z,1.6995,32,SYNTH
2026-04-21 13:43:15.813Z,1.6980,59,SYNTH
2026-04-21 13:43:16.884Z,1.7013,72,SYNTH
2026-04-21 13:43:17.375Z,1.7007,53,SYNTH
2026-04-21 13:43:18.889Z,1.6994,71,SYNTH
2026-04-21 13:43:19.755Z,1.7017,54,SYNTH
2026-04-21 13:43:20.724Z,1.6977,54,SYNTH
2026-04-21 13:43:21.318Z,1.6981,38,SYNTH
2026-04-21 13:43:22.146Z,1.6983,46,SYNTH
2026-04-21 13:43:23.145Z,1.7006,35,SYNTH
2026-04-21 13:43:24.652Z,1.6966,46,SYNTH
2026-04-21 13:43:25.001Z,1.6960,50,SYNTH
2026-04-21 13:43:26.760Z,1.6954,38,SYNTH
2026-04-21 13:43:27.162Z,1.6946,44,SYNTH
2026-04-21 13:43:28.535Z,1.6931,30,SYNTH
2026-04-21 13:43:29.218Z,1.6925,35,SYNTH
2026-04-21 13:43:30.029Z,1.6932,24,SYNTH
2026-04-21 13:43:31.500Z,1.6924,52,SYNTH
2026-04-21 13:43:32.499Z,1.6906,23,SYNTH
2026-04-21 13:43:33.159Z,1.6914,25,SYNTH
2026-04-21 13:43:34.811Z,1.6904,49,SYNTH
2026-04-21 13:43:35.464Z,1.6900,53,SYNTH
2026-04-21 13:43:36.598Z,1.6906,23,SYNTH
2026-04-21 13:43:37.687Z,1.6895,99,SYNTH
2026-04-21 13:43:38.840Z,1.6921,119,SYNTH
2026-04-21 13:43:39.067Z,1.6920,57,SYNTH
2026-04-21 13:43:40.125Z,1.6909,85,SYNTH
2026-04-21 13:43:41.103Z,1.6894,36,SYNTH
2026-04-21 13:43:42.343Z,1.6910,36,SYNTH
2026-04-21 13:43:43.669Z,1.6911,56,SYNTH
2026-04-21 13:43:44.752Z,1.6901,44,SYNTH
2026-04-21 13:43:45.041Z,1.6922,41,SYNTH
2026-04-21 13:43:46.752Z,1.6898,52,SYNTH
2026-04-21 13:43:47.389Z,1.6902,42,SYNTH
2026-04-21 13:43:48.676Z,1.6913,53,SYNTH
2026-04-21 13:43:49.597Z,1.6899,65,SYNTH
2026-04-21 13:43:50.229Z,1.6891,69,SYNTH
2026-04-21 13:43:51.525Z,1.6913,69,SYNTH
2026-04-21 13:43:52.393Z,1.6883,67,SYNTH
2026-04-21 13:43:53.156Z,1.6906,56,SYNTH
2026-04-21 13:43:54.516Z,1.6891,34,SYNTH
2026-04-21 13:43:55.082Z,1.6920,59,SYNTH
2026-04-21 13:43:56.056Z,1.6910,62,SYNTH
2026-04-21 13:43:57.123Z,1.6895,67,SYNTH
2026-04-21 13:43:58.898Z,1.6881,37,SYNTH
2026-04-21 13:43:59.544Z,1.6911,73,SYNTH
2026-04-21 14:00:00.471Z,1.7303,28,SYNTH
2026-04-21 14:00:01.772Z,1.7319,35,SYNTH
2026-04-21 14:00:02.125Z,1.7313,20,SYNTH
2026-04-21 14:00:03.089Z,1.7286,32,SYNTH
2026-04-21 14:00:04.383Z,1.7293,21,SYNTH
2026-04-21 14:00:05.308Z,1.7315,15,SYNTH
2026-04-21 14:00:06.545Z,1.7300,25,SYNTH
2026-04-21 14:00:07.304Z,1.7311,18,SYNTH
2026-04-21 14:00:08.267Z,1.7302,20,SYNTH
2026-04-21 14:00:09.488Z,1.7291,18,SYNTH
2026-04-21 14:00:10.196Z,1.7287,13,SYNTH
2026-04-21 14:00:11.535Z,1.7307,44,SYNTH
2026-04-21 14:00:12.517Z,1.7293,53,SYNTH
2026-04-21 14:00:13.318Z,1.7309,45,SYNTH
2026-04-21 14:00:14.837Z,1.7317,15,SYNTH
2026-04-21 14:00:15.587Z,1.7291,24,SYNTH
2026-04-21 14:00:16.379Z,1.7306,44,SYNTH
2026-04-21 14:00:17.720Z,1.7303,32,SYNTH
2026-04-21 14:00:18.191Z,1.7311,26,SYNTH
2026-04-21 14:00:19.509Z,1.7293,39,SYNTH
2026-04-21 14:00:20.126Z,1.7279,18,SYNTH
2026-04-21 14:00:21.446Z,1.7262,15,SYNTH
2026-04-21 14:00:22.469Z,1.7239,11,SYNTH
2026-04-21 14:00:23.534Z,1.7226,20,SYNTH
2026-04-21 14:00:24.832Z,1.7191,21,SYNTH
2026-04-21 14:00:25.795Z,1.7178,14,SYNTH
2026-04-21 14:00:26.498Z,1.7154,23,SYNTH
2026-04-21 14:00:27.502Z,1.7115,18,SYNTH
2026-04-21 14:00:28.813Z,1.7093,12,SYNTH
2026-04-21 14:00:29.434Z,1.7073,15,SYNTH
2026-04-21 14:00:30.793Z,1.7028,21,SYNTH
2026-04-21 14:00:31.726Z,1.7003,19,SYNTH
2026-04-21 14:00:32.056Z,1.6989,12,SYNTH
2026-04-21 14:00:33.449Z,1.6951,22,SYNTH
2026-04-21 14:00:34.853Z,1.6927,17,SYNTH
2026-04-21 14:00:35.208Z,1.6920,15,SYNTH
2026-04-21 14:00:36.625Z,1.6903,11,SYNTH
2026-04-21 14:00:37.017Z,1.6900,36,SYNTH
2026-04-21 14:00:38.282Z,1.6882,29,SYNTH
2026-04-21 14:00:39.384Z,1.6886,33,SYNTH
2026-04-21 14:00:40.358Z,1.6916,44,SYNTH
2026-04-21 14:00:41.594Z,1.6930,11,SYNTH
2026-04-21 14:00:42.006Z,1.6934,15,SYNTH
2026-04-21 14:00:43.000Z,1.6936,25,SYNTH
2026-04-21 14:00:44.210Z,1.6946,15,SYNTH
2026-04-21 14:00:45.722Z,1.6945,40,SYNTH
2026-04-21 14:00:46.068Z,1.6950,17,SYNTH
2026-04-21 14:00:47.246Z,1.6943,24,SYNTH
2026-04-21 14:00:48.830Z,1.6937,28,SYNTH
2026-04-21 14:00:49.825Z,1.6929,19,SYNTH
2026-04-21 14:00:50.005Z,1.6926,17,SYNTH
2026-04-21 14:00:51.476Z,1.6918,24,SYNTH
2026-04-21 14:00:52.895Z,1.6919,24,SYNTH
2026-04-21 14:00:53.379Z,1.6912,25,SYNTH
2026-04-21 14:00:54.477Z,1.6899,32,SYNTH
2026-04-21 14:00:55.822Z,1.6892,29,SYNTH
2026-04-21 14:00:56.836Z,1.6903,26,SYNTH
2026-04-21 14:00:57.433Z,1.6908,25,SYNTH
2026-04-21 14:00:58.843Z,1.6893,33,SYNTH
2026-04-21 14:00:59.283Z,1.6916,33,SYNTH
2026-04-21 14:02:00.873Z,1.6908,34,SYNTH
2026-04-21 14:02:01.837Z,1.6888,74,SYNTH
2026-04-21 14:02:02.384Z,1.6898,46,SYNTH
2026-04-21 14:02:03.068Z,1.6902,54,SYNTH
2026-04-21 14:02:04.270Z,1.6907,51,SYNTH
2026-04-21 14:02:05.675Z,1.6916,54,SYNTH
2026-04-21 14:02:06.435Z,1.6905,34,SYNTH
2026-04-21 14:02:07.026Z,1.6886,44,SYNTH
2026-04-21 14:02:08.128Z,1.6920,58,SYNTH
2026-04-21 14:02:09.026Z,1.6889,58,SYNTH
2026-04-21 14:02:10.560Z,1.6917,31,SYNTH
2026-04-21 14:02:11.580Z,1.6887,85,SYNTH
2026-04-21 14:02:12.682Z,1.6915,94,SYNTH
2026-04-21 14:02:13.335Z,1.6894,139,SYNTH
2026-04-21 14:02:14.276Z,1.6902,32,SYNTH
2026-04-21 14:02:15.666Z,1.6920,28,SYNTH
2026-04-21 14:02:16.386Z,1.6886,75,SYNTH
2026-04-21 14:02:17.679Z,1.6886,41,SYNTH
2026-04-21 14:02:18.834Z,1.6911,44,SYNTH
2026-04-21 14:02:19.771Z,1.6896,68,SYNTH
2026-04-21 14:02:20.038Z,1.6917,31,SYNTH
2026-04-21 14:02:21.152Z,1.6903,27,SYNTH
2026-04-21 14:02:22.120Z,1.6908,42,SYNTH
2026-04-21 14:02:23.759Z,1.6889,37,SYNTH
2026-04-21 14:02:24.584Z,1.6900,42,SYNTH
2026-04-21 14:02:25.735Z,1.6924,28,SYNTH
2026-04-21 14:02:26.043Z,1.6888,41,SYNTH
2026-04-21 14:02:27.151Z,1.6891,35,SYNTH
2026-04-21 14:02:28.092Z,1.6896,42,SYNTH
2026-04-21 14:02:29.596Z,1.6913,39,SYNTH
2026-04-21 14:02:30.833Z,1.6897,25,SYNTH
2026-04-21 14:02:31.104Z,1.6917,32,SYNTH
2026-04-21 14:02:32.246Z,1.6887,23,SYNTH
2026-04-21 14:02:33.520Z,1.6892,38,SYNTH
2026-04-21 14:02:34.271Z,1.6913,21,SYNTH
2026-04-21 14:02:35.892Z,1.6897,45,SYNTH
2026-04-21 14:02:36.317Z,1.6907,25,SYNTH
2026-04-21 14:02:37.040Z,1.6883,117,SYNTH
2026-04-21 14:02:38.265Z,1.6904,108,SYNTH
2026-04-21 14:02:39.244Z,1.6878,94,SYNTH
2026-04-21 14:02:40.591Z,1.6913,117,SYNTH
2026-04-21 14:02:41.807Z,1.6877,32,SYNTH
2026-04-21 14:02:42.701Z,1.6914,52,SYNTH
2026-04-21 14:02:43.099Z,1.6909,49,SYNTH
2026-04-21 14:02:44.235Z,1.6890,26,SYNTH
2026-04-21 14:02:45.816Z,1.6910,80,SYNTH
2026-04-21 14:02:46.061Z,1.6897,50,SYNTH
2026-04-21 14:02:47.346Z,1.6885,66,SYNTH
2026-04-21 14:02:48.350Z,1.6906,37,SYNTH
2026-04-21 14:02:49.541Z,1.6898,51,SYNTH
2026-04-21 14:02:50.252Z,1.6915,34,SYNTH
2026-04-21 14:02:51.621Z,1.6881,32,SYNTH
2026-04-21 14:02:52.160Z,1.6882,42,SYNTH
2026-04-21 14:02:53.446Z,1.6899,41,SYNTH
2026-04-21 14:02:54.017Z,1.6917,32,SYNTH
2026-04-21 14:02:55.068Z,1.6881,55,SYNTH
2026-04-21 14:02:56.405Z,1.6896,63,SYNTH
2026-04-21 14:02:57.133Z,1.6902,38,SYNTH
2026-04-21 14:02:58.636Z,1.6884,31,SYNTH
2026-04-21 14:02:59.891Z,1.6901,40,SYNTH
2026-04-21 14:03:00.290Z,1.6500,104,SYNTH
2026-04-21 14:03:01.382Z,1.6502,120,SYNTH
2026-04-21 14:03:02.494Z,1.6494,69,SYNTH
2026-04-21 14:03:03.562Z,1.6510,82,SYNTH
2026-04-21 14:03:04.050Z,1.6488,112,SYNTH
2026-04-21 14:03:05.320Z,1.6499,78,SYNTH
2026-04-21 14:03:06.883Z,1.6511,87,SYNTH
2026-04-21 14:03:07.328Z,1.6487,64,SYNTH
2026-04-21 14:03:08.348Z,1.6509,63,SYNTH
2026-04-21 14:03:09.826Z,1.6483,80,SYNTH
2026-04-21 14:03:10.071Z,1.6481,69,SYNTH
2026-04-21 14:03:11.625Z,1.6510,223,SYNTH
2026-04-21 14:03:12.158Z,1.6484,217,SYNTH
2026-04-21 14:03:13.370Z,1.6509,101,SYNTH
2026-04-21 14:03:14.628Z,1.6521,50,SYNTH
2026-04-21 14:03:15.583Z,1.6514,57,SYNTH
2026-04-21 14:03:16.765Z,1.6483,96,SYNTH
2026-04-21 14:03:17.752Z,1.6498,72,SYNTH
2026-04-21 14:03:18.434Z,1.6521,107,SYNTH
2026-04-21 14:03:19.652Z,1.6495,113,SYNTH
2026-04-21 14:03:20.687Z,1.6523,83,SYNTH
2026-04-21 14:03:21.684Z,1.6526,61,SYNTH
2026-04-21 14:03:22.831Z,1.6524,74,SYNTH
2026-04-21 14:03:23.743Z,1.6525,73,SYNTH
2026-04-21 14:03:24.083Z,1.6527,34,SYNTH
2026-04-21 14:03:25.665Z,1.6533,57,SYNTH
2026-04-21 14:03:26.687Z,1.6541,44,SYNTH
2026-04-21 14:03:27.346Z,1.6557,75,SYNTH
2026-04-21 14:03:28.416Z,1.6557,68,SYNTH
2026-04-21 14:03:29.024Z,1.6572,60,SYNTH
2026-04-21 14:03:30.054Z,1.6569,34,SYNTH
2026-04-21 14:03:31.875Z,1.6578,65,SYNTH
2026-04-21 14:03:32.338Z,1.6599,73,SYNTH
2026-04-21 14:03:33.535Z,1.6583,35,SYNTH
2026-04-21 14:03:34.585Z,1.6589,52,SYNTH
2026-04-21 14:03:35.008Z,1.6601,70,SYNTH
2026-04-21 14:03:36.143Z,1.6617,44,SYNTH
2026-04-21 14:03:37.583Z,1.6617,201,SYNTH
2026-04-21 14:03:38.008Z,1.6580,103,SYNTH
2026-04-21 14:03:39.523Z,1.6618,151,SYNTH
2026-04-21 14:03:40.668Z,1.6586,86,SYNTH
2026-04-21 14:03:41.571Z,1.6592,62,SYNTH
2026-04-21 14:03:42.053Z,1.6582,63,SYNTH
2026-04-21 14:03:43.093Z,1.6599,40,SYNTH
2026-04-21 14:03:44.660Z,1.6588,63,SYNTH
2026-04-21 14:03:45.639Z,1.6565,75,SYNTH
2026-04-21 14:03:46.154Z,1.6588,85,SYNTH
2026-04-21 14:03:47.028Z,1.6597,91,SYNTH
2026-04-21 14:03:48.095Z,1.6570,67,SYNTH
2026-04-21 14:03:49.749Z,1.6596,46,SYNTH
2026-04-21 14:03:50.478Z,1.6605,95,SYNTH
2026-04-21 14:03:51.513Z,1.6580,99,SYNTH
2026-04-21 14:03:52.216Z,1.6610,104,SYNTH
2026-04-21 14:03:53.623Z,1.6615,98,SYNTH
2026-04-21 14:03:54.791Z,1.6614,53,SYNTH
2026-04-21 14:03:55.238Z,1.6579,95,SYNTH
2026-04-21 14:03:56.193Z,1.6606,47,SYNTH
2026-04-21 14:03:57.545Z,1.6601,114,SYNTH
2026-04-21 14:03:58.334Z,1.6607,112,SYNTH
2026-04-21 14:03:59.856Z,1.6596,54,SYNTH
2026-04-21 14:13:00.033Z,1.6902,61,SYNTH
2026-04-21 14:13:01.840Z,1.6887,37,SYNTH
2026-04-21 14:13:02.570Z,1.6909,32,SYNTH
2026-04-21 14:13:03.323Z,1.6906,44,SYNTH
2026-04-21 14:13:04.367Z,1.6896,54,SYNTH
2026-04-21 14:13:05.362Z,1.6906,52,SYNTH
2026-04-21 14:13:06.469Z,1.6902,48,SYNTH
2026-04-21 14:13:07.170Z,1.6920,27,SYNTH
2026-04-21 14:13:08.473Z,1.6889,48,SYNTH
2026-04-21 14:13:09.606Z,1.6917,49,SYNTH
2026-04-21 14:13:10.665Z,1.6897,31,SYNTH
2026-04-21 14:13:11.554Z,1.6908,57,SYNTH
2026-04-21 14:13:12.583Z,1.6905,123,SYNTH
2026-04-21 14:13:13.286Z,1.6883,73,SYNTH
2026-04-21 14:13:14.794Z,1.6906,42,SYNTH
2026-04-21 14:13:15.029Z,1.6915,29,SYNTH
2026-04-21 14:13:16.363Z,1.6911,75,SYNTH
2026-04-21 14:13:17.256Z,1.6886,49,SYNTH
2026-04-21 14:13:18.680Z,1.6909,59,SYNTH
2026-04-21 14:13:19.064Z,1.6884,78,SYNTH
2026-04-21 14:13:20.204Z,1.6919,42,SYNTH
2026-04-21 14:13:21.561Z,1.6906,35,SYNTH
2026-04-21 14:13:22.635Z,1.6907,40,SYNTH
2026-04-21 14:13:23.150Z,1.6918,34,SYNTH
2026-04-21 14:13:24.579Z,1.6888,43,SYNTH
2026-04-21 14:13:25.683Z,1.6915,42,SYNTH
2026-04-21 14:13:26.352Z,1.6908,29,SYNTH
2026-04-21 14:13:27.625Z,1.6884,20,SYNTH
2026-04-21 14:13:28.787Z,1.6901,17,SYNTH
2026-04-21 14:13:29.817Z,1.6894,34,SYNTH
2026-04-21 14:13:30.496Z,1.6909,33,SYNTH
2026-04-21 14:13:31.529Z,1.6884,26,SYNTH
2026-04-21 14:13:32.677Z,1.6911,23,SYNTH
2026-04-21 14:13:33.381Z,1.6885,23,SYNTH
2026-04-21 14:13:34.543Z,1.6915,25,SYNTH
2026-04-21 14:13:35.271Z,1.6906,27,SYNTH
2026-04-21 14:13:36.299Z,1.6892,23,SYNTH
2026-04-21 14:13:37.398Z,1.6911,69,SYNTH
2026-04-21 14:13:38.094Z,1.6907,68,SYNTH
2026-04-21 14:13:39.856Z,1.6903,78,SYNTH
2026-04-21 14:13:40.007Z,1.6914,87,SYNTH
2026-04-21 14:13:41.106Z,1.6916,21,SYNTH
2026-04-21 14:13:42.767Z,1.6883,30,SYNTH
2026-04-21 14:13:43.731Z,1.6919,43,SYNTH
2026-04-21 14:13:44.658Z,1.6919,23,SYNTH
2026-04-21 14:13:45.082Z,1.6892,35,SYNTH
2026-04-21 14:13:46.260Z,1.6916,65,SYNTH
2026-04-21 14:13:47.509Z,1.6910,75,SYNTH
2026-04-21 14:13:48.268Z,1.6918,29,SYNTH
2026-04-21 14:13:49.258Z,1.6884,22,SYNTH
2026-04-21 14:13:50.878Z,1.6919,42,SYNTH
2026-04-21 14:13:51.058Z,1.6886,40,SYNTH
2026-04-21 14:13:52.849Z,1.6909,56,SYNTH
2026-04-21 14:13:53.811Z,1.6887,48,SYNTH
2026-04-21 14:13:54.367Z,1.6917,54,SYNTH
2026-04-21 14:13:55.146Z,1.6887,48,SYNTH
2026-04-21 14:13:56.773Z,1.6909,33,SYNTH
2026-04-21 14:13:57.747Z,1.6881,34,SYNTH
2026-04-21 14:13:58.226Z,1.6916,55,SYNTH
2026-04-21 14:13:59.561Z,1.6882,34,SYNTH
2026-04-21 14:18:00.820Z,1.6406,33,SYNTH
2026-04-21 14:18:01.547Z,1.6414,32,SYNTH
2026-04-21 14:18:02.898Z,1.6390,24,SYNTH
2026-04-21 14:18:03.862Z,1.6409,29,SYNTH
2026-04-21 14:18:04.331Z,1.6385,16,SYNTH
2026-04-21 14:18:05.582Z,1.6389,25,SYNTH
2026-04-21 14:18:06.578Z,1.6408,31,SYNTH
2026-04-21 14:18:07.036Z,1.6412,27,SYNTH
2026-04-21 14:18:08.894Z,1.6384,17,SYNTH
2026-04-21 14:18:09.648Z,1.6418,15,SYNTH
2026-04-21 14:18:10.095Z,1.6420,26,SYNTH
2026-04-21 14:18:11.543Z,1.6393,35,SYNTH
2026-04-21 14:18:12.229Z,1.6410,68,SYNTH
2026-04-21 14:18:13.488Z,1.6396,65,SYNTH
2026-04-21 14:18:14.446Z,1.6403,26,SYNTH
2026-04-21 14:18:15.076Z,1.6380,25,SYNTH
2026-04-21 14:18:16.691Z,1.6416,47,SYNTH
2026-04-21 14:18:17.495Z,1.6409,22,SYNTH
2026-04-21 14:18:18.796Z,1.6410,40,SYNTH
2026-04-21 14:18:19.677Z,1.6379,29,SYNTH
2026-04-21 14:18:20.463Z,1.6384,13,SYNTH
2026-04-21 14:18:21.463Z,1.6387,11,SYNTH
2026-04-21 14:18:22.072Z,1.6391,14,SYNTH
2026-04-21 14:18:23.438Z,1.6380,21,SYNTH
2026-04-21 14:18:24.880Z,1.6373,17,SYNTH
2026-04-21 14:18:25.336Z,1.6352,16,SYNTH
2026-04-21 14:18:26.841Z,1.6350,10,SYNTH
2026-04-21 14:18:27.709Z,1.6342,10,SYNTH
2026-04-21 14:18:28.503Z,1.6336,13,SYNTH
2026-04-21 14:18:29.744Z,1.6340,23,SYNTH
2026-04-21 14:18:30.057Z,1.6323,20,SYNTH
2026-04-21 14:18:31.651Z,1.6330,16,SYNTH
2026-04-21 14:18:32.722Z,1.6310,16,SYNTH
2026-04-21 14:18:33.217Z,1.6299,21,SYNTH
2026-04-21 14:18:34.259Z,1.6308,21,SYNTH
2026-04-21 14:18:35.783Z,1.6299,12,SYNTH
2026-04-21 14:18:36.235Z,1.6322,19,SYNTH
2026-04-21 14:18:37.310Z,1.6289,57,SYNTH
2026-04-21 14:18:38.260Z,1.6308,58,SYNTH
2026-04-21 14:18:39.777Z,1.6322,56,SYNTH
2026-04-21 14:18:40.236Z,1.6288,47,SYNTH
2026-04-21 14:18:41.389Z,1.6325,18,SYNTH
2026-04-21 14:18:42.265Z,1.6291,16,SYNTH
2026-04-21 14:18:43.168Z,1.6315,21,SYNTH
2026-04-21 14:18:44.857Z,1.6325,13,SYNTH
2026-04-21 14:18:45.803Z,1.6320,29,SYNTH
2026-04-21 14:18:46.886Z,1.6306,34,SYNTH
2026-04-21 14:18:47.442Z,1.6301,21,SYNTH
2026-04-21 14:18:48.474Z,1.6325,16,SYNTH
2026-04-21 14:18:49.101Z,1.6305,12,SYNTH
2026-04-21 14:18:50.348Z,1.6301,27,SYNTH
2026-04-21 14:18:51.006Z,1.6320,21,SYNTH
2026-04-21 14:18:52.526Z,1.6315,31,SYNTH
2026-04-21 14:18:53.094Z,1.6295,23,SYNTH
2026-04-21 14:18:54.840Z,1.6300,28,SYNTH
2026-04-21 14:18:55.838Z,1.6317,14,SYNTH
2026-04-21 14:18:56.015Z,1.6293,22,SYNTH
2026-04-21 14:18:57.572Z,1.6322,31,SYNTH
2026-04-21 14:18:58.064Z,1.6282,26,SYNTH
2026-04-21 14:18:59.709Z,1.6313,29,SYNTH
2026-04-21 14:20:00.620Z,1.6557,26,SYNTH
2026-04-21 14:20:01.028Z,1.6531,22,SYNTH
2026-04-21 14:20:02.644Z,1.6559,29,SYNTH
2026-04-21 14:20:03.067Z,1.6532,20,SYNTH
2026-04-21 14:20:04.395Z,1.6552,26,SYNTH
2026-04-21 14:20:05.076Z,1.6529,22,SYNTH
2026-04-21 14:20:06.777Z,1.6534,27,SYNTH
2026-04-21 14:20:07.498Z,1.6566,22,SYNTH
2026-04-21 14:20:08.897Z,1.6560,16,SYNTH
2026-04-21 14:20:09.807Z,1.6530,13,SYNTH
2026-04-21 14:20:10.569Z,1.6566,23,SYNTH
2026-04-21 14:20:11.050Z,1.6545,61,SYNTH
2026-04-21 14:20:12.618Z,1.6557,32,SYNTH
2026-04-21 14:20:13.411Z,1.6554,32,SYNTH
2026-04-21 14:20:14.657Z,1.6532,21,SYNTH
2026-04-21 14:20:15.356Z,1.6559,16,SYNTH
2026-04-21 14:20:16.866Z,1.6539,25,SYNTH
2026-04-21 14:20:17.845Z,1.6553,21,SYNTH
2026-04-21 14:20:18.167Z,1.6548,31,SYNTH
2026-04-21 14:20:19.150Z,1.6546,25,SYNTH
2026-04-21 14:20:20.674Z,1.6553,10,SYNTH
2026-04-21 14:20:21.392Z,1.6570,11,SYNTH
2026-04-21 14:20:22.062Z,1.6544,14,SYNTH
2026-04-21 14:20:23.505Z,1.6537,12,SYNTH
2026-04-21 14:20:24.231Z,1.6555,11,SYNTH
2026-04-21 14:20:25.262Z,1.6535,20,SYNTH
2026-04-21 14:20:26.576Z,1.6538,19,SYNTH
2026-04-21 14:20:27.110Z,1.6537,13,SYNTH
2026-04-21 14:20:28.086Z,1.6559,20,SYNTH
2026-04-21 14:20:29.492Z,1.6558,18,SYNTH
2026-04-21 14:20:30.599Z,1.6533,18,SYNTH
2026-04-21 14:20:31.277Z,1.6539,16,SYNTH
2026-04-21 14:20:32.392Z,1.6567,14,SYNTH
2026-04-21 14:20:33.184Z,1.6529,15,SYNTH
2026-04-21 14:20:34.225Z,1.6555,18,SYNTH
2026-04-21 14:20:35.551Z,1.6547,14,SYNTH
2026-04-21 14:20:36.122Z,1.6549,12,SYNTH
2026-04-21 14:20:37.328Z,1.6562,31,SYNTH
2026-04-21 14:20:38.004Z,1.6561,51,SYNTH
2026-04-21 14:20:39.359Z,1.6534,52,SYNTH
2026-04-21 14:20:40.172Z,1.6545,39,SYNTH
2026-04-21 14:20:41.872Z,1.6536,16,SYNTH
2026-04-21 14:20:42.368Z,1.6538,21,SYNTH
2026-04-21 14:20:43.524Z,1.6556,14,SYNTH
2026-04-21 14:20:44.290Z,1.6552,11,SYNTH
2026-04-21 14:20:45.179Z,1.6536,35,SYNTH
2026-04-21 14:20:46.248Z,1.6563,33,SYNTH
2026-04-21 14:20:47.650Z,1.6540,31,SYNTH
2026-04-21 14:20:48.819Z,1.6548,17,SYNTH
2026-04-21 14:20:49.877Z,1.6565,19,SYNTH
2026-04-21 14:20:50.779Z,1.6536,25,SYNTH
2026-04-21 14:20:51.707Z,1.6544,15,SYNTH
2026-04-21 14:20:52.716Z,1.6559,11,SYNTH
2026-04-21 14:20:53.391Z,1.6539,24,SYNTH
2026-04-21 14:20:54.434Z,1.6560,27,SYNTH
2026-04-21 14:20:55.354Z,1.6537,18,SYNTH
2026-04-21 14:20:56.376Z,1.6553,19,SYNTH
2026-04-21 14:20:57.501Z,1.6564,21,SYNTH
2026-04-21 14:20:58.774Z,1.6549,18,SYNTH
2026-04-21 14:20:59.187Z,1.6538,22,SYNTH
2026-04-21 14:22:00.897Z,1.6712,10,SYNTH
2026-04-21 14:22:01.892Z,1.6697,10,SYNTH
2026-04-21 14:22:02.609Z,1.6686,8,SYNTH
2026-04-21 14:22:03.545Z,1.6699,6,SYNTH
2026-04-21 14:22:04.214Z,1.6708,9,SYNTH
2026-04-21 14:22:05.275Z,1.6687,9,SYNTH
2026-04-21 14:22:06.057Z,1.6698,4,SYNTH
2026-04-21 14:22:07.639Z,1.6692,5,SYNTH
2026-04-21 14:22:08.756Z,1.6713,6,SYNTH
2026-04-21 14:22:09.405Z,1.6719,5,SYNTH
2026-04-21 14:22:10.553Z,1.6714,5,SYNTH
2026-04-21 14:22:11.549Z,1.6690,13,SYNTH
2026-04-21 14:22:12.233Z,1.6712,19,SYNTH
2026-04-21 14:22:13.308Z,1.6684,16,SYNTH
2026-04-21 14:22:14.688Z,1.6700,6,SYNTH
2026-04-21 14:22:15.438Z,1.6715,4,SYNTH
2026-04-21 14:22:16.410Z,1.6678,8,SYNTH
2026-04-21 14:22:17.134Z,1.6713,9,SYNTH
2026-04-21 14:22:18.767Z,1.6716,9,SYNTH
2026-04-21 14:22:19.134Z,1.6697,7,SYNTH
2026-04-21 14:22:20.561Z,1.6708,3,SYNTH
2026-04-21 14:22:21.143Z,1.6688,4,SYNTH
2026-04-21 14:22:22.012Z,1.6705,5,SYNTH
2026-04-21 14:22:23.635Z,1.6714,4,SYNTH
2026-04-21 14:22:24.422Z,1.6679,4,SYNTH
2026-04-21 14:22:25.046Z,1.6713,6,SYNTH
2026-04-21 14:22:26.662Z,1.6714,6,SYNTH
2026-04-21 14:22:27.350Z,1.6685,5,SYNTH
2026-04-21 14:22:28.473Z,1.6703,3,SYNTH
2026-04-21 14:22:29.784Z,1.6713,3,SYNTH
2026-04-21 14:22:30.294Z,1.6698,5,SYNTH
2026-04-21 14:22:31.541Z,1.6704,3,SYNTH
2026-04-21 14:22:32.618Z,1.6709,3,SYNTH
2026-04-21 14:22:33.368Z,1.6702,3,SYNTH
2026-04-21 14:22:34.497Z,1.6681,7,SYNTH
2026-04-21 14:22:35.627Z,1.6705,4,SYNTH
2026-04-21 14:22:36.471Z,1.6712,5,SYNTH
2026-04-21 14:22:37.429Z,1.6708,14,SYNTH
2026-04-21 14:22:38.330Z,1.6693,11,SYNTH
2026-04-21 14:22:39.091Z,1.6709,12,SYNTH
2026-04-21 14:22:40.444Z,1.6685,13,SYNTH
2026-04-21 14:22:41.832Z,1.6684,3,SYNTH
2026-04-21 14:22:42.155Z,1.6718,7,SYNTH
2026-04-21 14:22:43.320Z,1.6692,6,SYNTH
2026-04-21 14:22:44.068Z,1.6684,6,SYNTH
2026-04-21 14:22:45.622Z,1.6716,8,SYNTH
2026-04-21 14:22:46.264Z,1.6705,8,SYNTH
2026-04-21 14:22:47.262Z,1.6697,9,SYNTH
2026-04-21 14:22:48.096Z,1.6689,3,SYNTH
2026-04-21 14:22:49.227Z,1.6700,6,SYNTH
2026-04-21 14:22:50.412Z,1.6711,5,SYNTH
2026-04-21 14:22:51.685Z,1.6692,6,SYNTH
2026-04-21 14:22:52.670Z,1.6698,6,SYNTH
2026-04-21 14:22:53.175Z,1.6696,8,SYNTH
2026-04-21 14:22:54.511Z,1.6720,7,SYNTH
2026-04-21 14:22:55.409Z,1.6716,4,SYNTH
2026-04-21 14:22:56.330Z,1.6692,8,SYNTH
2026-04-21 14:22:57.650Z,1.6687,8,SYNTH
2026-04-21 14:22:58.376Z,1.6716,4,SYNTH
2026-04-21 14:22:59.411Z,1.6690,5,SYNTH
2026-04-21 14:23:00.308Z,1.6707,4,SYNTH
2026-04-21 14:23:01.837Z,1.6683,4,SYNTH
2026-04-21 14:23:02.297Z,1.6710,3,SYNTH
2026-04-21 14:23:03.818Z,1.6698,2,SYNTH
2026-04-21 14:23:04.783Z,1.6680,4,SYNTH
2026-04-21 14:23:05.454Z,1.6722,3,SYNTH
2026-04-21 14:23:06.677Z,1.6684,4,SYNTH
2026-04-21 14:23:07.676Z,1.6715,2,SYNTH
2026-04-21 14:23:08.419Z,1.6682,2,SYNTH
2026-04-21 14:23:09.395Z,1.6716,3,SYNTH
2026-04-21 14:23:10.148Z,1.6719,2,SYNTH
2026-04-21 14:23:11.637Z,1.6707,6,SYNTH
2026-04-21 14:23:12.763Z,1.6682,8,SYNTH
2026-04-21 14:23:13.348Z,1.6706,8,SYNTH
2026-04-21 14:23:14.012Z,1.6692,2,SYNTH
2026-04-21 14:23:15.672Z,1.6700,3,SYNTH
2026-04-21 14:23:16.203Z,1.6679,7,SYNTH
2026-04-21 14:23:17.615Z,1.6708,6,SYNTH
2026-04-21 14:23:18.004Z,1.6687,6,SYNTH
2026-04-21 14:23:19.838Z,1.6680,5,SYNTH
2026-04-21 14:23:20.637Z,1.6707,3,SYNTH
2026-04-21 14:23:21.615Z,1.6677,2,SYNTH
2026-04-21 14:23:22.459Z,1.6685,2,SYNTH
2026-04-21 14:23:23.781Z,1.6672,3,SYNTH
2026-04-21 14:23:24.597Z,1.6660,2,SYNTH
2026-04-21 14:23:25.600Z,1.6675,3,SYNTH
2026-04-21 14:23:26.273Z,1.6646,3,SYNTH
2026-04-21 14:23:27.574Z,1.6650,3,SYNTH
2026-04-21 14:23:28.226Z,1.6645,2,SYNTH
2026-04-21 14:23:29.385Z,1.6641,2,SYNTH
2026-04-21 14:23:30.092Z,1.6622,3,SYNTH
2026-04-21 14:23:31.069Z,1.6625,2,SYNTH
2026-04-21 14:23:32.524Z,1.6613,2,SYNTH
2026-04-21 14:23:33.897Z,1.6613,3,SYNTH
2026-04-21 14:23:34.214Z,1.6590,3,SYNTH
2026-04-21 14:23:35.187Z,1.6606,2,SYNTH
2026-04-21 14:23:36.568Z,1.6582,2,SYNTH
2026-04-21 14:23:37.388Z,1.6584,8,SYNTH
2026-04-21 14:23:38.388Z,1.6579,4,SYNTH
2026-04-21 14:23:39.695Z,1.6604,4,SYNTH
2026-04-21 14:23:40.280Z,1.6596,7,SYNTH
2026-04-21 14:23:41.336Z,1.6597,2,SYNTH
2026-04-21 14:23:42.696Z,1.6623,2,SYNTH
2026-04-21 14:23:43.281Z,1.6613,2,SYNTH
2026-04-21 14:23:44.436Z,1.6596,4,SYNTH
2026-04-21 14:23:45.726Z,1.6625,4,SYNTH
2026-04-21 14:23:46.142Z,1.6595,5,SYNTH
2026-04-21 14:23:47.683Z,1.6591,4,SYNTH
2026-04-21 14:23:48.279Z,1.6606,3,SYNTH
2026-04-21 14:23:49.709Z,1.6616,4,SYNTH
2026-04-21 14:23:50.363Z,1.6629,2,SYNTH
2026-04-21 14:23:51.205Z,1.6590,3,SYNTH
2026-04-21 14:23:52.558Z,1.6615,2,SYNTH
2026-04-21 14:23:53.226Z,1.6583,4,SYNTH
2026-04-21 14:23:54.427Z,1.6615,4,SYNTH
2026-04-21 14:23:55.331Z,1.6606,2,SYNTH
2026-04-21 14:23:56.719Z,1.6588,5,SYNTH
2026-04-21 14:23:57.562Z,1.6589,4,SYNTH
2026-04-21 14:23:58.457Z,1.6587,2,SYNTH
2026-04-21 14:23:59.103Z,1.6599,5,SYNTH
2026-04-21 14:24:00.889Z,1.6620,28,SYNTH
2026-04-21 14:24:01.848Z,1.6602,26,SYNTH
2026-04-21 14:24:02.295Z,1.6585,27,SYNTH
2026-04-21 14:24:03.237Z,1.6596,23,SYNTH
2026-04-21 14:24:04.503Z,1.6604,28,SYNTH
2026-04-21 14:24:05.122Z,1.6611,31,SYNTH
2026-04-21 14:24:06.586Z,1.6606,30,SYNTH
2026-04-21 14:24:07.837Z,1.6621,23,SYNTH
2026-04-21 14:24:08.255Z,1.6591,18,SYNTH
2026-04-21 14:24:09.079Z,1.6601,12,SYNTH
2026-04-21 14:24:10.148Z,1.6606,25,SYNTH
2026-04-21 14:24:11.770Z,1.6593,28,SYNTH
2026-04-21 14:24:12.304Z,1.6617,65,SYNTH
2026-04-21 14:24:13.421Z,1.6611,51,SYNTH
2026-04-21 14:24:14.310Z,1.6590,15,SYNTH
2026-04-21 14:24:15.587Z,1.6617,21,SYNTH
2026-04-21 14:24:16.128Z,1.6615,43,SYNTH
2026-04-21 14:24:17.429Z,1.6603,42,SYNTH
2026-04-21 14:24:18.757Z,1.6581,44,SYNTH
2026-04-21 14:24:19.835Z,1.6580,33,SYNTH
2026-04-21 14:24:20.194Z,1.6614,17,SYNTH
2026-04-21 14:24:21.863Z,1.6610,16,SYNTH
2026-04-21 14:24:22.194Z,1.6591,10,SYNTH
2026-04-21 14:24:23.037Z,1.6621,14,SYNTH
2026-04-21 14:24:24.824Z,1.6592,10,SYNTH
2026-04-21 14:24:25.129Z,1.6606,17,SYNTH
2026-04-21 14:24:26.076Z,1.6594,10,SYNTH
2026-04-21 14:24:27.379Z,1.6587,9,SYNTH
2026-04-21 14:24:28.187Z,1.6613,11,SYNTH
2026-04-21 14:24:29.666Z,1.6589,16,SYNTH
2026-04-21 14:24:30.098Z,1.6611,17,SYNTH
2026-04-21 14:24:31.849Z,1.6610,21,SYNTH
2026-04-21 14:24:32.566Z,1.6589,19,SYNTH
2026-04-21 14:24:33.017Z,1.6599,14,SYNTH
2026-04-21 14:24:34.487Z,1.6616,10,SYNTH
2026-04-21 14:24:35.741Z,1.6595,20,SYNTH
2026-04-21 14:24:36.659Z,1.6604,16,SYNTH
2026-04-21 14:24:37.086Z,1.6607,32,SYNTH
2026-04-21 14:24:38.644Z,1.6620,44,SYNTH
2026-04-21 14:24:39.238Z,1.6587,25,SYNTH
2026-04-21 14:24:40.026Z,1.6611,28,SYNTH
2026-04-21 14:24:41.100Z,1.6593,10,SYNTH
2026-04-21 14:24:42.285Z,1.6605,21,SYNTH
2026-04-21 14:24:43.680Z,1.6597,15,SYNTH
2026-04-21 14:24:44.088Z,1.6608,14,SYNTH
2026-04-21 14:24:45.628Z,1.6593,20,SYNTH
2026-04-21 14:24:46.134Z,1.6610,19,SYNTH
2026-04-21 14:24:47.212Z,1.6620,17,SYNTH
2026-04-21 14:24:48.694Z,1.6599,18,SYNTH
2026-04-21 14:24:49.865Z,1.6608,18,SYNTH
2026-04-21 14:24:50.831Z,1.6607,17,SYNTH
2026-04-21 14:24:51.289Z,1.6605,13,SYNTH
2026-04-21 14:24:52.412Z,1.6600,22,SYNTH
2026-04-21 14:24:53.544Z,1.6584,25,SYNTH
2026-04-21 14:24:54.346Z,1.6598,13,SYNTH
2026-04-21 14:24:55.352Z,1.6609,28,SYNTH
2026-04-21 14:24:56.610Z,1.6589,16,SYNTH
2026-04-21 14:24:57.613Z,1.6615,24,SYNTH
2026-04-21 14:24:58.722Z,1.6618,34,SYNTH
2026-04-21 14:24:59.357Z,1.6583,22,SYNTH
2026-04-21 14:29:00.893Z,1.6301,38,SYNTH
2026-04-21 14:29:01.805Z,1.6283,20,SYNTH
2026-04-21 14:29:02.024Z,1.6316,39,SYNTH
2026-04-21 14:29:03.445Z,1.6289,37,SYNTH
2026-04-21 14:29:04.592Z,1.6314,25,SYNTH
2026-04-21 14:29:05.811Z,1.6288,24,SYNTH
2026-04-21 14:29:06.419Z,1.6290,18,SYNTH
2026-04-21 14:29:07.521Z,1.6317,24,SYNTH
2026-04-21 14:29:08.685Z,1.6289,19,SYNTH
2026-04-21 14:29:09.033Z,1.6314,17,SYNTH
2026-04-21 14:29:10.736Z,1.6306,25,SYNTH
2026-04-21 14:29:11.119Z,1.6302,54,SYNTH
2026-04-21 14:29:12.850Z,1.6283,63,SYNTH
2026-04-21 14:29:13.065Z,1.6317,48,SYNTH
2026-04-21 14:29:14.476Z,1.6319,27,SYNTH
2026-04-21 14:29:15.251Z,1.6294,27,SYNTH
2026-04-21 14:29:16.328Z,1.6305,50,SYNTH
2026-04-21 14:29:17.202Z,1.6282,38,SYNTH
2026-04-21 14:29:18.772Z,1.6311,42,SYNTH
2026-04-21 14:29:19.478Z,1.6312,48,SYNTH
2026-04-21 14:29:20.559Z,1.6297,26,SYNTH
2026-04-21 14:29:21.890Z,1.6304,20,SYNTH
2026-04-21 14:29:22.509Z,1.6318,15,SYNTH
2026-04-21 14:29:23.130Z,1.6309,20,SYNTH
2026-04-21 14:29:24.370Z,1.6314,15,SYNTH
2026-04-21 14:29:25.324Z,1.6297,26,SYNTH
2026-04-21 14:29:26.555Z,1.6312,15,SYNTH
2026-04-21 14:29:27.649Z,1.6292,12,SYNTH
2026-04-21 14:29:28.747Z,1.6321,20,SYNTH
2026-04-21 14:29:29.743Z,1.6310,19,SYNTH
2026-04-21 14:29:30.240Z,1.6293,16,SYNTH
2026-04-21 14:29:31.694Z,1.6296,19,SYNTH
2026-04-21 14:29:32.705Z,1.6284,14,SYNTH
2026-04-21 14:29:33.187Z,1.6312,12,SYNTH
2026-04-21 14:29:34.832Z,1.6287,15,SYNTH
2026-04-21 14:29:35.175Z,1.6311,24,SYNTH
2026-04-21 14:29:36.706Z,1.6287,24,SYNTH
2026-04-21 14:29:37.109Z,1.6304,51,SYNTH
2026-04-21 14:29:38.226Z,1.6324,61,SYNTH
2026-04-21 14:29:39.397Z,1.6296,28,SYNTH
2026-04-21 14:29:40.302Z,1.6318,69,SYNTH
2026-04-21 14:29:41.234Z,1.6293,22,SYNTH
2026-04-21 14:29:42.192Z,1.6308,26,SYNTH
2026-04-21 14:29:43.512Z,1.6293,16,SYNTH
2026-04-21 14:29:44.825Z,1.6307,14,SYNTH
2026-04-21 14:29:45.462Z,1.6309,33,SYNTH
2026-04-21 14:29:46.538Z,1.6319,44,SYNTH
2026-04-21 14:29:47.164Z,1.6293,23,SYNTH
2026-04-21 14:29:48.860Z,1.6292,28,SYNTH
2026-04-21 14:29:49.664Z,1.6297,30,SYNTH
2026-04-21 14:29:50.016Z,1.6304,17,SYNTH
2026-04-21 14:29:51.173Z,1.6299,19,SYNTH
2026-04-21 14:29:52.871Z,1.6309,26,SYNTH
2026-04-21 14:29:53.505Z,1.6296,20,SYNTH
2026-04-21 14:29:54.793Z,1.6310,28,SYNTH
2026-04-21 14:29:55.248Z,1.6307,18,SYNTH
2026-04-21 14:29:56.440Z,1.6319,24,SYNTH
2026-04-21 14:29:57.403Z,1.6292,32,SYNTH
2026-04-21 14:29:58.343Z,1.6313,20,SYNTH
2026-04-21 14:29:59.815Z,1.6302,34,SYNTH
2026-04-21 14:33:00.068Z,1.6501,10,SYNTH
2026-04-21 14:33:01.534Z,1.6511,16,SYNTH
2026-04-21 14:33:02.045Z,1.6523,11,SYNTH
2026-04-21 14:33:03.721Z,1.6496,17,SYNTH
2026-04-21 14:33:04.661Z,1.6513,21,SYNTH
2026-04-21 14:33:05.641Z,1.6517,15,SYNTH
2026-04-21 14:33:06.899Z,1.6517,19,SYNTH
2026-04-21 14:33:07.436Z,1.6494,20,SYNTH
2026-04-21 14:33:08.302Z,1.6487,17,SYNTH
2026-04-21 14:33:09.458Z,1.6518,9,SYNTH
2026-04-21 14:33:10.183Z,1.6483,15,SYNTH
2026-04-21 14:33:11.410Z,1.6510,23,SYNTH
2026-04-21 14:33:12.194Z,1.6512,26,SYNTH
2026-04-21 14:33:13.013Z,1.6477,41,SYNTH
2026-04-21 14:33:14.030Z,1.6506,7,SYNTH
2026-04-21 14:33:15.273Z,1.6498,14,SYNTH
2026-04-21 14:33:16.333Z,1.6491,24,SYNTH
2026-04-21 14:33:17.402Z,1.6519,24,SYNTH
2026-04-21 14:33:18.875Z,1.6484,19,SYNTH
2026-04-21 14:33:19.758Z,1.6523,27,SYNTH
2026-04-21 14:33:20.450Z,1.6501,11,SYNTH
2026-04-21 14:33:21.007Z,1.6488,7,SYNTH
2026-04-21 14:33:22.781Z,1.6489,13,SYNTH
2026-04-21 14:33:23.018Z,1.6510,11,SYNTH
2026-04-21 14:33:24.146Z,1.6508,13,SYNTH
2026-04-21 14:33:25.319Z,1.6498,11,SYNTH
2026-04-21 14:33:26.527Z,1.6491,7,SYNTH
2026-04-21 14:33:27.294Z,1.6492,9,SYNTH
2026-04-21 14:33:28.531Z,1.6517,10,SYNTH
2026-04-21 14:33:29.867Z,1.6512,10,SYNTH
2026-04-21 14:33:30.374Z,1.6523,12,SYNTH
2026-04-21 14:33:31.220Z,1.6521,12,SYNTH
2026-04-21 14:33:32.269Z,1.6486,7,SYNTH
2026-04-21 14:33:33.499Z,1.6506,13,SYNTH
2026-04-21 14:33:34.126Z,1.6499,7,SYNTH
2026-04-21 14:33:35.562Z,1.6499,11,SYNTH
2026-04-21 14:33:36.887Z,1.6492,11,SYNTH
2026-04-21 14:33:37.554Z,1.6521,34,SYNTH
2026-04-21 14:33:38.208Z,1.6520,40,SYNTH
2026-04-21 14:33:39.889Z,1.6485,34,SYNTH
2026-04-21 14:33:40.483Z,1.6512,39,SYNTH
2026-04-21 14:33:41.029Z,1.6486,7,SYNTH
2026-04-21 14:33:42.575Z,1.6513,8,SYNTH
2026-04-21 14:33:43.441Z,1.6503,12,SYNTH
2026-04-21 14:33:44.217Z,1.6506,8,SYNTH
2026-04-21 14:33:45.307Z,1.6482,13,SYNTH
2026-04-21 14:33:46.127Z,1.6505,14,SYNTH
2026-04-21 14:33:47.221Z,1.6483,20,SYNTH
2026-04-21 14:33:48.429Z,1.6493,11,SYNTH
2026-04-21 14:33:49.172Z,1.6513,12,SYNTH
2026-04-21 14:33:50.445Z,1.6488,13,SYNTH
2026-04-21 14:33:51.120Z,1.6518,18,SYNTH
2026-04-21 14:33:52.862Z,1.6479,19,SYNTH
2026-04-21 14:33:53.185Z,1.6516,19,SYNTH
2026-04-21 14:33:54.192Z,1.6519,12,SYNTH
2026-04-21 14:33:55.528Z,1.6491,12,SYNTH
2026-04-21 14:33:56.518Z,1.6505,14,SYNTH
2026-04-21 14:33:57.713Z,1.6499,19,SYNTH
2026-04-21 14:33:58.192Z,1.6485,23,SYNTH
2026-04-21 14:33:59.376Z,1.6505,22,SYNTH
2026-04-21 14:34:00.070Z,1.6604,21,SYNTH
2026-04-21 14:34:01.012Z,1.6611,21,SYNTH
2026-04-21 14:34:02.050Z,1.6607,21,SYNTH
2026-04-21 14:34:03.345Z,1.6605,12,SYNTH
2026-04-21 14:34:04.757Z,1.6603,21,SYNTH
2026-04-21 14:34:05.608Z,1.6580,18,SYNTH
2026-04-21 14:34:06.161Z,1.6622,20,SYNTH
2026-04-21 14:34:07.861Z,1.6583,18,SYNTH
2026-04-21 14:34:08.553Z,1.6609,10,SYNTH
2026-04-21 14:34:09.682Z,1.6589,19,SYNTH
2026-04-21 14:34:10.513Z,1.6598,13,SYNTH
2026-04-21 14:34:11.512Z,1.6605,30,SYNTH
2026-04-21 14:34:12.772Z,1.6603,40,SYNTH
2026-04-21 14:34:13.145Z,1.6587,43,SYNTH
2026-04-21 14:34:14.473Z,1.6599,16,SYNTH
2026-04-21 14:34:15.033Z,1.6613,15,SYNTH
2026-04-21 14:34:16.319Z,1.6615,28,SYNTH
2026-04-21 14:34:17.527Z,1.6583,18,SYNTH
2026-04-21 14:34:18.143Z,1.6601,24,SYNTH
2026-04-21 14:34:19.715Z,1.6623,13,SYNTH
2026-04-21 14:34:20.417Z,1.6624,7,SYNTH
2026-04-21 14:34:21.811Z,1.6602,10,SYNTH
2026-04-21 14:34:22.471Z,1.6627,7,SYNTH
2026-04-21 14:34:23.360Z,1.6636,14,SYNTH
2026-04-21 14:34:24.601Z,1.6641,13,SYNTH
2026-04-21 14:34:25.719Z,1.6635,14,SYNTH
2026-04-21 14:34:26.889Z,1.6639,13,SYNTH
2026-04-21 14:34:27.257Z,1.6652,14,SYNTH
2026-04-21 14:34:28.264Z,1.6659,10,SYNTH
2026-04-21 14:34:29.077Z,1.6668,7,SYNTH
2026-04-21 14:34:30.452Z,1.6674,13,SYNTH
2026-04-21 14:34:31.445Z,1.6668,7,SYNTH
2026-04-21 14:34:32.814Z,1.6690,15,SYNTH
2026-04-21 14:34:33.556Z,1.6690,7,SYNTH
2026-04-21 14:34:34.793Z,1.6691,12,SYNTH
2026-04-21 14:34:35.775Z,1.6706,12,SYNTH
2026-04-21 14:34:36.719Z,1.6678,7,SYNTH
2026-04-21 14:34:37.456Z,1.6712,21,SYNTH
2026-04-21 14:34:38.766Z,1.6718,37,SYNTH
2026-04-21 14:34:39.753Z,1.6692,30,SYNTH
2026-04-21 14:34:40.015Z,1.6704,28,SYNTH
2026-04-21 14:34:41.607Z,1.6691,6,SYNTH
2026-04-21 14:34:42.350Z,1.6688,8,SYNTH
2026-04-21 14:34:43.502Z,1.6681,12,SYNTH
2026-04-21 14:34:44.712Z,1.6681,17,SYNTH
2026-04-21 14:34:45.176Z,1.6705,25,SYNTH
2026-04-21 14:34:46.216Z,1.6697,25,SYNTH
2026-04-21 14:34:47.246Z,1.6691,13,SYNTH
2026-04-21 14:34:48.511Z,1.6691,17,SYNTH
2026-04-21 14:34:49.504Z,1.6706,18,SYNTH
2026-04-21 14:34:50.460Z,1.6697,14,SYNTH
2026-04-21 14:34:51.011Z,1.6704,14,SYNTH
2026-04-21 14:34:52.570Z,1.6707,12,SYNTH
2026-04-21 14:34:53.611Z,1.6706,17,SYNTH
2026-04-21 14:34:54.494Z,1.6702,8,SYNTH
2026-04-21 14:34:55.298Z,1.6680,12,SYNTH
2026-04-21 14:34:56.574Z,1.6708,21,SYNTH
2026-04-21 14:34:57.510Z,1.6684,14,SYNTH
2026-04-21 14:34:58.295Z,1.6707,13,SYNTH
2026-04-21 14:34:59.855Z,1.6696,22,SYNTH
2026-04-21 14:35:00.004Z,1.6707,1,SYNTH
2026-04-21 14:35:01.712Z,1.6720,1,SYNTH
2026-04-21 14:35:02.193Z,1.6722,1,SYNTH
2026-04-21 14:35:03.700Z,1.6683,1,SYNTH
2026-04-21 14:35:04.317Z,1.6707,1,SYNTH
2026-04-21 14:35:05.262Z,1.6693,1,SYNTH
2026-04-21 14:35:06.640Z,1.6685,1,SYNTH
2026-04-21 14:35:07.863Z,1.6708,1,SYNTH
2026-04-21 14:35:08.663Z,1.6677,1,SYNTH
2026-04-21 14:35:09.719Z,1.6721,1,SYNTH
2026-04-21 14:35:10.171Z,1.6690,1,SYNTH
2026-04-21 14:35:11.537Z,1.6681,3,SYNTH
2026-04-21 14:35:12.141Z,1.6714,2,SYNTH
2026-04-21 14:35:13.152Z,1.6706,1,SYNTH
2026-04-21 14:35:14.760Z,1.6723,1,SYNTH
2026-04-21 14:35:15.423Z,1.6690,1,SYNTH
2026-04-21 14:35:16.767Z,1.6712,1,SYNTH
2026-04-21 14:35:17.331Z,1.6707,1,SYNTH
2026-04-21 14:35:18.216Z,1.6684,1,SYNTH
2026-04-21 14:35:19.016Z,1.6708,2,SYNTH
2026-04-21 14:35:20.740Z,1.6704,1,SYNTH
2026-04-21 14:35:21.392Z,1.6686,1,SYNTH
2026-04-21 14:35:22.527Z,1.6716,1,SYNTH
2026-04-21 14:35:23.313Z,1.6717,1,SYNTH
2026-04-21 14:35:24.447Z,1.6693,1,SYNTH
2026-04-21 14:35:25.513Z,1.6697,1,SYNTH
2026-04-21 14:35:26.269Z,1.6678,1,SYNTH
2026-04-21 14:35:27.631Z,1.6715,1,SYNTH
2026-04-21 14:35:28.524Z,1.6694,1,SYNTH
2026-04-21 14:35:29.087Z,1.6710,1,SYNTH
2026-04-21 14:35:30.329Z,1.6687,1,SYNTH
2026-04-21 14:35:31.814Z,1.6713,1,SYNTH
2026-04-21 14:35:32.573Z,1.6684,1,SYNTH
2026-04-21 14:35:33.192Z,1.6678,1,SYNTH
2026-04-21 14:35:34.736Z,1.6702,1,SYNTH
2026-04-21 14:35:35.128Z,1.6694,1,SYNTH
2026-04-21 14:35:36.745Z,1.6704,1,SYNTH
2026-04-21 14:35:37.553Z,1.6690,1,SYNTH
2026-04-21 14:35:38.269Z,1.6719,1,SYNTH
2026-04-21 14:35:39.311Z,1.6691,2,SYNTH
2026-04-21 14:35:40.899Z,1.6680,2,SYNTH
2026-04-21 14:35:41.851Z,1.6717,1,SYNTH
2026-04-21 14:35:42.500Z,1.6695,1,SYNTH
2026-04-21 14:35:43.338Z,1.6686,1,SYNTH
2026-04-21 14:35:44.819Z,1.6702,1,SYNTH
2026-04-21 14:35:45.801Z,1.6717,1,SYNTH
2026-04-21 14:35:46.576Z,1.6693,1,SYNTH
2026-04-21 14:35:47.799Z,1.6720,2,SYNTH
2026-04-21 14:35:48.377Z,1.6683,1,SYNTH
2026-04-21 14:35:49.540Z,1.6710,1,SYNTH
2026-04-21 14:35:50.744Z,1.6712,1,SYNTH
2026-04-21 14:35:51.719Z,1.6722,1,SYNTH
2026-04-21 14:35:52.284Z,1.6722,1,SYNTH
2026-04-21 14:35:53.159Z,1.6679,1,SYNTH
2026-04-21 14:35:54.649Z,1.6708,1,SYNTH
2026-04-21 14:35:55.471Z,1.6721,1,SYNTH
2026-04-21 14:35:56.449Z,1.6696,1,SYNTH
2026-04-21 14:35:57.455Z,1.6713,1,SYNTH
2026-04-21 14:35:58.472Z,1.6687,1,SYNTH
2026-04-21 14:35:59.474Z,1.6703,1,SYNTH
2026-04-21 14:36:00.769Z,1.6609,11,SYNTH
2026-04-21 14:36:01.291Z,1.6584,10,SYNTH
2026-04-21 14:36:02.671Z,1.6608,13,SYNTH
2026-04-21 14:36:03.550Z,1.6587,8,SYNTH
2026-04-21 14:36:04.012Z,1.6604,9,SYNTH
2026-04-21 14:36:05.084Z,1.6590,9,SYNTH
2026-04-21 14:36:06.841Z,1.6615,8,SYNTH
2026-04-21 14:36:07.649Z,1.6606,7,SYNTH
2026-04-21 14:36:08.182Z,1.6621,12,SYNTH
2026-04-21 14:36:09.735Z,1.6578,9,SYNTH
2026-04-21 14:36:10.300Z,1.6616,7,SYNTH
2026-04-21 14:36:11.125Z,1.6614,23,SYNTH
2026-04-21 14:36:12.811Z,1.6595,19,SYNTH
2026-04-21 14:36:13.856Z,1.6584,15,SYNTH
2026-04-21 14:36:14.862Z,1.6609,9,SYNTH
2026-04-21 14:36:15.858Z,1.6578,6,SYNTH
2026-04-21 14:36:16.695Z,1.6600,15,SYNTH
2026-04-21 14:36:17.786Z,1.6591,18,SYNTH
2026-04-21 14:36:18.827Z,1.6606,17,SYNTH
2026-04-21 14:36:19.246Z,1.6597,15,SYNTH
2026-04-21 14:36:20.693Z,1.6609,4,SYNTH
2026-04-21 14:36:21.341Z,1.6582,5,SYNTH
2026-04-21 14:36:22.272Z,1.6579,8,SYNTH
2026-04-21 14:36:23.152Z,1.6602,9,SYNTH
2026-04-21 14:36:24.340Z,1.6594,6,SYNTH
2026-04-21 14:36:25.751Z,1.6612,7,SYNTH
2026-04-21 14:36:26.324Z,1.6592,8,SYNTH
2026-04-21 14:36:27.055Z,1.6618,6,SYNTH
2026-04-21 14:36:28.358Z,1.6578,9,SYNTH
2026-04-21 14:36:29.814Z,1.6606,5,SYNTH
2026-04-21 14:36:30.308Z,1.6595,8,SYNTH
2026-04-21 14:36:31.287Z,1.6616,8,SYNTH
2026-04-21 14:36:32.749Z,1.6615,5,SYNTH
2026-04-21 14:36:33.147Z,1.6606,9,SYNTH
2026-04-21 14:36:34.804Z,1.6616,7,SYNTH
2026-04-21 14:36:35.788Z,1.6592,8,SYNTH
2026-04-21 14:36:36.465Z,1.6618,9,SYNTH
2026-04-21 14:36:37.702Z,1.6604,15,SYNTH
2026-04-21 14:36:38.001Z,1.6611,22,SYNTH
2026-04-21 14:36:39.284Z,1.6582,11,SYNTH
2026-04-21 14:36:40.306Z,1.6604,23,SYNTH
2026-04-21 14:36:41.843Z,1.6598,9,SYNTH
2026-04-21 14:36:42.516Z,1.6580,7,SYNTH
2026-04-21 14:36:43.581Z,1.6613,6,SYNTH
2026-04-21 14:36:44.464Z,1.6581,10,SYNTH
2026-04-21 14:36:45.653Z,1.6613,8,SYNTH
2026-04-21 14:36:46.143Z,1.6576,12,SYNTH
2026-04-21 14:36:47.459Z,1.6598,17,SYNTH
2026-04-21 14:36:48.724Z,1.6581,7,SYNTH
2026-04-21 14:36:49.864Z,1.6604,5,SYNTH
2026-04-21 14:36:50.163Z,1.6599,12,SYNTH
2026-04-21 14:36:51.191Z,1.6586,12,SYNTH
2026-04-21 14:36:52.279Z,1.6604,9,SYNTH
2026-04-21 14:36:53.297Z,1.6586,6,SYNTH
2026-04-21 14:36:54.606Z,1.6592,9,SYNTH
2026-04-21 14:36:55.418Z,1.6605,11,SYNTH
2026-04-21 14:36:56.302Z,1.6610,12,SYNTH
2026-04-21 14:36:57.466Z,1.6619,10,SYNTH
2026-04-21 14:36:58.600Z,1.6584,12,SYNTH
2026-04-21 14:36:59.691Z,1.6606,7,SYNTH
2026-04-21 14:40:00.119Z,1.6403,40,SYNTH
2026-04-21 14:40:01.825Z,1.6420,52,SYNTH
2026-04-21 14:40:02.750Z,1.6425,58,SYNTH
2026-04-21 14:40:03.581Z,1.6422,61,SYNTH
2026-04-21 14:40:04.149Z,1.6422,57,SYNTH
2026-04-21 14:40:05.544Z,1.6426,33,SYNTH
2026-04-21 14:40:06.251Z,1.6447,34,SYNTH
2026-04-21 14:40:07.707Z,1.6446,50,SYNTH
2026-04-21 14:40:08.897Z,1.6440,64,SYNTH
2026-04-21 14:40:09.077Z,1.6445,48,SYNTH
2026-04-21 14:40:10.551Z,1.6450,40,SYNTH
2026-04-21 14:40:11.111Z,1.6446,90,SYNTH
2026-04-21 14:40:12.268Z,1.6431,85,SYNTH
2026-04-21 14:40:13.165Z,1.6456,71,SYNTH
2026-04-21 14:40:14.496Z,1.6432,44,SYNTH
2026-04-21 14:40:15.037Z,1.6419,30,SYNTH
2026-04-21 14:40:16.592Z,1.6460,57,SYNTH
2026-04-21 14:40:17.749Z,1.6419,90,SYNTH
2026-04-21 14:40:18.030Z,1.6440,66,SYNTH
2026-04-21 14:40:19.322Z,1.6429,48,SYNTH
2026-04-21 14:40:20.821Z,1.6442,46,SYNTH
2026-04-21 14:40:21.283Z,1.6421,37,SYNTH
2026-04-21 14:40:22.419Z,1.6416,26,SYNTH
2026-04-21 14:40:23.066Z,1.6402,47,SYNTH
2026-04-21 14:40:24.644Z,1.6398,42,SYNTH
2026-04-21 14:40:25.606Z,1.6390,27,SYNTH
2026-04-21 14:40:26.443Z,1.6370,50,SYNTH
2026-04-21 14:40:27.691Z,1.6373,33,SYNTH
2026-04-21 14:40:28.250Z,1.6365,43,SYNTH
2026-04-21 14:40:29.501Z,1.6360,46,SYNTH
2026-04-21 14:40:30.455Z,1.6343,37,SYNTH
2026-04-21 14:40:31.727Z,1.6333,50,SYNTH
2026-04-21 14:40:32.776Z,1.6310,47,SYNTH
2026-04-21 14:40:33.741Z,1.6313,30,SYNTH
2026-04-21 14:40:34.033Z,1.6314,33,SYNTH
2026-04-21 14:40:35.008Z,1.6300,40,SYNTH
2026-04-21 14:40:36.161Z,1.6294,49,SYNTH
2026-04-21 14:40:37.504Z,1.6283,107,SYNTH
2026-04-21 14:40:38.790Z,1.6311,74,SYNTH
2026-04-21 14:40:39.100Z,1.6288,114,SYNTH
2026-04-21 14:40:40.576Z,1.6308,90,SYNTH
2026-04-21 14:40:41.011Z,1.6326,52,SYNTH
2026-04-21 14:40:42.110Z,1.6325,55,SYNTH
2026-04-21 14:40:43.384Z,1.6289,34,SYNTH
2026-04-21 14:40:44.733Z,1.6323,42,SYNTH
2026-04-21 14:40:45.088Z,1.6328,51,SYNTH
2026-04-21 14:40:46.629Z,1.6321,73,SYNTH
2026-04-21 14:40:47.230Z,1.6305,92,SYNTH
2026-04-21 14:40:48.091Z,1.6320,35,SYNTH
2026-04-21 14:40:49.055Z,1.6305,53,SYNTH
2026-04-21 14:40:50.236Z,1.6291,56,SYNTH
2026-04-21 14:40:51.424Z,1.6326,35,SYNTH
2026-04-21 14:40:52.436Z,1.6327,43,SYNTH
2026-04-21 14:40:53.226Z,1.6326,62,SYNTH
2026-04-21 14:40:54.671Z,1.6299,68,SYNTH
2026-04-21 14:40:55.865Z,1.6283,63,SYNTH
2026-04-21 14:40:56.076Z,1.6283,50,SYNTH
2026-04-21 14:40:57.626Z,1.6320,53,SYNTH
2026-04-21 14:40:58.313Z,1.6279,46,SYNTH
2026-04-21 14:40:59.216Z,1.6303,66,SYNTH
2026-04-21 14:43:00.838Z,1.6514,5,SYNTH
2026-04-21 14:43:01.073Z,1.6507,8,SYNTH
2026-04-21 14:43:02.003Z,1.6481,6,SYNTH
2026-04-21 14:43:03.857Z,1.6505,6,SYNTH
2026-04-21 14:43:04.639Z,1.6511,3,SYNTH
2026-04-21 14:43:05.744Z,1.6509,3,SYNTH
2026-04-21 14:43:06.852Z,1.6483,5,SYNTH
2026-04-21 14:43:07.807Z,1.6508,5,SYNTH
2026-04-21 14:43:08.768Z,1.6488,7,SYNTH
2026-04-21 14:43:09.499Z,1.6515,7,SYNTH
2026-04-21 14:43:10.222Z,1.6481,3,SYNTH
2026-04-21 14:43:11.002Z,1.6504,9,SYNTH
2026-04-21 14:43:12.636Z,1.6498,13,SYNTH
2026-04-21 14:43:13.552Z,1.6491,13,SYNTH
2026-04-21 14:43:14.129Z,1.6518,4,SYNTH
2026-04-21 14:43:15.361Z,1.6492,4,SYNTH
2026-04-21 14:43:16.117Z,1.6494,9,SYNTH
2026-04-21 14:43:17.814Z,1.6510,10,SYNTH
2026-04-21 14:43:18.750Z,1.6516,9,SYNTH
2026-04-21 14:43:19.477Z,1.6491,8,SYNTH
2026-04-21 14:43:20.373Z,1.6509,3,SYNTH
2026-04-21 14:43:21.422Z,1.6524,3,SYNTH
2026-04-21 14:43:22.847Z,1.6493,2,SYNTH
2026-04-21 14:43:23.308Z,1.6506,4,SYNTH
2026-04-21 14:43:24.734Z,1.6498,3,SYNTH
2026-04-21 14:43:25.416Z,1.6507,3,SYNTH
2026-04-21 14:43:26.782Z,1.6500,5,SYNTH
2026-04-21 14:43:27.017Z,1.6507,4,SYNTH
2026-04-21 14:43:28.740Z,1.6514,3,SYNTH
2026-04-21 14:43:29.797Z,1.6502,2,SYNTH
2026-04-21 14:43:30.046Z,1.6490,4,SYNTH
2026-04-21 14:43:31.521Z,1.6517,2,SYNTH
2026-04-21 14:43:32.477Z,1.6496,3,SYNTH
2026-04-21 14:43:33.369Z,1.6517,3,SYNTH
2026-04-21 14:43:34.260Z,1.6522,2,SYNTH
2026-04-21 14:43:35.362Z,1.6496,4,SYNTH
2026-04-21 14:43:36.141Z,1.6496,3,SYNTH
2026-04-21 14:43:37.668Z,1.6519,6,SYNTH
2026-04-21 14:43:38.595Z,1.6489,8,SYNTH
2026-04-21 14:43:39.808Z,1.6517,9,SYNTH
2026-04-21 14:43:40.445Z,1.6519,6,SYNTH
2026-04-21 14:43:41.272Z,1.6480,5,SYNTH
2026-04-21 14:43:42.418Z,1.6505,3,SYNTH
2026-04-21 14:43:43.560Z,1.6520,5,SYNTH
2026-04-21 14:43:44.435Z,1.6485,4,SYNTH
2026-04-21 14:43:45.204Z,1.6499,9,SYNTH
2026-04-21 14:43:46.391Z,1.6515,9,SYNTH
2026-04-21 14:43:47.595Z,1.6478,4,SYNTH
2026-04-21 14:43:48.682Z,1.6523,5,SYNTH
2026-04-21 14:43:49.306Z,1.6487,4,SYNTH
2026-04-21 14:43:50.168Z,1.6518,6,SYNTH
2026-04-21 14:43:51.217Z,1.6482,3,SYNTH
2026-04-21 14:43:52.002Z,1.6520,4,SYNTH
2026-04-21 14:43:53.799Z,1.6478,4,SYNTH
2026-04-21 14:43:54.478Z,1.6515,7,SYNTH
2026-04-21 14:43:55.239Z,1.6519,5,SYNTH
2026-04-21 14:43:56.249Z,1.6482,7,SYNTH
2026-04-21 14:43:57.325Z,1.6488,3,SYNTH
2026-04-21 14:43:58.057Z,1.6518,4,SYNTH
2026-04-21 14:43:59.759Z,1.6507,7,SYNTH
2026-04-21 14:45:00.627Z,1.6511,4,SYNTH
2026-04-21 14:45:01.594Z,1.6519,3,SYNTH
2026-04-21 14:45:02.373Z,1.6514,7,SYNTH
2026-04-21 14:45:03.211Z,1.6516,6,SYNTH
2026-04-21 14:45:04.013Z,1.6487,4,SYNTH
2026-04-21 14:45:05.053Z,1.6481,6,SYNTH
2026-04-21 14:45:06.807Z,1.6512,6,SYNTH
2026-04-21 14:45:07.823Z,1.6502,3,SYNTH
2026-04-21 14:45:08.103Z,1.6480,4,SYNTH
2026-04-21 14:45:09.020Z,1.6511,3,SYNTH
2026-04-21 14:45:10.272Z,1.6507,3,SYNTH
2026-04-21 14:45:11.751Z,1.6515,13,SYNTH
2026-04-21 14:45:12.673Z,1.6487,9,SYNTH
2026-04-21 14:45:13.318Z,1.6513,9,SYNTH
2026-04-21 14:45:14.619Z,1.6481,4,SYNTH
2026-04-21 14:45:15.244Z,1.6497,4,SYNTH
2026-04-21 14:45:16.232Z,1.6500,9,SYNTH
2026-04-21 14:45:17.768Z,1.6507,4,SYNTH
2026-04-21 14:45:18.835Z,1.6496,4,SYNTH
2026-04-21 14:45:19.662Z,1.6483,9,SYNTH
2026-04-21 14:45:20.126Z,1.6510,2,SYNTH
2026-04-21 14:45:21.649Z,1.6506,2,SYNTH
2026-04-21 14:45:22.750Z,1.6510,3,SYNTH
2026-04-21 14:45:23.049Z,1.6519,4,SYNTH
2026-04-21 14:45:24.279Z,1.6492,3,SYNTH
2026-04-21 14:45:25.328Z,1.6501,3,SYNTH
2026-04-21 14:45:26.134Z,1.6484,4,SYNTH
2026-04-21 14:45:27.067Z,1.6519,3,SYNTH
2026-04-21 14:45:28.288Z,1.6490,2,SYNTH
2026-04-21 14:45:29.640Z,1.6493,4,SYNTH
2026-04-21 14:45:30.491Z,1.6503,2,SYNTH
2026-04-21 14:45:31.027Z,1.6512,3,SYNTH
2026-04-21 14:45:32.464Z,1.6496,3,SYNTH
2026-04-21 14:45:33.252Z,1.6512,3,SYNTH
2026-04-21 14:45:34.642Z,1.6516,2,SYNTH
2026-04-21 14:45:35.469Z,1.6482,3,SYNTH
2026-04-21 14:45:36.483Z,1.6497,3,SYNTH
2026-04-21 14:45:37.085Z,1.6508,12,SYNTH
2026-04-21 14:45:38.724Z,1.6489,6,SYNTH
2026-04-21 14:45:39.187Z,1.6479,11,SYNTH
2026-04-21 14:45:40.854Z,1.6497,6,SYNTH
2026-04-21 14:45:41.482Z,1.6507,2,SYNTH
2026-04-21 14:45:42.728Z,1.6485,4,SYNTH
2026-04-21 14:45:43.788Z,1.6486,3,SYNTH
2026-04-21 14:45:44.538Z,1.6489,4,SYNTH
2026-04-21 14:45:45.338Z,1.6501,7,SYNTH
2026-04-21 14:45:46.234Z,1.6519,4,SYNTH
2026-04-21 14:45:47.266Z,1.6518,7,SYNTH
2026-04-21 14:45:48.892Z,1.6478,5,SYNTH
2026-04-21 14:45:49.741Z,1.6517,4,SYNTH
2026-04-21 14:45:50.327Z,1.6494,5,SYNTH
2026-04-21 14:45:51.228Z,1.6509,5,SYNTH
2026-04-21 14:45:52.579Z,1.6503,4,SYNTH
2026-04-21 14:45:53.451Z,1.6507,4,SYNTH
2026-04-21 14:45:54.393Z,1.6487,5,SYNTH
2026-04-21 14:45:55.262Z,1.6510,3,SYNTH
2026-04-21 14:45:56.344Z,1.6481,7,SYNTH
2026-04-21 14:45:57.728Z,1.6507,5,SYNTH
2026-04-21 14:45:58.264Z,1.6480,6,SYNTH
2026-04-21 14:45:59.175Z,1.6508,6,SYNTH
2026-04-21 14:46:00.021Z,1.6503,17,SYNTH
2026-04-21 14:46:01.036Z,1.6519,26,SYNTH
2026-04-21 14:46:02.043Z,1.6498,15,SYNTH
2026-04-21 14:46:03.814Z,1.6509,18,SYNTH
2026-04-21 14:46:04.212Z,1.6496,23,SYNTH
2026-04-21 14:46:05.241Z,1.6518,13,SYNTH
2026-04-21 14:46:06.129Z,1.6515,11,SYNTH
2026-04-21 14:46:07.418Z,1.6493,24,SYNTH
2026-04-21 14:46:08.316Z,1.6485,15,SYNTH
2026-04-21 14:46:09.401Z,1.6500,18,SYNTH
2026-04-21 14:46:10.074Z,1.6517,16,SYNTH
2026-04-21 14:46:11.243Z,1.6482,31,SYNTH
2026-04-21 14:46:12.280Z,1.6514,51,SYNTH
2026-04-21 14:46:13.029Z,1.6502,41,SYNTH
2026-04-21 14:46:14.397Z,1.6480,16,SYNTH
2026-04-21 14:46:15.038Z,1.6501,18,SYNTH
2026-04-21 14:46:16.172Z,1.6522,30,SYNTH
2026-04-21 14:46:17.646Z,1.6492,32,SYNTH
2026-04-21 14:46:18.871Z,1.6512,23,SYNTH
2026-04-21 14:46:19.430Z,1.6488,22,SYNTH
2026-04-21 14:46:20.404Z,1.6513,16,SYNTH
2026-04-21 14:46:21.829Z,1.6512,16,SYNTH
2026-04-21 14:46:22.561Z,1.6486,18,SYNTH
2026-04-21 14:46:23.336Z,1.6506,17,SYNTH
2026-04-21 14:46:24.739Z,1.6517,8,SYNTH
2026-04-21 14:46:25.572Z,1.6516,8,SYNTH
2026-04-21 14:46:26.369Z,1.6490,12,SYNTH
2026-04-21 14:46:27.591Z,1.6494,11,SYNTH
2026-04-21 14:46:28.354Z,1.6505,15,SYNTH
2026-04-21 14:46:29.057Z,1.6481,10,SYNTH
2026-04-21 14:46:30.846Z,1.6512,19,SYNTH
2026-04-21 14:46:31.037Z,1.6498,9,SYNTH
2026-04-21 14:46:32.489Z,1.6487,11,SYNTH
2026-04-21 14:46:33.652Z,1.6504,13,SYNTH
2026-04-21 14:46:34.406Z,1.6500,8,SYNTH
2026-04-21 14:46:35.224Z,1.6490,10,SYNTH
2026-04-21 14:46:36.350Z,1.6522,16,SYNTH
2026-04-21 14:46:37.789Z,1.6496,38,SYNTH
2026-04-21 14:46:38.877Z,1.6502,41,SYNTH
2026-04-21 14:46:39.392Z,1.6519,22,SYNTH
2026-04-21 14:46:40.623Z,1.6496,46,SYNTH
2026-04-21 14:46:41.647Z,1.6484,16,SYNTH
2026-04-21 14:46:42.060Z,1.6505,11,SYNTH
2026-04-21 14:46:43.817Z,1.6508,16,SYNTH
2026-04-21 14:46:44.074Z,1.6487,12,SYNTH
2026-04-21 14:46:45.734Z,1.6484,16,SYNTH
2026-04-21 14:46:46.122Z,1.6510,28,SYNTH
2026-04-21 14:46:47.731Z,1.6512,29,SYNTH
2026-04-21 14:46:48.065Z,1.6522,19,SYNTH
2026-04-21 14:46:49.775Z,1.6482,16,SYNTH
2026-04-21 14:46:50.215Z,1.6519,23,SYNTH
2026-04-21 14:46:51.875Z,1.6511,13,SYNTH
2026-04-21 14:46:52.795Z,1.6513,16,SYNTH
2026-04-21 14:46:53.031Z,1.6504,14,SYNTH
2026-04-21 14:46:54.072Z,1.6484,15,SYNTH
2026-04-21 14:46:55.352Z,1.6480,26,SYNTH
2026-04-21 14:46:56.806Z,1.6522,24,SYNTH
2026-04-21 14:46:57.383Z,1.6497,23,SYNTH
2026-04-21 14:46:58.893Z,1.6505,27,SYNTH
2026-04-21 14:46:59.208Z,1.6487,27,SYNTH
2026-04-21 14:48:00.699Z,1.6406,13,SYNTH
2026-04-21 14:48:01.568Z,1.6391,15,SYNTH
2026-04-21 14:48:02.334Z,1.6411,18,SYNTH
2026-04-21 14:48:03.247Z,1.6389,14,SYNTH
2026-04-21 14:48:04.098Z,1.6396,10,SYNTH
2026-04-21 14:48:05.155Z,1.6414,15,SYNTH
2026-04-21 14:48:06.213Z,1.6411,16,SYNTH
2026-04-21 14:48:07.254Z,1.6423,10,SYNTH
2026-04-21 14:48:08.633Z,1.6386,10,SYNTH
2026-04-21 14:48:09.641Z,1.6412,9,SYNTH
2026-04-21 14:48:10.510Z,1.6421,7,SYNTH
2026-04-21 14:48:11.043Z,1.6382,17,SYNTH
2026-04-21 14:48:12.140Z,1.6401,30,SYNTH
2026-04-21 14:48:13.896Z,1.6392,28,SYNTH
2026-04-21 14:48:14.709Z,1.6399,12,SYNTH
2026-04-21 14:48:15.820Z,1.6409,13,SYNTH
2026-04-21 14:48:16.331Z,1.6381,27,SYNTH
2026-04-21 14:48:17.491Z,1.6411,14,SYNTH
2026-04-21 14:48:18.587Z,1.6385,15,SYNTH
2026-04-21 14:48:19.141Z,1.6420,18,SYNTH
2026-04-21 14:48:20.529Z,1.6377,7,SYNTH
2026-04-21 14:48:21.359Z,1.6402,12,SYNTH
2026-04-21 14:48:22.698Z,1.6404,7,SYNTH
2026-04-21 14:48:23.800Z,1.6386,7,SYNTH
2026-04-21 14:48:24.519Z,1.6411,6,SYNTH
2026-04-21 14:48:25.075Z,1.6410,8,SYNTH
2026-04-21 14:48:26.506Z,1.6389,13,SYNTH
2026-04-21 14:48:27.022Z,1.6414,9,SYNTH
2026-04-21 14:48:28.543Z,1.6417,6,SYNTH
2026-04-21 14:48:29.112Z,1.6395,11,SYNTH
2026-04-21 14:48:30.668Z,1.6398,8,SYNTH
2026-04-21 14:48:31.760Z,1.6392,12,SYNTH
2026-04-21 14:48:32.658Z,1.6403,13,SYNTH
2026-04-21 14:48:33.646Z,1.6413,13,SYNTH
2026-04-21 14:48:34.668Z,1.6383,13,SYNTH
2026-04-21 14:48:35.725Z,1.6379,8,SYNTH
2026-04-21 14:48:36.509Z,1.6420,8,SYNTH
2026-04-21 14:48:37.583Z,1.6382,34,SYNTH
2026-04-21 14:48:38.255Z,1.6401,27,SYNTH
2026-04-21 14:48:39.073Z,1.6409,22,SYNTH
2026-04-21 14:48:40.063Z,1.6414,28,SYNTH
2026-04-21 14:48:41.548Z,1.6410,12,SYNTH
2026-04-21 14:48:42.397Z,1.6392,8,SYNTH
2026-04-21 14:48:43.196Z,1.6393,8,SYNTH
2026-04-21 14:48:44.854Z,1.6380,11,SYNTH
2026-04-21 14:48:45.685Z,1.6405,22,SYNTH
2026-04-21 14:48:46.509Z,1.6414,12,SYNTH
2026-04-21 14:48:47.891Z,1.6397,10,SYNTH
2026-04-21 14:48:48.752Z,1.6397,15,SYNTH
2026-04-21 14:48:49.464Z,1.6404,14,SYNTH
2026-04-21 14:48:50.245Z,1.6390,12,SYNTH
2026-04-21 14:48:51.820Z,1.6414,9,SYNTH
2026-04-21 14:48:52.129Z,1.6405,11,SYNTH
2026-04-21 14:48:53.477Z,1.6387,13,SYNTH
2026-04-21 14:48:54.762Z,1.6420,16,SYNTH
2026-04-21 14:48:55.625Z,1.6402,19,SYNTH
2026-04-21 14:48:56.272Z,1.6421,13,SYNTH
2026-04-21 14:48:57.303Z,1.6387,15,SYNTH
2026-04-21 14:48:58.460Z,1.6384,18,SYNTH
2026-04-21 14:48:59.264Z,1.6409,9,SYNTH
2026-04-21 14:50:00.425Z,1.6412,8,SYNTH
2026-04-21 14:50:01.205Z,1.6383,7,SYNTH
2026-04-21 14:50:02.135Z,1.6382,12,SYNTH
2026-04-21 14:50:03.319Z,1.6411,7,SYNTH
2026-04-21 14:50:04.604Z,1.6408,11,SYNTH
2026-04-21 14:50:05.046Z,1.6415,6,SYNTH
2026-04-21 14:50:06.466Z,1.6406,14,SYNTH
2026-04-21 14:50:07.337Z,1.6390,12,SYNTH
2026-04-21 14:50:08.559Z,1.6388,13,SYNTH
2026-04-21 14:50:09.187Z,1.6383,13,SYNTH
2026-04-21 14:50:10.686Z,1.6414,8,SYNTH
2026-04-21 14:50:11.346Z,1.6417,17,SYNTH
2026-04-21 14:50:12.133Z,1.6387,32,SYNTH
2026-04-21 14:50:13.148Z,1.6392,21,SYNTH
2026-04-21 14:50:14.351Z,1.6410,11,SYNTH
2026-04-21 14:50:15.050Z,1.6422,8,SYNTH
2026-04-21 14:50:16.097Z,1.6393,21,SYNTH
2026-04-21 14:50:17.559Z,1.6381,15,SYNTH
2026-04-21 14:50:18.239Z,1.6379,18,SYNTH
2026-04-21 14:50:19.563Z,1.6397,18,SYNTH
2026-04-21 14:50:20.199Z,1.6405,8,SYNTH
2026-04-21 14:50:21.756Z,1.6399,6,SYNTH
2026-04-21 14:50:22.325Z,1.6415,10,SYNTH
2026-04-21 14:50:23.367Z,1.6383,7,SYNTH
2026-04-21 14:50:24.343Z,1.6411,6,SYNTH
2026-04-21 14:50:25.492Z,1.6398,10,SYNTH
2026-04-21 14:50:26.340Z,1.6383,10,SYNTH
2026-04-21 14:50:27.235Z,1.6409,9,SYNTH
2026-04-21 14:50:28.580Z,1.6385,8,SYNTH
2026-04-21 14:50:29.077Z,1.6387,5,SYNTH
2026-04-21 14:50:30.868Z,1.6405,8,SYNTH
2026-04-21 14:50:31.845Z,1.6421,6,SYNTH
2026-04-21 14:50:32.772Z,1.6394,5,SYNTH
2026-04-21 14:50:33.552Z,1.6401,7,SYNTH
2026-04-21 14:50:34.519Z,1.6390,11,SYNTH
2026-04-21 14:50:35.114Z,1.6416,6,SYNTH
2026-04-21 14:50:36.867Z,1.6413,5,SYNTH
2026-04-21 14:50:37.874Z,1.6386,12,SYNTH
2026-04-21 14:50:38.002Z,1.6402,25,SYNTH
2026-04-21 14:50:39.018Z,1.6406,28,SYNTH
2026-04-21 14:50:40.098Z,1.6410,15,SYNTH
2026-04-21 14:50:41.636Z,1.6405,10,SYNTH
2026-04-21 14:50:42.264Z,1.6392,10,SYNTH
2026-04-21 14:50:43.323Z,1.6395,10,SYNTH
2026-04-21 14:50:44.097Z,1.6411,7,SYNTH
2026-04-21 14:50:45.369Z,1.6417,14,SYNTH
2026-04-21 14:50:46.724Z,1.6387,14,SYNTH
2026-04-21 14:50:47.894Z,1.6383,16,SYNTH
2026-04-21 14:50:48.436Z,1.6401,7,SYNTH
2026-04-21 14:50:49.520Z,1.6387,8,SYNTH
2026-04-21 14:50:50.823Z,1.6416,7,SYNTH
2026-04-21 14:50:51.689Z,1.6420,13,SYNTH
2026-04-21 14:50:52.519Z,1.6382,11,SYNTH
2026-04-21 14:50:53.449Z,1.6382,10,SYNTH
2026-04-21 14:50:54.337Z,1.6403,15,SYNTH
2026-04-21 14:50:55.244Z,1.6390,9,SYNTH
2026-04-21 14:50:56.819Z,1.6398,8,SYNTH
2026-04-21 14:50:57.493Z,1.6410,16,SYNTH
2026-04-21 14:50:58.350Z,1.6391,11,SYNTH
2026-04-21 14:50:59.367Z,1.6416,8,SYNTH
2026-04-21 15:01:00.129Z,1.6201,4,SYNTH
2026-04-21 15:01:01.193Z,1.6190,4,SYNTH
2026-04-21 15:01:02.533Z,1.6213,7,SYNTH
2026-04-21 15:01:03.266Z,1.6179,4,SYNTH
2026-04-21 15:01:04.149Z,1.6204,7,SYNTH
2026-04-21 15:01:05.116Z,1.6202,3,SYNTH
2026-04-21 15:01:06.322Z,1.6183,5,SYNTH
2026-04-21 15:01:07.539Z,1.6202,6,SYNTH
2026-04-21 15:01:08.079Z,1.6184,5,SYNTH
2026-04-21 15:01:09.849Z,1.6218,4,SYNTH
2026-04-21 15:01:10.449Z,1.6180,4,SYNTH
2026-04-21 15:01:11.824Z,1.6208,16,SYNTH
2026-04-21 15:01:12.523Z,1.6212,16,SYNTH
2026-04-21 15:01:13.271Z,1.6197,16,SYNTH
2026-04-21 15:01:14.221Z,1.6218,3,SYNTH
2026-04-21 15:01:15.670Z,1.6219,4,SYNTH
2026-04-21 15:01:16.198Z,1.6210,6,SYNTH
2026-04-21 15:01:17.312Z,1.6190,5,SYNTH
2026-04-21 15:01:18.823Z,1.6194,10,SYNTH
2026-04-21 15:01:19.176Z,1.6202,7,SYNTH
2026-04-21 15:01:20.819Z,1.6181,5,SYNTH
2026-04-21 15:01:21.116Z,1.6182,5,SYNTH
2026-04-21 15:01:22.263Z,1.6211,6,SYNTH
2026-04-21 15:01:23.731Z,1.6204,5,SYNTH
2026-04-21 15:01:24.610Z,1.6194,3,SYNTH
2026-04-21 15:01:25.365Z,1.6202,2,SYNTH
2026-04-21 15:01:26.330Z,1.6198,5,SYNTH
2026-04-21 15:01:27.737Z,1.6201,3,SYNTH
2026-04-21 15:01:28.878Z,1.6216,5,SYNTH
2026-04-21 15:01:29.487Z,1.6182,3,SYNTH
2026-04-21 15:01:30.025Z,1.6201,3,SYNTH
2026-04-21 15:01:31.386Z,1.6213,3,SYNTH
2026-04-21 15:01:32.767Z,1.6208,3,SYNTH
2026-04-21 15:01:33.223Z,1.6186,5,SYNTH
2026-04-21 15:01:34.753Z,1.6211,3,SYNTH
2026-04-21 15:01:35.074Z,1.6222,4,SYNTH
2026-04-21 15:01:36.106Z,1.6190,2,SYNTH
2026-04-21 15:01:37.277Z,1.6219,7,SYNTH
2026-04-21 15:01:38.011Z,1.6183,11,SYNTH
2026-04-21 15:01:39.159Z,1.6221,6,SYNTH
2026-04-21 15:01:40.869Z,1.6189,14,SYNTH
2026-04-21 15:01:41.142Z,1.6210,5,SYNTH
2026-04-21 15:01:42.161Z,1.6181,5,SYNTH
2026-04-21 15:01:43.706Z,1.6181,3,SYNTH
2026-04-21 15:01:44.177Z,1.6212,3,SYNTH
2026-04-21 15:01:45.091Z,1.6190,4,SYNTH
2026-04-21 15:01:46.886Z,1.6210,6,SYNTH
2026-04-21 15:01:47.192Z,1.6206,9,SYNTH
2026-04-21 15:01:48.755Z,1.6189,3,SYNTH
2026-04-21 15:01:49.395Z,1.6204,4,SYNTH
2026-04-21 15:01:50.238Z,1.6214,6,SYNTH
2026-04-21 15:01:51.298Z,1.6183,4,SYNTH
2026-04-21 15:01:52.545Z,1.6199,5,SYNTH
2026-04-21 15:01:53.482Z,1.6216,4,SYNTH
2026-04-21 15:01:54.593Z,1.6184,7,SYNTH
2026-04-21 15:01:55.157Z,1.6188,5,SYNTH
2026-04-21 15:01:56.097Z,1.6216,3,SYNTH
2026-04-21 15:01:57.774Z,1.6210,6,SYNTH
2026-04-21 15:01:58.255Z,1.6191,7,SYNTH
2026-04-21 15:01:59.186Z,1.6216,7,SYNTH
2026-04-21 15:05:00.403Z,1.6105,27,SYNTH
2026-04-21 15:05:01.777Z,1.6115,44,SYNTH
2026-04-21 15:05:02.868Z,1.6108,47,SYNTH
2026-04-21 15:05:03.603Z,1.6085,56,SYNTH
2026-04-21 15:05:04.355Z,1.6119,37,SYNTH
2026-04-21 15:05:05.051Z,1.6086,52,SYNTH
2026-04-21 15:05:06.481Z,1.6095,33,SYNTH
2026-04-21 15:05:07.077Z,1.6107,28,SYNTH
2026-04-21 15:05:08.179Z,1.6087,45,SYNTH
2026-04-21 15:05:09.819Z,1.6111,47,SYNTH
2026-04-21 15:05:10.729Z,1.6119,37,SYNTH
2026-04-21 15:05:11.693Z,1.6098,100,SYNTH
2026-04-21 15:05:12.316Z,1.6111,61,SYNTH
2026-04-21 15:05:13.167Z,1.6105,73,SYNTH
2026-04-21 15:05:14.522Z,1.6096,36,SYNTH
2026-04-21 15:05:15.050Z,1.6087,38,SYNTH
2026-04-21 15:05:16.725Z,1.6103,46,SYNTH
2026-04-21 15:05:17.287Z,1.6103,67,SYNTH
2026-04-21 15:05:18.877Z,1.6079,61,SYNTH
2026-04-21 15:05:19.335Z,1.6104,32,SYNTH
2026-04-21 15:05:20.074Z,1.6111,28,SYNTH
2026-04-21 15:05:21.460Z,1.6080,28,SYNTH
2026-04-21 15:05:22.633Z,1.6106,26,SYNTH
2026-04-21 15:05:23.532Z,1.6094,31,SYNTH
2026-04-21 15:05:24.547Z,1.6098,37,SYNTH
2026-04-21 15:05:25.893Z,1.6080,16,SYNTH
2026-04-21 15:05:26.307Z,1.6100,29,SYNTH
2026-04-21 15:05:27.016Z,1.6114,23,SYNTH
2026-04-21 15:05:28.415Z,1.6098,25,SYNTH
2026-04-21 15:05:29.163Z,1.6094,33,SYNTH
2026-04-21 15:05:30.752Z,1.6120,21,SYNTH
2026-04-21 15:05:31.620Z,1.6077,36,SYNTH
2026-04-21 15:05:32.857Z,1.6105,30,SYNTH
2026-04-21 15:05:33.700Z,1.6083,26,SYNTH
2026-04-21 15:05:34.675Z,1.6110,25,SYNTH
2026-04-21 15:05:35.438Z,1.6097,21,SYNTH
2026-04-21 15:05:36.103Z,1.6101,30,SYNTH
2026-04-21 15:05:37.153Z,1.6090,97,SYNTH
2026-04-21 15:05:38.463Z,1.6103,70,SYNTH
2026-04-21 15:05:39.225Z,1.6097,51,SYNTH
2026-04-21 15:05:40.141Z,1.6120,100,SYNTH
2026-04-21 15:05:41.362Z,1.6083,21,SYNTH
2026-04-21 15:05:42.348Z,1.6122,33,SYNTH
2026-04-21 15:05:43.868Z,1.6078,40,SYNTH
2026-04-21 15:05:44.827Z,1.6103,41,SYNTH
2026-04-21 15:05:45.802Z,1.6092,46,SYNTH
2026-04-21 15:05:46.002Z,1.6120,32,SYNTH
2026-04-21 15:05:47.157Z,1.6097,61,SYNTH
2026-04-21 15:05:48.730Z,1.6109,35,SYNTH
2026-04-21 15:05:49.605Z,1.6105,23,SYNTH
2026-04-21 15:05:50.783Z,1.6082,40,SYNTH
2026-04-21 15:05:51.016Z,1.6101,32,SYNTH
2026-04-21 15:05:52.056Z,1.6096,37,SYNTH
2026-04-21 15:05:53.681Z,1.6119,37,SYNTH
2026-04-21 15:05:54.086Z,1.6096,30,SYNTH
2026-04-21 15:05:55.140Z,1.6099,24,SYNTH
2026-04-21 15:05:56.035Z,1.6089,24,SYNTH
2026-04-21 15:05:57.748Z,1.6114,56,SYNTH
2026-04-21 15:05:58.506Z,1.6108,44,SYNTH
2026-04-21 15:05:59.313Z,1.6099,53,SYNTH
2026-04-21 15:14:00.543Z,1.6504,2,SYNTH
2026-04-21 15:14:01.896Z,1.6504,3,SYNTH
2026-04-21 15:14:02.610Z,1.6482,2,SYNTH
2026-04-21 15:14:03.616Z,1.6521,2,SYNTH
2026-04-21 15:14:04.101Z,1.6506,2,SYNTH
2026-04-21 15:14:05.081Z,1.6499,3,SYNTH
2026-04-21 15:14:06.619Z,1.6479,1,SYNTH
2026-04-21 15:14:07.204Z,1.6498,2,SYNTH
2026-04-21 15:14:08.081Z,1.6505,2,SYNTH
2026-04-21 15:14:09.762Z,1.6516,3,SYNTH
2026-04-21 15:14:10.297Z,1.6488,3,SYNTH
2026-04-21 15:14:11.180Z,1.6513,3,SYNTH
2026-04-21 15:14:12.251Z,1.6508,5,SYNTH
2026-04-21 15:14:13.654Z,1.6494,6,SYNTH
2026-04-21 15:14:14.160Z,1.6507,1,SYNTH
2026-04-21 15:14:15.526Z,1.6510,2,SYNTH
2026-04-21 15:14:16.429Z,1.6522,2,SYNTH
2026-04-21 15:14:17.417Z,1.6497,3,SYNTH
2026-04-21 15:14:18.759Z,1.6502,3,SYNTH
2026-04-21 15:14:19.114Z,1.6518,2,SYNTH
2026-04-21 15:14:20.686Z,1.6510,1,SYNTH
2026-04-21 15:14:21.838Z,1.6497,1,SYNTH
2026-04-21 15:14:22.626Z,1.6497,3,SYNTH
2026-04-21 15:14:23.690Z,1.6507,2,SYNTH
2026-04-21 15:14:24.246Z,1.6515,2,SYNTH
2026-04-21 15:14:25.027Z,1.6478,2,SYNTH
2026-04-21 15:14:26.136Z,1.6509,2,SYNTH
2026-04-21 15:14:27.513Z,1.6519,1,SYNTH
2026-04-21 15:14:28.331Z,1.6513,2,SYNTH
2026-04-21 15:14:29.244Z,1.6488,2,SYNTH
2026-04-21 15:14:30.472Z,1.6502,2,SYNTH
2026-04-21 15:14:31.494Z,1.6511,2,SYNTH
2026-04-21 15:14:32.177Z,1.6519,1,SYNTH
2026-04-21 15:14:33.552Z,1.6477,2,SYNTH
2026-04-21 15:14:34.818Z,1.6501,3,SYNTH
2026-04-21 15:14:35.068Z,1.6504,3,SYNTH
2026-04-21 15:14:36.255Z,1.6497,2,SYNTH
2026-04-21 15:14:37.769Z,1.6513,5,SYNTH
2026-04-21 15:14:38.565Z,1.6509,3,SYNTH
2026-04-21 15:14:39.778Z,1.6484,5,SYNTH
2026-04-21 15:14:40.753Z,1.6509,4,SYNTH
2026-04-21 15:14:41.760Z,1.6481,3,SYNTH
2026-04-21 15:14:42.851Z,1.6505,1,SYNTH
2026-04-21 15:14:43.525Z,1.6518,3,SYNTH
2026-04-21 15:14:44.416Z,1.6494,2,SYNTH
2026-04-21 15:14:45.663Z,1.6506,4,SYNTH
2026-04-21 15:14:46.331Z,1.6491,4,SYNTH
2026-04-21 15:14:47.292Z,1.6518,2,SYNTH
2026-04-21 15:14:48.875Z,1.6480,2,SYNTH
2026-04-21 15:14:49.339Z,1.6483,3,SYNTH
2026-04-21 15:14:50.796Z,1.6478,2,SYNTH
2026-04-21 15:14:51.735Z,1.6513,2,SYNTH
2026-04-21 15:14:52.615Z,1.6491,1,SYNTH
2026-04-21 15:14:53.497Z,1.6478,2,SYNTH
2026-04-21 15:14:54.389Z,1.6487,3,SYNTH
2026-04-21 15:14:55.629Z,1.6503,2,SYNTH
2026-04-21 15:14:56.559Z,1.6495,3,SYNTH
2026-04-21 15:14:57.283Z,1.6521,3,SYNTH
2026-04-21 15:14:58.248Z,1.6499,3,SYNTH
2026-04-21 15:14:59.794Z,1.6484,2,SYNTH
2026-04-21 15:15:00.092Z,1.6415,11,SYNTH
2026-04-21 15:15:01.414Z,1.6395,13,SYNTH
2026-04-21 15:15:02.350Z,1.6411,13,SYNTH
2026-04-21 15:15:03.664Z,1.6422,12,SYNTH
2026-04-21 15:15:04.663Z,1.6384,7,SYNTH
2026-04-21 15:15:05.577Z,1.6392,12,SYNTH
2026-04-21 15:15:06.121Z,1.6396,11,SYNTH
2026-04-21 15:15:07.507Z,1.6415,10,SYNTH
2026-04-21 15:15:08.695Z,1.6410,8,SYNTH
2026-04-21 15:15:09.538Z,1.6398,8,SYNTH
2026-04-21 15:15:10.052Z,1.6390,5,SYNTH
2026-04-21 15:15:11.129Z,1.6409,15,SYNTH
2026-04-21 15:15:12.392Z,1.6418,17,SYNTH
2026-04-21 15:15:13.628Z,1.6389,24,SYNTH
2026-04-21 15:15:14.171Z,1.6418,7,SYNTH
2026-04-21 15:15:15.803Z,1.6415,5,SYNTH
2026-04-21 15:15:16.267Z,1.6380,13,SYNTH
2026-04-21 15:15:17.319Z,1.6379,11,SYNTH
2026-04-21 15:15:18.806Z,1.6402,15,SYNTH
2026-04-21 15:15:19.249Z,1.6410,14,SYNTH
2026-04-21 15:15:20.582Z,1.6415,9,SYNTH
2026-04-21 15:15:21.484Z,1.6415,5,SYNTH
2026-04-21 15:15:22.803Z,1.6387,6,SYNTH
2026-04-21 15:15:23.017Z,1.6406,9,SYNTH
2026-04-21 15:15:24.729Z,1.6384,5,SYNTH
2026-04-21 15:15:25.298Z,1.6414,4,SYNTH
2026-04-21 15:15:26.760Z,1.6418,4,SYNTH
2026-04-21 15:15:27.096Z,1.6381,5,SYNTH
2026-04-21 15:15:28.332Z,1.6402,8,SYNTH
2026-04-21 15:15:29.748Z,1.6409,4,SYNTH
2026-04-21 15:15:30.225Z,1.6410,8,SYNTH
2026-04-21 15:15:31.396Z,1.6377,8,SYNTH
2026-04-21 15:15:32.691Z,1.6419,9,SYNTH
2026-04-21 15:15:33.593Z,1.6392,8,SYNTH
2026-04-21 15:15:34.612Z,1.6421,4,SYNTH
2026-04-21 15:15:35.508Z,1.6388,4,SYNTH
2026-04-21 15:15:36.392Z,1.6410,5,SYNTH
2026-04-21 15:15:37.625Z,1.6409,11,SYNTH
2026-04-21 15:15:38.567Z,1.6414,13,SYNTH
2026-04-21 15:15:39.499Z,1.6417,15,SYNTH
2026-04-21 15:15:40.200Z,1.6400,21,SYNTH
2026-04-21 15:15:41.104Z,1.6388,8,SYNTH
2026-04-21 15:15:42.291Z,1.6404,6,SYNTH
2026-04-21 15:15:43.588Z,1.6383,5,SYNTH
2026-04-21 15:15:44.629Z,1.6411,5,SYNTH
2026-04-21 15:15:45.832Z,1.6418,8,SYNTH
2026-04-21 15:15:46.527Z,1.6393,15,SYNTH
2026-04-21 15:15:47.511Z,1.6420,13,SYNTH
2026-04-21 15:15:48.899Z,1.6409,6,SYNTH
2026-04-21 15:15:49.726Z,1.6387,7,SYNTH
2026-04-21 15:15:50.153Z,1.6411,9,SYNTH
2026-04-21 15:15:51.095Z,1.6396,5,SYNTH
2026-04-21 15:15:52.526Z,1.6380,9,SYNTH
2026-04-21 15:15:53.228Z,1.6406,5,SYNTH
2026-04-21 15:15:54.194Z,1.6420,5,SYNTH
2026-04-21 15:15:55.534Z,1.6407,5,SYNTH
2026-04-21 15:15:56.550Z,1.6394,6,SYNTH
2026-04-21 15:15:57.405Z,1.6417,7,SYNTH
2026-04-21 15:15:58.502Z,1.6410,8,SYNTH
2026-04-21 15:15:59.166Z,1.6393,9,SYNTH
2026-04-21 15:18:00.457Z,1.6102,6,SYNTH
2026-04-21 15:18:01.366Z,1.6105,9,SYNTH
2026-04-21 15:18:02.029Z,1.6105,10,SYNTH
2026-04-21 15:18:03.580Z,1.6093,10,SYNTH
2026-04-21 15:18:04.473Z,1.6088,5,SYNTH
2026-04-21 15:18:05.733Z,1.6105,8,SYNTH
2026-04-21 15:18:06.712Z,1.6081,5,SYNTH
2026-04-21 15:18:07.605Z,1.6124,9,SYNTH
2026-04-21 15:18:08.853Z,1.6083,5,SYNTH
2026-04-21 15:18:09.780Z,1.6101,5,SYNTH
2026-04-21 15:18:10.325Z,1.6116,7,SYNTH
2026-04-21 15:18:11.085Z,1.6116,15,SYNTH
2026-04-21 15:18:12.624Z,1.6095,20,SYNTH
2026-04-21 15:18:13.085Z,1.6088,16,SYNTH
2026-04-21 15:18:14.615Z,1.6120,6,SYNTH
2026-04-21 15:18:15.028Z,1.6118,6,SYNTH
2026-04-21 15:18:16.097Z,1.6120,13,SYNTH
2026-04-21 15:18:17.153Z,1.6083,9,SYNTH
2026-04-21 15:18:18.642Z,1.6108,6,SYNTH
2026-04-21 15:18:19.111Z,1.6114,11,SYNTH
2026-04-21 15:18:20.233Z,1.6082,5,SYNTH
2026-04-21 15:18:21.138Z,1.6119,5,SYNTH
2026-04-21 15:18:22.862Z,1.6096,4,SYNTH
2026-04-21 15:18:23.851Z,1.6109,7,SYNTH
2026-04-21 15:18:24.769Z,1.6080,4,SYNTH
2026-04-21 15:18:25.444Z,1.6112,4,SYNTH
2026-04-21 15:18:26.256Z,1.6112,6,SYNTH
2026-04-21 15:18:27.709Z,1.6109,5,SYNTH
2026-04-21 15:18:28.108Z,1.6112,5,SYNTH
2026-04-21 15:18:29.339Z,1.6083,4,SYNTH
2026-04-21 15:18:30.157Z,1.6117,5,SYNTH
2026-04-21 15:18:31.067Z,1.6124,4,SYNTH
2026-04-21 15:18:32.265Z,1.6084,4,SYNTH
2026-04-21 15:18:33.644Z,1.6091,6,SYNTH
2026-04-21 15:18:34.515Z,1.6112,4,SYNTH
2026-04-21 15:18:35.663Z,1.6110,6,SYNTH
2026-04-21 15:18:36.542Z,1.6105,4,SYNTH
2026-04-21 15:18:37.069Z,1.6094,8,SYNTH
2026-04-21 15:18:38.594Z,1.6117,8,SYNTH
2026-04-21 15:18:39.551Z,1.6080,7,SYNTH
2026-04-21 15:18:40.317Z,1.6110,9,SYNTH
2026-04-21 15:18:41.378Z,1.6084,7,SYNTH
2026-04-21 15:18:42.690Z,1.6123,3,SYNTH
2026-04-21 15:18:43.003Z,1.6102,5,SYNTH
2026-04-21 15:18:44.645Z,1.6086,5,SYNTH
2026-04-21 15:18:45.278Z,1.6090,10,SYNTH
2026-04-21 15:18:46.889Z,1.6103,6,SYNTH
2026-04-21 15:18:47.694Z,1.6094,7,SYNTH
2026-04-21 15:18:48.725Z,1.6121,4,SYNTH
2026-04-21 15:18:49.682Z,1.6091,3,SYNTH
2026-04-21 15:18:50.092Z,1.6082,5,SYNTH
2026-04-21 15:18:51.866Z,1.6114,8,SYNTH
2026-04-21 15:18:52.377Z,1.6111,8,SYNTH
2026-04-21 15:18:53.065Z,1.6097,9,SYNTH
2026-04-21 15:18:54.458Z,1.6112,7,SYNTH
2026-04-21 15:18:55.780Z,1.6118,9,SYNTH
2026-04-21 15:18:56.739Z,1.6090,7,SYNTH
2026-04-21 15:18:57.734Z,1.6124,8,SYNTH
2026-04-21 15:18:58.284Z,1.6088,7,SYNTH
2026-04-21 15:18:59.831Z,1.6105,9,SYNTH
2026-04-21 15:19:00.721Z,1.6304,6,SYNTH
2026-04-21 15:19:01.096Z,1.6307,5,SYNTH
2026-04-21 15:19:02.855Z,1.6292,8,SYNTH
2026-04-21 15:19:03.128Z,1.6318,5,SYNTH
2026-04-21 15:19:04.311Z,1.6285,4,SYNTH
2026-04-21 15:19:05.343Z,1.6319,7,SYNTH
2026-04-21 15:19:06.136Z,1.6313,8,SYNTH
2026-04-21 15:19:07.455Z,1.6293,4,SYNTH
2026-04-21 15:19:08.218Z,1.6312,6,SYNTH
2026-04-21 15:19:09.766Z,1.6304,7,SYNTH
2026-04-21 15:19:10.595Z,1.6286,5,SYNTH
2026-04-21 15:19:11.157Z,1.6308,11,SYNTH
2026-04-21 15:19:12.838Z,1.6283,18,SYNTH
2026-04-21 15:19:13.843Z,1.6301,9,SYNTH
2026-04-21 15:19:14.432Z,1.6317,6,SYNTH
2026-04-21 15:19:15.816Z,1.6313,5,SYNTH
2026-04-21 15:19:16.731Z,1.6281,5,SYNTH
2026-04-21 15:19:17.321Z,1.6286,12,SYNTH
2026-04-21 15:19:18.156Z,1.6311,11,SYNTH
2026-04-21 15:19:19.354Z,1.6312,11,SYNTH
2026-04-21 15:19:20.720Z,1.6291,4,SYNTH
2026-04-21 15:19:21.809Z,1.6307,3,SYNTH
2026-04-21 15:19:22.805Z,1.6282,3,SYNTH
2026-04-21 15:19:23.889Z,1.6305,6,SYNTH
2026-04-21 15:19:24.619Z,1.6285,5,SYNTH
2026-04-21 15:19:25.168Z,1.6306,5,SYNTH
2026-04-21 15:19:26.570Z,1.6316,4,SYNTH
2026-04-21 15:19:27.264Z,1.6297,3,SYNTH
2026-04-21 15:19:28.690Z,1.6283,5,SYNTH
2026-04-21 15:19:29.247Z,1.6313,5,SYNTH
2026-04-21 15:19:30.735Z,1.6317,5,SYNTH
2026-04-21 15:19:31.591Z,1.6292,4,SYNTH
2026-04-21 15:19:32.343Z,1.6301,4,SYNTH
2026-04-21 15:19:33.269Z,1.6296,3,SYNTH
2026-04-21 15:19:34.657Z,1.6313,6,SYNTH
2026-04-21 15:19:35.061Z,1.6298,4,SYNTH
2026-04-21 15:19:36.353Z,1.6292,6,SYNTH
2026-04-21 15:19:37.090Z,1.6317,13,SYNTH
2026-04-21 15:19:38.351Z,1.6297,8,SYNTH
2026-04-21 15:19:39.799Z,1.6315,8,SYNTH
2026-04-21 15:19:40.190Z,1.6296,15,SYNTH
2026-04-21 15:19:41.172Z,1.6309,3,SYNTH
2026-04-21 15:19:42.691Z,1.6304,6,SYNTH
2026-04-21 15:19:43.287Z,1.6285,6,SYNTH
2026-04-21 15:19:44.330Z,1.6305,6,SYNTH
2026-04-21 15:19:45.817Z,1.6294,10,SYNTH
2026-04-21 15:19:46.888Z,1.6308,11,SYNTH
2026-04-21 15:19:47.153Z,1.6303,9,SYNTH
2026-04-21 15:19:48.570Z,1.6295,5,SYNTH
2026-04-21 15:19:49.787Z,1.6320,5,SYNTH
2026-04-21 15:19:50.163Z,1.6315,7,SYNTH
2026-04-21 15:19:51.428Z,1.6316,6,SYNTH
2026-04-21 15:19:52.069Z,1.6318,5,SYNTH
2026-04-21 15:19:53.704Z,1.6288,4,SYNTH
2026-04-21 15:19:54.058Z,1.6306,5,SYNTH
2026-04-21 15:19:55.325Z,1.6309,8,SYNTH
2026-04-21 15:19:56.547Z,1.6284,8,SYNTH
2026-04-21 15:19:57.287Z,1.6319,8,SYNTH
2026-04-21 15:19:58.692Z,1.6319,9,SYNTH
2026-04-21 15:19:59.218Z,1.6293,5,SYNTH
2026-04-21 15:21:00.436Z,1.6302,10,SYNTH
2026-04-21 15:21:01.768Z,1.6309,12,SYNTH
2026-04-21 15:21:02.643Z,1.6322,13,SYNTH
2026-04-21 15:21:03.717Z,1.6279,10,SYNTH
2026-04-21 15:21:04.482Z,1.6308,9,SYNTH
2026-04-21 15:21:05.530Z,1.6316,16,SYNTH
2026-04-21 15:21:06.032Z,1.6320,15,SYNTH
2026-04-21 15:21:07.351Z,1.6281,15,SYNTH
2026-04-21 15:21:08.042Z,1.6309,19,SYNTH
2026-04-21 15:21:09.014Z,1.6288,16,SYNTH
2026-04-21 15:21:10.694Z,1.6302,17,SYNTH
2026-04-21 15:21:11.593Z,1.6307,46,SYNTH
2026-04-21 15:21:12.741Z,1.6289,42,SYNTH
2026-04-21 15:21:13.823Z,1.6282,28,SYNTH
2026-04-21 15:21:14.556Z,1.6308,12,SYNTH
2026-04-21 15:21:15.498Z,1.6285,13,SYNTH
2026-04-21 15:21:16.515Z,1.6285,26,SYNTH
2026-04-21 15:21:17.734Z,1.6318,12,SYNTH
2026-04-21 15:21:18.607Z,1.6298,25,SYNTH
2026-04-21 15:21:19.736Z,1.6321,26,SYNTH
2026-04-21 15:21:20.257Z,1.6322,12,SYNTH
2026-04-21 15:21:21.103Z,1.6318,9,SYNTH
2026-04-21 15:21:22.665Z,1.6314,7,SYNTH
2026-04-21 15:21:23.230Z,1.6336,10,SYNTH
2026-04-21 15:21:24.379Z,1.6338,11,SYNTH
2026-04-21 15:21:25.272Z,1.6331,14,SYNTH
2026-04-21 15:21:26.199Z,1.6351,9,SYNTH
2026-04-21 15:21:27.361Z,1.6356,9,SYNTH
2026-04-21 15:21:28.525Z,1.6371,14,SYNTH
2026-04-21 15:21:29.855Z,1.6367,10,SYNTH
2026-04-21 15:21:30.674Z,1.6367,9,SYNTH
2026-04-21 15:21:31.045Z,1.6375,8,SYNTH
2026-04-21 15:21:32.194Z,1.6393,13,SYNTH
2026-04-21 15:21:33.818Z,1.6398,12,SYNTH
2026-04-21 15:21:34.802Z,1.6404,13,SYNTH
2026-04-21 15:21:35.186Z,1.6403,12,SYNTH
2026-04-21 15:21:36.000Z,1.6408,15,SYNTH
2026-04-21 15:21:37.245Z,1.6416,32,SYNTH
2026-04-21 15:21:38.259Z,1.6404,32,SYNTH
2026-04-21 15:21:39.368Z,1.6417,19,SYNTH
2026-04-21 15:21:40.426Z,1.6383,34,SYNTH
2026-04-21 15:21:41.855Z,1.6381,16,SYNTH
2026-04-21 15:21:42.200Z,1.6374,8,SYNTH
2026-04-21 15:21:43.323Z,1.6411,9,SYNTH
2026-04-21 15:21:44.535Z,1.6385,8,SYNTH
2026-04-21 15:21:45.798Z,1.6391,11,SYNTH
2026-04-21 15:21:46.321Z,1.6403,12,SYNTH
2026-04-21 15:21:47.103Z,1.6409,22,SYNTH
2026-04-21 15:21:48.371Z,1.6398,14,SYNTH
2026-04-21 15:21:49.591Z,1.6374,16,SYNTH
2026-04-21 15:21:50.417Z,1.6396,16,SYNTH
2026-04-21 15:21:51.630Z,1.6384,17,SYNTH
2026-04-21 15:21:52.899Z,1.6388,19,SYNTH
2026-04-21 15:21:53.293Z,1.6401,21,SYNTH
2026-04-21 15:21:54.149Z,1.6411,21,SYNTH
2026-04-21 15:21:55.224Z,1.6386,15,SYNTH
2026-04-21 15:21:56.242Z,1.6393,17,SYNTH
2026-04-21 15:21:57.824Z,1.6401,18,SYNTH
2026-04-21 15:21:58.530Z,1.6409,22,SYNTH
2026-04-21 15:21:59.874Z,1.6390,20,SYNTH
2026-04-21 15:27:00.185Z,1.6311,7,SYNTH
2026-04-21 15:27:01.222Z,1.6282,4,SYNTH
2026-04-21 15:27:02.090Z,1.6311,3,SYNTH
2026-04-21 15:27:03.716Z,1.6296,6,SYNTH
2026-04-21 15:27:04.879Z,1.6314,6,SYNTH
2026-04-21 15:27:05.007Z,1.6319,5,SYNTH
2026-04-21 15:27:06.286Z,1.6310,5,SYNTH
2026-04-21 15:27:07.435Z,1.6286,6,SYNTH
2026-04-21 15:27:08.649Z,1.6282,3,SYNTH
2026-04-21 15:27:09.597Z,1.6312,3,SYNTH
2026-04-21 15:27:10.381Z,1.6316,4,SYNTH
2026-04-21 15:27:11.716Z,1.6295,12,SYNTH
2026-04-21 15:27:12.812Z,1.6310,10,SYNTH
2026-04-21 15:27:13.879Z,1.6314,9,SYNTH
2026-04-21 15:27:14.175Z,1.6294,4,SYNTH
2026-04-21 15:27:15.865Z,1.6283,3,SYNTH
2026-04-21 15:27:16.668Z,1.6309,7,SYNTH
2026-04-21 15:27:17.421Z,1.6290,9,SYNTH
2026-04-21 15:27:18.155Z,1.6283,6,SYNTH
2026-04-21 15:27:19.859Z,1.6278,7,SYNTH
2026-04-21 15:27:20.778Z,1.6301,4,SYNTH
2026-04-21 15:27:21.242Z,1.6317,5,SYNTH
2026-04-21 15:27:22.400Z,1.6289,2,SYNTH
2026-04-21 15:27:23.313Z,1.6304,3,SYNTH
2026-04-21 15:27:24.730Z,1.6289,4,SYNTH
2026-04-21 15:27:25.571Z,1.6294,4,SYNTH
2026-04-21 15:27:26.014Z,1.6310,3,SYNTH
2026-04-21 15:27:27.119Z,1.6318,5,SYNTH
2026-04-21 15:27:28.775Z,1.6296,3,SYNTH
2026-04-21 15:27:29.583Z,1.6312,2,SYNTH
2026-04-21 15:27:30.872Z,1.6297,3,SYNTH
2026-04-21 15:27:31.345Z,1.6316,4,SYNTH
2026-04-21 15:27:32.860Z,1.6286,4,SYNTH
2026-04-21 15:27:33.211Z,1.6291,3,SYNTH
2026-04-21 15:27:34.661Z,1.6301,4,SYNTH
2026-04-21 15:27:35.614Z,1.6306,4,SYNTH
2026-04-21 15:27:36.359Z,1.6306,3,SYNTH
2026-04-21 15:27:37.751Z,1.6303,6,SYNTH
2026-04-21 15:27:38.037Z,1.6316,6,SYNTH
2026-04-21 15:27:39.227Z,1.6284,10,SYNTH
2026-04-21 15:27:40.627Z,1.6302,9,SYNTH
2026-04-21 15:27:41.619Z,1.6316,4,SYNTH
2026-04-21 15:27:42.594Z,1.6284,4,SYNTH
2026-04-21 15:27:43.250Z,1.6312,5,SYNTH
2026-04-21 15:27:44.577Z,1.6319,3,SYNTH
2026-04-21 15:27:45.429Z,1.6284,3,SYNTH
2026-04-21 15:27:46.480Z,1.6287,4,SYNTH
2026-04-21 15:27:47.693Z,1.6311,4,SYNTH
2026-04-21 15:27:48.739Z,1.6302,4,SYNTH
2026-04-21 15:27:49.555Z,1.6293,5,SYNTH
2026-04-21 15:27:50.345Z,1.6316,5,SYNTH
2026-04-21 15:27:51.494Z,1.6307,6,SYNTH
2026-04-21 15:27:52.621Z,1.6289,6,SYNTH
2026-04-21 15:27:53.896Z,1.6305,6,SYNTH
2026-04-21 15:27:54.650Z,1.6297,3,SYNTH
2026-04-21 15:27:55.485Z,1.6304,6,SYNTH
2026-04-21 15:27:56.207Z,1.6312,5,SYNTH
2026-04-21 15:27:57.299Z,1.6281,4,SYNTH
2026-04-21 15:27:58.601Z,1.6309,7,SYNTH
2026-04-21 15:27:59.207Z,1.6300,7,SYNTH
2026-04-21 15:28:00.007Z,1.6314,12,SYNTH
2026-04-21 15:28:01.262Z,1.6292,8,SYNTH
2026-04-21 15:28:02.114Z,1.6306,14,SYNTH
2026-04-21 15:28:03.096Z,1.6277,13,SYNTH
2026-04-21 15:28:04.109Z,1.6307,14,SYNTH
2026-04-21 15:28:05.106Z,1.6287,6,SYNTH
2026-04-21 15:28:06.322Z,1.6310,7,SYNTH
2026-04-21 15:28:07.028Z,1.6318,6,SYNTH
2026-04-21 15:28:08.547Z,1.6296,10,SYNTH
2026-04-21 15:28:09.898Z,1.6291,11,SYNTH
2026-04-21 15:28:10.714Z,1.6311,9,SYNTH
2026-04-21 15:28:11.524Z,1.6292,34,SYNTH
2026-04-21 15:28:12.658Z,1.6315,28,SYNTH
2026-04-21 15:28:13.524Z,1.6283,19,SYNTH
2026-04-21 15:28:14.048Z,1.6314,9,SYNTH
2026-04-21 15:28:15.228Z,1.6305,12,SYNTH
2026-04-21 15:28:16.157Z,1.6298,14,SYNTH
2026-04-21 15:28:17.326Z,1.6307,22,SYNTH
2026-04-21 15:28:18.490Z,1.6291,12,SYNTH
2026-04-21 15:28:19.556Z,1.6286,11,SYNTH
2026-04-21 15:28:20.199Z,1.6283,10,SYNTH
2026-04-21 15:28:21.836Z,1.6276,10,SYNTH
2026-04-21 15:28:22.040Z,1.6261,11,SYNTH
2026-04-21 15:28:23.201Z,1.6252,6,SYNTH
2026-04-21 15:28:24.142Z,1.6253,9,SYNTH
2026-04-21 15:28:25.744Z,1.6234,5,SYNTH
2026-04-21 15:28:26.203Z,1.6232,5,SYNTH
2026-04-21 15:28:27.445Z,1.6213,8,SYNTH
2026-04-21 15:28:28.715Z,1.6195,9,SYNTH
2026-04-21 15:28:29.162Z,1.6168,5,SYNTH
2026-04-21 15:28:30.312Z,1.6157,6,SYNTH
2026-04-21 15:28:31.642Z,1.6160,7,SYNTH
2026-04-21 15:28:32.219Z,1.6135,7,SYNTH
2026-04-21 15:28:33.071Z,1.6115,10,SYNTH
2026-04-21 15:28:34.293Z,1.6119,7,SYNTH
2026-04-21 15:28:35.559Z,1.6100,10,SYNTH
2026-04-21 15:28:36.877Z,1.6095,10,SYNTH
2026-04-21 15:28:37.029Z,1.6103,12,SYNTH
2026-04-21 15:28:38.369Z,1.6092,26,SYNTH
2026-04-21 15:28:39.076Z,1.6114,27,SYNTH
2026-04-21 15:28:40.868Z,1.6116,22,SYNTH
2026-04-21 15:28:41.334Z,1.6111,12,SYNTH
2026-04-21 15:28:42.614Z,1.6128,7,SYNTH
2026-04-21 15:28:43.438Z,1.6126,12,SYNTH
2026-04-21 15:28:44.229Z,1.6123,8,SYNTH
2026-04-21 15:28:45.719Z,1.6131,9,SYNTH
2026-04-21 15:28:46.765Z,1.6122,16,SYNTH
2026-04-21 15:28:47.247Z,1.6138,16,SYNTH
2026-04-21 15:28:48.524Z,1.6127,9,SYNTH
2026-04-21 15:28:49.067Z,1.6122,7,SYNTH
2026-04-21 15:28:50.077Z,1.6121,9,SYNTH
2026-04-21 15:28:51.097Z,1.6108,14,SYNTH
2026-04-21 15:28:52.486Z,1.6110,9,SYNTH
2026-04-21 15:28:53.808Z,1.6131,12,SYNTH
2026-04-21 15:28:54.668Z,1.6095,11,SYNTH
2026-04-21 15:28:55.154Z,1.6095,12,SYNTH
2026-04-21 15:28:56.627Z,1.6110,12,SYNTH
2026-04-21 15:28:57.819Z,1.6101,9,SYNTH
2026-04-21 15:28:58.772Z,1.6083,12,SYNTH
2026-04-21 15:28:59.432Z,1.6111,15,SYNTH
2026-04-21 15:30:00.337Z,1.6519,2,SYNTH
2026-04-21 15:30:01.096Z,1.6489,3,SYNTH
2026-04-21 15:30:02.809Z,1.6518,3,SYNTH
2026-04-21 15:30:03.513Z,1.6493,3,SYNTH
2026-04-21 15:30:04.800Z,1.6508,2,SYNTH
2026-04-21 15:30:05.278Z,1.6516,2,SYNTH
2026-04-21 15:30:06.659Z,1.6505,1,SYNTH
2026-04-21 15:30:07.761Z,1.6488,1,SYNTH
2026-04-21 15:30:08.218Z,1.6514,2,SYNTH
2026-04-21 15:30:09.316Z,1.6485,2,SYNTH
2026-04-21 15:30:10.893Z,1.6506,2,SYNTH
2026-04-21 15:30:11.877Z,1.6494,4,SYNTH
2026-04-21 15:30:12.427Z,1.6519,5,SYNTH
2026-04-21 15:30:13.803Z,1.6505,3,SYNTH
2026-04-21 15:30:14.885Z,1.6516,1,SYNTH
2026-04-21 15:30:15.014Z,1.6486,1,SYNTH
2026-04-21 15:30:16.049Z,1.6504,3,SYNTH
2026-04-21 15:30:17.352Z,1.6496,4,SYNTH
2026-04-21 15:30:18.094Z,1.6518,3,SYNTH
2026-04-21 15:30:19.476Z,1.6488,3,SYNTH
2026-04-21 15:30:20.062Z,1.6500,1,SYNTH
2026-04-21 15:30:21.642Z,1.6519,1,SYNTH
2026-04-21 15:30:22.289Z,1.6494,2,SYNTH
2026-04-21 15:30:23.225Z,1.6513,2,SYNTH
2026-04-21 15:30:24.207Z,1.6486,1,SYNTH
2026-04-21 15:30:25.569Z,1.6514,2,SYNTH
2026-04-21 15:30:26.256Z,1.6502,1,SYNTH
2026-04-21 15:30:27.019Z,1.6520,1,SYNTH
2026-04-21 15:30:28.449Z,1.6511,1,SYNTH
2026-04-21 15:30:29.442Z,1.6485,2,SYNTH
2026-04-21 15:30:30.580Z,1.6514,1,SYNTH
2026-04-21 15:30:31.380Z,1.6513,1,SYNTH
2026-04-21 15:30:32.263Z,1.6502,1,SYNTH
2026-04-21 15:30:33.342Z,1.6520,1,SYNTH
2026-04-21 15:30:34.307Z,1.6520,1,SYNTH
2026-04-21 15:30:35.724Z,1.6492,2,SYNTH
2026-04-21 15:30:36.337Z,1.6491,1,SYNTH
2026-04-21 15:30:37.375Z,1.6491,4,SYNTH
2026-04-21 15:30:38.352Z,1.6499,2,SYNTH
2026-04-21 15:30:39.228Z,1.6494,4,SYNTH
2026-04-21 15:30:40.133Z,1.6512,4,SYNTH
2026-04-21 15:30:41.450Z,1.6489,1,SYNTH
2026-04-21 15:30:42.451Z,1.6512,1,SYNTH
2026-04-21 15:30:43.701Z,1.6496,1,SYNTH
2026-04-21 15:30:44.867Z,1.6508,1,SYNTH
2026-04-21 15:30:45.254Z,1.6488,3,SYNTH
2026-04-21 15:30:46.174Z,1.6519,3,SYNTH
2026-04-21 15:30:47.454Z,1.6485,2,SYNTH
2026-04-21 15:30:48.178Z,1.6502,2,SYNTH
2026-04-21 15:30:49.147Z,1.6508,2,SYNTH
2026-04-21 15:30:50.480Z,1.6507,2,SYNTH
2026-04-21 15:30:51.795Z,1.6510,1,SYNTH
2026-04-21 15:30:52.330Z,1.6491,2,SYNTH
2026-04-21 15:30:53.428Z,1.6517,2,SYNTH
2026-04-21 15:30:54.879Z,1.6507,2,SYNTH
2026-04-21 15:30:55.510Z,1.6485,2,SYNTH
2026-04-21 15:30:56.691Z,1.6508,2,SYNTH
2026-04-21 15:30:57.329Z,1.6516,1,SYNTH
2026-04-21 15:30:58.368Z,1.6515,3,SYNTH
2026-04-21 15:30:59.262Z,1.6498,3,SYNTH
2026-04-21 15:45:00.667Z,1.6413,11,SYNTH
2026-04-21 15:45:01.035Z,1.6410,5,SYNTH
2026-04-21 15:45:02.058Z,1.6399,9,SYNTH
2026-04-21 15:45:03.435Z,1.6400,6,SYNTH
2026-04-21 15:45:04.080Z,1.6377,10,SYNTH
2026-04-21 15:45:05.587Z,1.6404,5,SYNTH
2026-04-21 15:45:06.091Z,1.6418,9,SYNTH
2026-04-21 15:45:07.633Z,1.6399,8,SYNTH
2026-04-21 15:45:08.347Z,1.6387,5,SYNTH
2026-04-21 15:45:09.885Z,1.6382,5,SYNTH
2026-04-21 15:45:10.779Z,1.6410,8,SYNTH
2026-04-21 15:45:11.050Z,1.6388,17,SYNTH
2026-04-21 15:45:12.295Z,1.6415,12,SYNTH
2026-04-21 15:45:13.307Z,1.6384,21,SYNTH
2026-04-21 15:45:14.729Z,1.6416,6,SYNTH
2026-04-21 15:45:15.657Z,1.6407,6,SYNTH
2026-04-21 15:45:16.197Z,1.6384,13,SYNTH
2026-04-21 15:45:17.838Z,1.6387,14,SYNTH
2026-04-21 15:45:18.332Z,1.6382,8,SYNTH
2026-04-21 15:45:19.392Z,1.6398,5,SYNTH
2026-04-21 15:45:20.043Z,1.6380,6,SYNTH
2026-04-21 15:45:21.287Z,1.6382,4,SYNTH
2026-04-21 15:45:22.521Z,1.6357,4,SYNTH
2026-04-21 15:45:23.306Z,1.6355,7,SYNTH
2026-04-21 15:45:24.753Z,1.6353,6,SYNTH
2026-04-21 15:45:25.098Z,1.6339,4,SYNTH
2026-04-21 15:45:26.479Z,1.6317,3,SYNTH
2026-04-21 15:45:27.248Z,1.6313,4,SYNTH
2026-04-21 15:45:28.444Z,1.6289,3,SYNTH
2026-04-21 15:45:29.240Z,1.6281,3,SYNTH
2026-04-21 15:45:30.520Z,1.6272,3,SYNTH
2026-04-21 15:45:31.456Z,1.6253,6,SYNTH
2026-04-21 15:45:32.206Z,1.6229,5,SYNTH
2026-04-21 15:45:33.725Z,1.6221,4,SYNTH
2026-04-21 15:45:34.214Z,1.6224,6,SYNTH
2026-04-21 15:45:35.758Z,1.6207,3,SYNTH
2026-04-21 15:45:36.773Z,1.6191,6,SYNTH
2026-04-21 15:45:37.208Z,1.6187,8,SYNTH
2026-04-21 15:45:38.072Z,1.6184,16,SYNTH
2026-04-21 15:45:39.339Z,1.6181,10,SYNTH
2026-04-21 15:45:40.747Z,1.6215,11,SYNTH
2026-04-21 15:45:41.548Z,1.6209,5,SYNTH
2026-04-21 15:45:42.307Z,1.6215,7,SYNTH
2026-04-21 15:45:43.133Z,1.6219,5,SYNTH
2026-04-21 15:45:44.038Z,1.6229,5,SYNTH
2026-04-21 15:45:45.170Z,1.6201,11,SYNTH
2026-04-21 15:45:46.752Z,1.6219,11,SYNTH
2026-04-21 15:45:47.680Z,1.6203,9,SYNTH
2026-04-21 15:45:48.534Z,1.6231,7,SYNTH
2026-04-21 15:45:49.087Z,1.6220,8,SYNTH
2026-04-21 15:45:50.507Z,1.6208,6,SYNTH
2026-04-21 15:45:51.892Z,1.6231,4,SYNTH
2026-04-21 15:45:52.232Z,1.6192,6,SYNTH
2026-04-21 15:45:53.026Z,1.6193,7,SYNTH
2026-04-21 15:45:54.269Z,1.6192,9,SYNTH
2026-04-21 15:45:55.173Z,1.6199,6,SYNTH
2026-04-21 15:45:56.280Z,1.6207,6,SYNTH
2026-04-21 15:45:57.417Z,1.6200,6,SYNTH
2026-04-21 15:45:58.751Z,1.6188,5,SYNTH
2026-04-21 15:45:59.368Z,1.6220,6,SYNTH
2026-04-21 16:03:00.457Z,1.6107,32,SYNTH
2026-04-21 16:03:01.040Z,1.6114,68,SYNTH
2026-04-21 16:03:02.317Z,1.6096,60,SYNTH
2026-04-21 16:03:03.219Z,1.6095,53,SYNTH
2026-04-21 16:03:04.061Z,1.6087,43,SYNTH
2026-04-21 16:03:05.436Z,1.6065,55,SYNTH
2026-04-21 16:03:06.028Z,1.6066,46,SYNTH
2026-04-21 16:03:07.421Z,1.6062,52,SYNTH
2026-04-21 16:03:08.766Z,1.6065,34,SYNTH
2026-04-21 16:03:09.870Z,1.6051,37,SYNTH
2026-04-21 16:03:10.199Z,1.6078,23,SYNTH
2026-04-21 16:03:11.676Z,1.6061,102,SYNTH
2026-04-21 16:03:12.745Z,1.6057,91,SYNTH
2026-04-21 16:03:13.674Z,1.6081,100,SYNTH
2026-04-21 16:03:14.768Z,1.6083,34,SYNTH
2026-04-21 16:03:15.148Z,1.6053,45,SYNTH
2026-04-21 16:03:16.014Z,1.6087,86,SYNTH
2026-04-21 16:03:17.144Z,1.6067,38,SYNTH
2026-04-21 16:03:18.522Z,1.6098,67,SYNTH
2026-04-21 16:03:19.540Z,1.6063,67,SYNTH
2026-04-21 16:03:20.615Z,1.6095,45,SYNTH
2026-04-21 16:03:21.324Z,1.6064,30,SYNTH
2026-04-21 16:03:22.895Z,1.6086,43,SYNTH
2026-04-21 16:03:23.776Z,1.6079,31,SYNTH
2026-04-21 16:03:24.575Z,1.6093,25,SYNTH
2026-04-21 16:03:25.683Z,1.6085,19,SYNTH
2026-04-21 16:03:26.758Z,1.6105,34,SYNTH
2026-04-21 16:03:27.646Z,1.6104,38,SYNTH
2026-04-21 16:03:28.686Z,1.6106,34,SYNTH
2026-04-21 16:03:29.108Z,1.6077,29,SYNTH
2026-04-21 16:03:30.301Z,1.6098,27,SYNTH
2026-04-21 16:03:31.703Z,1.6113,22,SYNTH
2026-04-21 16:03:32.701Z,1.6088,31,SYNTH
2026-04-21 16:03:33.464Z,1.6114,29,SYNTH
2026-04-21 16:03:34.750Z,1.6090,24,SYNTH
2026-04-21 16:03:35.644Z,1.6115,23,SYNTH
2026-04-21 16:03:36.821Z,1.6117,24,SYNTH
2026-04-21 16:03:37.525Z,1.6082,100,SYNTH
2026-04-21 16:03:38.315Z,1.6091,106,SYNTH
2026-04-21 16:03:39.037Z,1.6109,85,SYNTH
2026-04-21 16:03:40.497Z,1.6101,83,SYNTH
2026-04-21 16:03:41.735Z,1.6093,41,SYNTH
2026-04-21 16:03:42.306Z,1.6107,35,SYNTH
2026-04-21 16:03:43.858Z,1.6111,23,SYNTH
2026-04-21 16:03:44.489Z,1.6090,50,SYNTH
2026-04-21 16:03:45.824Z,1.6106,61,SYNTH
2026-04-21 16:03:46.581Z,1.6094,42,SYNTH
2026-04-21 16:03:47.598Z,1.6085,36,SYNTH
2026-04-21 16:03:48.797Z,1.6077,39,SYNTH
2026-04-21 16:03:49.697Z,1.6113,29,SYNTH
2026-04-21 16:03:50.771Z,1.6104,56,SYNTH
2026-04-21 16:03:51.233Z,1.6079,36,SYNTH
2026-04-21 16:03:52.489Z,1.6117,30,SYNTH
2026-04-21 16:03:53.231Z,1.6103,58,SYNTH
2026-04-21 16:03:54.574Z,1.6082,42,SYNTH
2026-04-21 16:03:55.728Z,1.6118,45,SYNTH
2026-04-21 16:03:56.027Z,1.6119,63,SYNTH
2026-04-21 16:03:57.159Z,1.6092,32,SYNTH
2026-04-21 16:03:58.414Z,1.6085,60,SYNTH
2026-04-21 16:03:59.039Z,1.6102,31,SYNTH
2026-04-21 16:04:00.324Z,1.6317,7,SYNTH
2026-04-21 16:04:01.383Z,1.6309,4,SYNTH
2026-04-21 16:04:02.664Z,1.6286,4,SYNTH
2026-04-21 16:04:03.533Z,1.6291,8,SYNTH
2026-04-21 16:04:04.476Z,1.6300,7,SYNTH
2026-04-21 16:04:05.761Z,1.6318,5,SYNTH
2026-04-21 16:04:06.714Z,1.6322,5,SYNTH
2026-04-21 16:04:07.347Z,1.6304,4,SYNTH
2026-04-21 16:04:08.197Z,1.6299,7,SYNTH
2026-04-21 16:04:09.680Z,1.6317,6,SYNTH
2026-04-21 16:04:10.870Z,1.6291,5,SYNTH
2026-04-21 16:04:11.741Z,1.6300,16,SYNTH
2026-04-21 16:04:12.368Z,1.6296,8,SYNTH
2026-04-21 16:04:13.086Z,1.6316,10,SYNTH
2026-04-21 16:04:14.136Z,1.6321,5,SYNTH
2026-04-21 16:04:15.569Z,1.6294,3,SYNTH
2026-04-21 16:04:16.261Z,1.6304,4,SYNTH
2026-04-21 16:04:17.161Z,1.6291,9,SYNTH
2026-04-21 16:04:18.363Z,1.6291,9,SYNTH
2026-04-21 16:04:19.446Z,1.6310,7,SYNTH
2026-04-21 16:04:20.284Z,1.6304,4,SYNTH
2026-04-21 16:04:21.045Z,1.6288,4,SYNTH
2026-04-21 16:04:22.712Z,1.6312,4,SYNTH
2026-04-21 16:04:23.728Z,1.6318,3,SYNTH
2026-04-21 16:04:24.574Z,1.6322,4,SYNTH
2026-04-21 16:04:25.645Z,1.6282,4,SYNTH
2026-04-21 16:04:26.180Z,1.6309,3,SYNTH
2026-04-21 16:04:27.605Z,1.6286,5,SYNTH
2026-04-21 16:04:28.329Z,1.6307,5,SYNTH
2026-04-21 16:04:29.210Z,1.6320,3,SYNTH
2026-04-21 16:04:30.148Z,1.6283,4,SYNTH
2026-04-21 16:04:31.194Z,1.6283,3,SYNTH
2026-04-21 16:04:32.884Z,1.6307,4,SYNTH
2026-04-21 16:04:33.495Z,1.6303,5,SYNTH
2026-04-21 16:04:34.492Z,1.6287,5,SYNTH
2026-04-21 16:04:35.508Z,1.6283,3,SYNTH
2026-04-21 16:04:36.689Z,1.6314,3,SYNTH
2026-04-21 16:04:37.671Z,1.6283,7,SYNTH
2026-04-21 16:04:38.105Z,1.6318,8,SYNTH
2026-04-21 16:04:39.597Z,1.6318,6,SYNTH
2026-04-21 16:04:40.076Z,1.6309,12,SYNTH
2026-04-21 16:04:41.691Z,1.6297,4,SYNTH
2026-04-21 16:04:42.076Z,1.6314,5,SYNTH
2026-04-21 16:04:43.262Z,1.6284,6,SYNTH
2026-04-21 16:04:44.180Z,1.6321,3,SYNTH
2026-04-21 16:04:45.663Z,1.6291,4,SYNTH
2026-04-21 16:04:46.191Z,1.6305,6,SYNTH
2026-04-21 16:04:47.060Z,1.6291,8,SYNTH
2026-04-21 16:04:48.866Z,1.6304,6,SYNTH
2026-04-21 16:04:49.275Z,1.6279,3,SYNTH
2026-04-21 16:04:50.699Z,1.6309,5,SYNTH
2026-04-21 16:04:51.101Z,1.6322,4,SYNTH
2026-04-21 16:04:52.067Z,1.6292,5,SYNTH
2026-04-21 16:04:53.120Z,1.6302,3,SYNTH
2026-04-21 16:04:54.859Z,1.6303,5,SYNTH
2026-04-21 16:04:55.225Z,1.6310,6,SYNTH
2026-04-21 16:04:56.725Z,1.6294,7,SYNTH
2026-04-21 16:04:57.050Z,1.6323,7,SYNTH
2026-04-21 16:04:58.472Z,1.6281,7,SYNTH
2026-04-21 16:04:59.346Z,1.6303,5,SYNTH
2026-04-21 16:06:00.263Z,1.6309,13,SYNTH
2026-04-21 16:06:01.858Z,1.6310,8,SYNTH
2026-04-21 16:06:02.291Z,1.6320,5,SYNTH
2026-04-21 16:06:03.440Z,1.6296,9,SYNTH
2026-04-21 16:06:04.498Z,1.6288,9,SYNTH
2026-04-21 16:06:05.128Z,1.6317,11,SYNTH
2026-04-21 16:06:06.664Z,1.6307,12,SYNTH
2026-04-21 16:06:07.898Z,1.6291,7,SYNTH
2026-04-21 16:06:08.640Z,1.6307,11,SYNTH
2026-04-21 16:06:09.255Z,1.6289,9,SYNTH
2026-04-21 16:06:10.565Z,1.6317,5,SYNTH
2026-04-21 16:06:11.239Z,1.6309,27,SYNTH
2026-04-21 16:06:12.719Z,1.6317,17,SYNTH
2026-04-21 16:06:13.388Z,1.6304,14,SYNTH
2026-04-21 16:06:14.683Z,1.6313,9,SYNTH
2026-04-21 16:06:15.745Z,1.6310,9,SYNTH
2026-04-21 16:06:16.613Z,1.6321,9,SYNTH
2026-04-21 16:06:17.228Z,1.6294,11,SYNTH
2026-04-21 16:06:18.529Z,1.6310,13,SYNTH
2026-04-21 16:06:19.812Z,1.6282,9,SYNTH
2026-04-21 16:06:20.437Z,1.6316,5,SYNTH
2026-04-21 16:06:21.106Z,1.6287,7,SYNTH
2026-04-21 16:06:22.045Z,1.6301,5,SYNTH
2026-04-21 16:06:23.584Z,1.6313,6,SYNTH
2026-04-21 16:06:24.088Z,1.6292,9,SYNTH
2026-04-21 16:06:25.515Z,1.6304,7,SYNTH
2026-04-21 16:06:26.186Z,1.6285,4,SYNTH
2026-04-21 16:06:27.218Z,1.6294,6,SYNTH
2026-04-21 16:06:28.695Z,1.6306,6,SYNTH
2026-04-21 16:06:29.697Z,1.6289,5,SYNTH
2026-04-21 16:06:30.643Z,1.6306,5,SYNTH
2026-04-21 16:06:31.893Z,1.6309,7,SYNTH
2026-04-21 16:06:32.546Z,1.6287,8,SYNTH
2026-04-21 16:06:33.156Z,1.6306,5,SYNTH
2026-04-21 16:06:34.771Z,1.6291,6,SYNTH
2026-04-21 16:06:35.651Z,1.6317,5,SYNTH
2026-04-21 16:06:36.482Z,1.6294,5,SYNTH
2026-04-21 16:06:37.505Z,1.6316,11,SYNTH
2026-04-21 16:06:38.637Z,1.6320,20,SYNTH
2026-04-21 16:06:39.473Z,1.6311,19,SYNTH
2026-04-21 16:06:40.213Z,1.6318,10,SYNTH
2026-04-21 16:06:41.024Z,1.6320,4,SYNTH
2026-04-21 16:06:42.849Z,1.6288,7,SYNTH
2026-04-21 16:06:43.844Z,1.6314,5,SYNTH
2026-04-21 16:06:44.343Z,1.6281,9,SYNTH
2026-04-21 16:06:45.032Z,1.6312,15,SYNTH
2026-04-21 16:06:46.494Z,1.6285,10,SYNTH
2026-04-21 16:06:47.495Z,1.6304,7,SYNTH
2026-04-21 16:06:48.074Z,1.6313,10,SYNTH
2026-04-21 16:06:49.591Z,1.6288,5,SYNTH
2026-04-21 16:06:50.224Z,1.6293,11,SYNTH
2026-04-21 16:06:51.236Z,1.6318,5,SYNTH
2026-04-21 16:06:52.872Z,1.6322,5,SYNTH
2026-04-21 16:06:53.233Z,1.6281,9,SYNTH
2026-04-21 16:06:54.791Z,1.6310,7,SYNTH
2026-04-21 16:06:55.808Z,1.6286,12,SYNTH
2026-04-21 16:06:56.513Z,1.6318,11,SYNTH
2026-04-21 16:06:57.610Z,1.6291,9,SYNTH
2026-04-21 16:06:58.338Z,1.6310,11,SYNTH
2026-04-21 16:06:59.410Z,1.6313,7,SYNTH
2026-04-21 16:09:00.626Z,1.6406,6,SYNTH
2026-04-21 16:09:01.247Z,1.6419,8,SYNTH
2026-04-21 16:09:02.576Z,1.6382,7,SYNTH
2026-04-21 16:09:03.709Z,1.6401,6,SYNTH
2026-04-21 16:09:04.326Z,1.6412,5,SYNTH
2026-04-21 16:09:05.440Z,1.6387,4,SYNTH
2026-04-21 16:09:06.796Z,1.6379,5,SYNTH
2026-04-21 16:09:07.572Z,1.6407,5,SYNTH
2026-04-21 16:09:08.282Z,1.6387,5,SYNTH
2026-04-21 16:09:09.461Z,1.6385,3,SYNTH
2026-04-21 16:09:10.325Z,1.6410,3,SYNTH
2026-04-21 16:09:11.827Z,1.6379,13,SYNTH
2026-04-21 16:09:12.566Z,1.6405,7,SYNTH
2026-04-21 16:09:13.165Z,1.6393,9,SYNTH
2026-04-21 16:09:14.719Z,1.6410,5,SYNTH
2026-04-21 16:09:15.724Z,1.6380,3,SYNTH
2026-04-21 16:09:16.687Z,1.6412,10,SYNTH
2026-04-21 16:09:17.774Z,1.6415,6,SYNTH
2026-04-21 16:09:18.641Z,1.6395,7,SYNTH
2026-04-21 16:09:19.828Z,1.6394,10,SYNTH
2026-04-21 16:09:20.362Z,1.6388,5,SYNTH
2026-04-21 16:09:21.417Z,1.6396,5,SYNTH
2026-04-21 16:09:22.311Z,1.6409,5,SYNTH
2026-04-21 16:09:23.654Z,1.6379,4,SYNTH
2026-04-21 16:09:24.394Z,1.6407,4,SYNTH
2026-04-21 16:09:25.136Z,1.6419,4,SYNTH
2026-04-21 16:09:26.018Z,1.6383,5,SYNTH
2026-04-21 16:09:27.835Z,1.6417,4,SYNTH
2026-04-21 16:09:28.458Z,1.6405,4,SYNTH
2026-04-21 16:09:29.213Z,1.6382,3,SYNTH
2026-04-21 16:09:30.198Z,1.6384,4,SYNTH
2026-04-21 16:09:31.490Z,1.6400,5,SYNTH
2026-04-21 16:09:32.725Z,1.6382,3,SYNTH
2026-04-21 16:09:33.783Z,1.6391,3,SYNTH
2026-04-21 16:09:34.859Z,1.6410,4,SYNTH
2026-04-21 16:09:35.267Z,1.6396,4,SYNTH
2026-04-21 16:09:36.137Z,1.6400,4,SYNTH
2026-04-21 16:09:37.799Z,1.6377,11,SYNTH
2026-04-21 16:09:38.528Z,1.6403,10,SYNTH
2026-04-21 16:09:39.276Z,1.6406,6,SYNTH
2026-04-21 16:09:40.183Z,1.6395,9,SYNTH
2026-04-21 16:09:41.400Z,1.6408,4,SYNTH
2026-04-21 16:09:42.162Z,1.6389,2,SYNTH
2026-04-21 16:09:43.445Z,1.6378,5,SYNTH
2026-04-21 16:09:44.630Z,1.6414,4,SYNTH
2026-04-21 16:09:45.219Z,1.6398,5,SYNTH
2026-04-21 16:09:46.032Z,1.6418,4,SYNTH
2026-04-21 16:09:47.003Z,1.6414,7,SYNTH
2026-04-21 16:09:48.638Z,1.6384,3,SYNTH
2026-04-21 16:09:49.571Z,1.6404,6,SYNTH
2026-04-21 16:09:50.033Z,1.6390,5,SYNTH
2026-04-21 16:09:51.641Z,1.6388,6,SYNTH
2026-04-21 16:09:52.596Z,1.6415,4,SYNTH
2026-04-21 16:09:53.332Z,1.6403,6,SYNTH
2026-04-21 16:09:54.312Z,1.6392,7,SYNTH
2026-04-21 16:09:55.494Z,1.6382,5,SYNTH
2026-04-21 16:09:56.425Z,1.6402,5,SYNTH
2026-04-21 16:09:57.342Z,1.6387,4,SYNTH
2026-04-21 16:09:58.206Z,1.6379,7,SYNTH
2026-04-21 16:09:59.799Z,1.6403,7,SYNTH
2026-04-21 16:12:00.117Z,1.6077,30,SYNTH
2026-04-21 16:12:01.428Z,1.6069,51,SYNTH
2026-04-21 16:12:02.580Z,1.6057,55,SYNTH
2026-04-21 16:12:03.104Z,1.6088,25,SYNTH
2026-04-21 16:12:04.747Z,1.6074,51,SYNTH
2026-04-21 16:12:05.770Z,1.6089,38,SYNTH
2026-04-21 16:12:06.404Z,1.6057,27,SYNTH
2026-04-21 16:12:07.493Z,1.6079,42,SYNTH
2026-04-21 16:12:08.402Z,1.6087,54,SYNTH
2026-04-21 16:12:09.247Z,1.6066,41,SYNTH
2026-04-21 16:12:10.652Z,1.6084,24,SYNTH
2026-04-21 16:12:11.333Z,1.6071,87,SYNTH
2026-04-21 16:12:12.647Z,1.6090,101,SYNTH
2026-04-21 16:12:13.876Z,1.6062,59,SYNTH
2026-04-21 16:12:14.667Z,1.6085,35,SYNTH
2026-04-21 16:12:15.051Z,1.6085,23,SYNTH
2026-04-21 16:12:16.731Z,1.6095,69,SYNTH
2026-04-21 16:12:17.857Z,1.6060,77,SYNTH
2026-04-21 16:12:18.387Z,1.6090,67,SYNTH
2026-04-21 16:12:19.144Z,1.6070,39,SYNTH
2026-04-21 16:12:20.293Z,1.6092,23,SYNTH
2026-04-21 16:12:21.778Z,1.6087,33,SYNTH
2026-04-21 16:12:22.573Z,1.6075,39,SYNTH
2026-04-21 16:12:23.547Z,1.6073,36,SYNTH
2026-04-21 16:12:24.368Z,1.6082,34,SYNTH
2026-04-21 16:12:25.856Z,1.6072,35,SYNTH
2026-04-21 16:12:26.856Z,1.6091,17,SYNTH
2026-04-21 16:12:27.564Z,1.6063,34,SYNTH
2026-04-21 16:12:28.557Z,1.6059,28,SYNTH
2026-04-21 16:12:29.070Z,1.6091,33,SYNTH
2026-04-21 16:12:30.051Z,1.6061,41,SYNTH
2026-04-21 16:12:31.844Z,1.6094,29,SYNTH
2026-04-21 16:12:32.313Z,1.6064,39,SYNTH
2026-04-21 16:12:33.407Z,1.6085,18,SYNTH
2026-04-21 16:12:34.495Z,1.6081,40,SYNTH
2026-04-21 16:12:35.426Z,1.6081,32,SYNTH
2026-04-21 16:12:36.892Z,1.6095,20,SYNTH
2026-04-21 16:12:37.545Z,1.6067,92,SYNTH
2026-04-21 16:12:38.549Z,1.6073,66,SYNTH
2026-04-21 16:12:39.684Z,1.6084,57,SYNTH
2026-04-21 16:12:40.019Z,1.6079,70,SYNTH
2026-04-21 16:12:41.419Z,1.6068,31,SYNTH
2026-04-21 16:12:42.205Z,1.6083,46,SYNTH
2026-04-21 16:12:43.025Z,1.6085,26,SYNTH
2026-04-21 16:12:44.770Z,1.6071,26,SYNTH
2026-04-21 16:12:45.593Z,1.6096,53,SYNTH
2026-04-21 16:12:46.749Z,1.6070,32,SYNTH
2026-04-21 16:12:47.179Z,1.6085,35,SYNTH
2026-04-21 16:12:48.033Z,1.6068,44,SYNTH
2026-04-21 16:12:49.629Z,1.6063,29,SYNTH
2026-04-21 16:12:50.039Z,1.6087,51,SYNTH
2026-04-21 16:12:51.387Z,1.6063,25,SYNTH
2026-04-21 16:12:52.436Z,1.6095,48,SYNTH
2026-04-21 16:12:53.799Z,1.6069,49,SYNTH
2026-04-21 16:12:54.330Z,1.6082,40,SYNTH
2026-04-21 16:12:55.402Z,1.6075,42,SYNTH
2026-04-21 16:12:56.227Z,1.6057,38,SYNTH
2026-04-21 16:12:57.299Z,1.6076,54,SYNTH
2026-04-21 16:12:58.452Z,1.6086,37,SYNTH
2026-04-21 16:12:59.087Z,1.6079,34,SYNTH
2026-04-21 16:24:00.171Z,1.6120,4,SYNTH
2026-04-21 16:24:01.319Z,1.6095,3,SYNTH
2026-04-21 16:24:02.016Z,1.6103,4,SYNTH
2026-04-21 16:24:03.201Z,1.6105,2,SYNTH
2026-04-21 16:24:04.798Z,1.6112,3,SYNTH
2026-04-21 16:24:05.066Z,1.6095,2,SYNTH
2026-04-21 16:24:06.308Z,1.6117,2,SYNTH
2026-04-21 16:24:07.633Z,1.6099,2,SYNTH
2026-04-21 16:24:08.831Z,1.6092,2,SYNTH
2026-04-21 16:24:09.891Z,1.6090,2,SYNTH
2026-04-21 16:24:10.882Z,1.6087,2,SYNTH
2026-04-21 16:24:11.125Z,1.6109,7,SYNTH
2026-04-21 16:24:12.497Z,1.6104,7,SYNTH
2026-04-21 16:24:13.351Z,1.6107,10,SYNTH
2026-04-21 16:24:14.114Z,1.6118,4,SYNTH
2026-04-21 16:24:15.725Z,1.6106,3,SYNTH
2026-04-21 16:24:16.378Z,1.6097,5,SYNTH
2026-04-21 16:24:17.065Z,1.6111,6,SYNTH
2026-04-21 16:24:18.823Z,1.6081,6,SYNTH
2026-04-21 16:24:19.345Z,1.6087,7,SYNTH
2026-04-21 16:24:20.823Z,1.6113,2,SYNTH
2026-04-21 16:24:21.701Z,1.6092,2,SYNTH
2026-04-21 16:24:22.184Z,1.6084,2,SYNTH
2026-04-21 16:24:23.666Z,1.6109,2,SYNTH
2026-04-21 16:24:24.724Z,1.6114,4,SYNTH
2026-04-21 16:24:25.725Z,1.6098,2,SYNTH
2026-04-21 16:24:26.723Z,1.6106,4,SYNTH
2026-04-21 16:24:27.604Z,1.6110,2,SYNTH
2026-04-21 16:24:28.034Z,1.6097,2,SYNTH
2026-04-21 16:24:29.307Z,1.6107,1,SYNTH
2026-04-21 16:24:30.887Z,1.6121,2,SYNTH
2026-04-21 16:24:31.201Z,1.6089,3,SYNTH
2026-04-21 16:24:32.762Z,1.6115,2,SYNTH
2026-04-21 16:24:33.369Z,1.6106,3,SYNTH
2026-04-21 16:24:34.635Z,1.6082,3,SYNTH
2026-04-21 16:24:35.085Z,1.6086,3,SYNTH
2026-04-21 16:24:36.654Z,1.6112,2,SYNTH
2026-04-21 16:24:37.199Z,1.6120,8,SYNTH
2026-04-21 16:24:38.625Z,1.6095,5,SYNTH
2026-04-21 16:24:39.716Z,1.6108,5,SYNTH
2026-04-21 16:24:40.775Z,1.6106,8,SYNTH
2026-04-21 16:24:41.701Z,1.6087,2,SYNTH
2026-04-21 16:24:42.324Z,1.6084,2,SYNTH
2026-04-21 16:24:43.766Z,1.6102,4,SYNTH
2026-04-21 16:24:44.724Z,1.6103,3,SYNTH
2026-04-21 16:24:45.159Z,1.6113,3,SYNTH
2026-04-21 16:24:46.507Z,1.6095,4,SYNTH
2026-04-21 16:24:47.500Z,1.6109,6,SYNTH
2026-04-21 16:24:48.534Z,1.6081,3,SYNTH
2026-04-21 16:24:49.558Z,1.6104,3,SYNTH
2026-04-21 16:24:50.261Z,1.6115,3,SYNTH
2026-04-21 16:24:51.353Z,1.6090,4,SYNTH
2026-04-21 16:24:52.472Z,1.6081,3,SYNTH
2026-04-21 16:24:53.065Z,1.6117,3,SYNTH
2026-04-21 16:24:54.228Z,1.6086,4,SYNTH
2026-04-21 16:24:55.806Z,1.6109,4,SYNTH
2026-04-21 16:24:56.327Z,1.6114,5,SYNTH
2026-04-21 16:24:57.214Z,1.6096,4,SYNTH
2026-04-21 16:24:58.442Z,1.6089,4,SYNTH
2026-04-21 16:24:59.420Z,1.6117,5,SYNTH
2026-04-21 16:25:00.062Z,1.6118,4,SYNTH
2026-04-21 16:25:01.855Z,1.6116,3,SYNTH
2026-04-21 16:25:02.765Z,1.6081,4,SYNTH
2026-04-21 16:25:03.304Z,1.6109,4,SYNTH
