TimestampUtc,Bid,Ask,BidSize,AskSize,SpreadBps
2026-03-12 19:08:25.412Z,3.8960,3.9040,100,100,20.5
2026-03-12 19:08:26.603Z,3.8933,3.9053,100,100,30.8
2026-03-12 19:08:27.379Z,3.8957,3.9043,100,100,22.1
2026-03-12 19:08:28.450Z,3.8946,3.9040,100,100,24.1
2026-03-12 19:08:29.570Z,3.8945,3.9051,100,100,27.2
2026-03-12 19:08:30.260Z,3.8937,3.9053,100,100,29.7
2026-03-12 19:08:31.079Z,3.8943,3.9039,100,100,24.6
2026-03-12 19:08:32.883Z,3.8958,3.9058,100,100,25.6
2026-03-12 19:08:33.829Z,3.8958,3.9054,100,100,24.6
2026-03-12 19:08:34.564Z,3.8956,3.9042,100,100,22.1
2026-03-12 19:08:35.135Z,3.8961,3.9041,100,100,20.5
2026-03-12 19:08:36.801Z,3.8965,3.9049,100,100,21.5
2026-03-12 19:08:37.733Z,3.8941,3.9063,100,100,31.3
2026-03-12 19:08:38.079Z,3.8954,3.9052,100,100,25.1
2026-03-12 19:08:39.157Z,3.8957,3.9045,100,100,22.6
2026-03-12 19:08:40.220Z,3.8948,3.9054,100,100,27.2
2026-03-12 19:08:41.174Z,3.8937,3.9045,100,100,27.7
2026-03-12 19:08:42.077Z,3.8957,3.9063,100,100,27.2
2026-03-12 19:08:43.832Z,3.8935,3.9059,100,100,31.8
2026-03-12 19:08:44.847Z,3.8939,3.9053,100,100,29.2
2026-03-12 19:08:45.149Z,3.8954,3.9058,100,100,26.7
2026-03-12 19:08:46.890Z,3.8955,3.9075,100,100,30.8
2026-03-12 19:08:47.213Z,3.8969,3.9055,100,100,22.0
2026-03-12 19:08:48.240Z,3.8975,3.9075,100,100,25.6
2026-03-12 19:08:49.595Z,3.8965,3.9065,100,100,25.6
2026-03-12 19:08:50.254Z,3.8973,3.9093,100,100,30.7
2026-03-12 19:08:51.383Z,3.8976,3.9092,100,100,29.7
2026-03-12 19:08:52.658Z,3.8984,3.9108,100,100,31.8
2026-03-12 19:08:53.181Z,3.8997,3.9101,100,100,26.6
2026-03-12 19:08:54.747Z,3.9006,3.9122,100,100,29.7
2026-03-12 19:08:55.543Z,3.9015,3.9123,100,100,27.6
2026-03-12 19:08:56.715Z,3.9026,3.9120,100,100,24.1
2026-03-12 19:08:57.217Z,3.9027,3.9109,100,100,21.0
2026-03-12 19:08:58.297Z,3.9031,3.9129,100,100,25.1
2026-03-12 19:08:59.291Z,3.9038,3.9148,100,100,28.1
2026-03-12 19:09:00.072Z,3.9033,3.9151,100,100,30.2
2026-03-12 19:09:01.527Z,3.9043,3.9139,100,100,24.6
2026-03-12 19:09:02.699Z,3.9044,3.9156,100,100,28.6
2026-03-12 19:09:03.402Z,3.9065,3.9155,100,100,23.0
2026-03-12 19:09:04.164Z,3.9048,3.9136,100,100,22.5
2026-03-12 19:09:05.455Z,3.9045,3.9167,100,100,31.2
2026-03-12 19:09:06.030Z,3.9044,3.9144,100,100,25.6
2026-03-12 19:09:07.772Z,3.9051,3.9155,100,100,26.6
2026-03-12 19:09:08.752Z,3.9036,3.9146,100,100,28.1
2026-03-12 19:09:09.606Z,3.9044,3.9128,100,100,21.5
2026-03-12 19:09:10.172Z,3.9050,3.9142,100,100,23.5
2026-03-12 19:09:11.043Z,3.9038,3.9132,100,100,24.1
2026-03-12 19:09:12.672Z,3.9027,3.9135,100,100,27.6
2026-03-12 19:09:13.379Z,3.9047,3.9141,100,100,24.0
2026-03-12 19:09:14.861Z,3.9044,3.9142,100,100,25.1
2026-03-12 19:09:15.537Z,3.9041,3.9135,100,100,24.0
2026-03-12 19:09:16.417Z,3.9043,3.9127,100,100,21.5
2026-03-12 19:09:17.745Z,3.9033,3.9143,100,100,28.1
2026-03-12 19:09:18.568Z,3.9041,3.9139,100,100,25.1
2026-03-12 19:09:19.158Z,3.9048,3.9154,100,100,27.1
2026-03-12 19:09:20.407Z,3.9047,3.9157,100,100,28.1
2026-03-12 19:09:21.677Z,3.9049,3.9153,100,100,26.6
2026-03-12 19:09:22.686Z,3.9043,3.9159,100,100,29.7
2026-03-12 19:09:23.596Z,3.9030,3.9150,100,100,30.7
2026-03-12 19:09:24.662Z,3.9055,3.9145,100,100,23.0
2026-03-12 19:08:25.328Z,3.9040,3.9160,100,100,30.7
2026-03-12 19:08:26.623Z,3.9021,3.9141,100,100,30.7
2026-03-12 19:08:27.846Z,3.9001,3.9119,100,100,30.2
2026-03-12 19:08:28.556Z,3.8944,3.9080,100,100,34.9
2026-03-12 19:08:29.635Z,3.8909,3.9011,100,100,26.2
2026-03-12 19:08:30.820Z,3.8839,3.8963,100,100,31.9
2026-03-12 19:08:31.295Z,3.8778,3.8906,100,100,33.0
2026-03-12 19:08:32.510Z,3.8697,3.8853,100,100,40.2
2026-03-12 19:08:33.574Z,3.8654,3.8798,100,100,37.2
2026-03-12 19:08:34.313Z,3.8612,3.8722,100,100,28.4
2026-03-12 19:08:35.418Z,3.8585,3.8687,100,100,26.4
2026-03-12 19:08:36.309Z,3.8526,3.8668,100,100,36.8
2026-03-12 19:08:37.267Z,3.8545,3.8645,100,100,25.9
2026-03-12 19:08:38.429Z,3.8557,3.8665,100,100,28.0
2026-03-12 19:08:39.614Z,3.8606,3.8708,100,100,26.4
2026-03-12 19:08:40.728Z,3.8625,3.8739,100,100,29.5
2026-03-12 19:08:41.701Z,3.8670,3.8792,100,100,31.5
2026-03-12 19:08:42.111Z,3.8692,3.8796,100,100,26.8
2026-03-12 19:08:43.552Z,3.8712,3.8804,100,100,23.7
2026-03-12 19:08:44.166Z,3.8714,3.8806,100,100,23.7
2026-03-12 19:08:45.757Z,3.8736,3.8854,100,100,30.4
2026-03-12 19:08:46.367Z,3.8771,3.8895,100,100,31.9
2026-03-12 19:08:47.728Z,3.8810,3.8920,100,100,28.3
2026-03-12 19:08:48.746Z,3.8861,3.8981,100,100,30.8
2026-03-12 19:08:49.024Z,3.8914,3.9042,100,100,32.8
2026-03-12 19:08:50.484Z,3.8977,3.9127,100,100,38.4
2026-03-12 19:08:51.481Z,3.9070,3.9184,100,100,29.1
2026-03-12 19:08:52.224Z,3.9133,3.9273,100,100,35.7
2026-03-12 19:08:53.471Z,3.9198,3.9342,100,100,36.7
2026-03-12 19:08:54.209Z,3.9283,3.9403,100,100,30.5
2026-03-12 19:08:55.745Z,3.9351,3.9517,100,100,42.1
2026-03-12 19:08:56.315Z,3.9424,3.9586,100,100,41.0
2026-03-12 19:08:57.598Z,3.9498,3.9616,100,100,29.8
2026-03-12 19:08:58.646Z,3.9562,3.9678,100,100,29.3
2026-03-12 19:08:59.260Z,3.9608,3.9758,100,100,37.8
2026-03-12 19:09:00.294Z,3.9675,3.9783,100,100,27.2
2026-03-12 19:09:01.319Z,3.9701,3.9817,100,100,29.2
2026-03-12 19:09:02.621Z,3.9737,3.9841,100,100,26.1
2026-03-12 19:09:03.241Z,3.9758,3.9844,100,100,21.6
2026-03-12 19:09:04.153Z,3.9756,3.9848,100,100,23.1
2026-03-12 19:09:05.020Z,3.9741,3.9851,100,100,27.6
2026-03-12 19:09:06.870Z,3.9739,3.9833,100,100,23.6
2026-03-12 19:09:07.137Z,3.9726,3.9818,100,100,23.1
2026-03-12 19:09:08.117Z,3.9684,3.9806,100,100,30.7
2026-03-12 19:09:09.414Z,3.9671,3.9781,100,100,27.7
2026-03-12 19:09:10.242Z,3.9661,3.9783,100,100,30.7
2026-03-12 19:09:11.044Z,3.9669,3.9767,100,100,24.7
2026-03-12 19:09:12.626Z,3.9675,3.9757,100,100,20.6
2026-03-12 19:09:13.398Z,3.9687,3.9773,100,100,21.6
2026-03-12 19:09:14.120Z,3.9694,3.9782,100,100,22.1
2026-03-12 19:09:15.447Z,3.9700,3.9784,100,100,21.1
2026-03-12 19:09:16.458Z,3.9701,3.9791,100,100,22.6
2026-03-12 19:09:17.870Z,3.9699,3.9811,100,100,28.2
2026-03-12 19:09:18.675Z,3.9715,3.9805,100,100,22.6
2026-03-12 19:09:19.101Z,3.9734,3.9822,100,100,22.1
2026-03-12 19:09:20.403Z,3.9713,3.9831,100,100,29.7
2026-03-12 19:09:21.124Z,3.9749,3.9841,100,100,23.1
2026-03-12 19:09:22.873Z,3.9731,3.9843,100,100,28.1
2026-03-12 19:09:23.438Z,3.9746,3.9832,100,100,21.6
2026-03-12 19:09:24.697Z,3.9737,3.9863,100,100,31.7
2026-03-12 19:08:25.188Z,3.8757,3.8843,100,100,22.2
2026-03-12 19:08:26.335Z,3.8744,3.8866,100,100,31.4
2026-03-12 19:08:27.373Z,3.8742,3.8844,100,100,26.3
2026-03-12 19:08:28.085Z,3.8743,3.8857,100,100,29.4
2026-03-12 19:08:29.580Z,3.8741,3.8851,100,100,28.4
2026-03-12 19:08:30.745Z,3.8736,3.8846,100,100,28.4
2026-03-12 19:08:31.392Z,3.8734,3.8850,100,100,29.9
2026-03-12 19:08:32.688Z,3.8750,3.8836,100,100,22.2
2026-03-12 19:08:33.796Z,3.8746,3.8858,100,100,28.9
2026-03-12 19:08:34.870Z,3.8753,3.8859,100,100,27.3
2026-03-12 19:08:35.373Z,3.8743,3.8845,100,100,26.3
2026-03-12 19:08:36.460Z,3.8742,3.8862,100,100,30.9
2026-03-12 19:08:37.615Z,3.8743,3.8853,100,100,28.4
2026-03-12 19:08:38.465Z,3.8755,3.8861,100,100,27.3
2026-03-12 19:08:39.842Z,3.8761,3.8845,100,100,21.6
2026-03-12 19:08:40.869Z,3.8738,3.8844,100,100,27.3
2026-03-12 19:08:41.204Z,3.8744,3.8840,100,100,24.7
2026-03-12 19:08:42.020Z,3.8745,3.8837,100,100,23.7
2026-03-12 19:08:43.807Z,3.8733,3.8849,100,100,29.9
2026-03-12 19:08:44.158Z,3.8749,3.8833,100,100,21.7
2026-03-12 19:08:45.417Z,3.8746,3.8848,100,100,26.3
2026-03-12 19:08:46.350Z,3.8757,3.8863,100,100,27.3
2026-03-12 19:08:47.892Z,3.8742,3.8850,100,100,27.8
2026-03-12 19:08:48.279Z,3.8764,3.8856,100,100,23.7
2026-03-12 19:08:49.187Z,3.8743,3.8841,100,100,25.3
2026-03-12 19:08:50.048Z,3.8759,3.8857,100,100,25.3
2026-03-12 19:08:51.788Z,3.8746,3.8842,100,100,24.7
2026-03-12 19:08:52.677Z,3.8750,3.8866,100,100,29.9
2026-03-12 19:08:53.480Z,3.8739,3.8859,100,100,30.9
2026-03-12 19:08:54.354Z,3.8750,3.8834,100,100,21.7
2026-03-12 19:08:55.006Z,3.8753,3.8841,100,100,22.7
2026-03-12 19:08:56.189Z,3.8758,3.8844,100,100,22.2
2026-03-12 19:08:57.101Z,3.8735,3.8853,100,100,30.4
2026-03-12 19:08:58.659Z,3.8748,3.8846,100,100,25.3
2026-03-12 19:08:59.526Z,3.8751,3.8841,100,100,23.2
2026-03-12 19:09:00.294Z,3.8735,3.8855,100,100,30.9
2026-03-12 19:09:01.024Z,3.8757,3.8857,100,100,25.8
2026-03-12 19:09:02.665Z,3.8738,3.8852,100,100,29.4
2026-03-12 19:09:03.593Z,3.8759,3.8849,100,100,23.2
2026-03-12 19:09:04.623Z,3.8746,3.8860,100,100,29.4
2026-03-12 19:09:05.884Z,3.8737,3.8847,100,100,28.4
2026-03-12 19:09:06.687Z,3.8743,3.8869,100,100,32.5
2026-03-12 19:09:07.195Z,3.8740,3.8862,100,100,31.4
2026-03-12 19:09:08.697Z,3.8746,3.8862,100,100,29.9
2026-03-12 19:09:09.045Z,3.8747,3.8869,100,100,31.4
2026-03-12 19:09:10.375Z,3.8738,3.8854,100,100,29.9
2026-03-12 19:09:11.448Z,3.8753,3.8845,100,100,23.7
2026-03-12 19:09:12.383Z,3.8751,3.8851,100,100,25.8
2026-03-12 19:09:13.707Z,3.8732,3.8854,100,100,31.4
2026-03-12 19:09:14.604Z,3.8763,3.8855,100,100,23.7
2026-03-12 19:09:15.731Z,3.8749,3.8859,100,100,28.3
2026-03-12 19:09:16.005Z,3.8731,3.8851,100,100,30.9
2026-03-12 19:09:17.040Z,3.8738,3.8848,100,100,28.4
2026-03-12 19:09:18.860Z,3.8753,3.8863,100,100,28.3
2026-03-12 19:09:19.259Z,3.8741,3.8857,100,100,29.9
2026-03-12 19:09:20.087Z,3.8761,3.8849,100,100,22.7
2026-03-12 19:09:21.269Z,3.8743,3.8857,100,100,29.4
2026-03-12 19:09:22.740Z,3.8739,3.8847,100,100,27.8
2026-03-12 19:09:23.547Z,3.8753,3.8843,100,100,23.2
2026-03-12 19:09:24.043Z,3.8753,3.8847,100,100,24.2
2026-03-12 19:08:25.062Z,3.8749,3.8851,100,100,26.3
2026-03-12 19:08:26.019Z,3.8760,3.8854,100,100,24.2
2026-03-12 19:08:27.180Z,3.8752,3.8854,100,100,26.3
2026-03-12 19:08:28.438Z,3.8734,3.8848,100,100,29.4
2026-03-12 19:08:29.059Z,3.8759,3.8843,100,100,21.6
2026-03-12 19:08:30.322Z,3.8751,3.8841,100,100,23.2
2026-03-12 19:08:31.090Z,3.8761,3.8849,100,100,22.7
2026-03-12 19:08:32.893Z,3.8752,3.8856,100,100,26.8
2026-03-12 19:08:33.631Z,3.8751,3.8865,100,100,29.4
2026-03-12 19:08:34.747Z,3.8731,3.8857,100,100,32.5
2026-03-12 19:08:35.448Z,3.8762,3.8856,100,100,24.2
2026-03-12 19:08:36.045Z,3.8741,3.8845,100,100,26.8
2026-03-12 19:08:37.762Z,3.8749,3.8839,100,100,23.2
2026-03-12 19:08:38.092Z,3.8754,3.8838,100,100,21.7
2026-03-12 19:08:39.820Z,3.8754,3.8854,100,100,25.8
2026-03-12 19:08:40.264Z,3.8751,3.8847,100,100,24.7
2026-03-12 19:08:41.361Z,3.8760,3.8844,100,100,21.6
2026-03-12 19:08:42.836Z,3.8733,3.8853,100,100,30.9
2026-03-12 19:08:43.534Z,3.8756,3.8838,100,100,21.1
2026-03-12 19:08:44.439Z,3.8766,3.8852,100,100,22.2
2026-03-12 19:08:45.670Z,3.8755,3.8847,100,100,23.7
2026-03-12 19:08:46.073Z,3.8752,3.8864,100,100,28.9
2026-03-12 19:08:47.654Z,3.8756,3.8854,100,100,25.3
2026-03-12 19:08:48.678Z,3.8742,3.8842,100,100,25.8
2026-03-12 19:08:49.191Z,3.8747,3.8845,100,100,25.3
2026-03-12 19:08:50.810Z,3.8748,3.8856,100,100,27.8
2026-03-12 19:08:51.240Z,3.8759,3.8851,100,100,23.7
2026-03-12 19:08:52.174Z,3.8736,3.8846,100,100,28.4
2026-03-12 19:08:53.205Z,3.8749,3.8861,100,100,28.9
2026-03-12 19:08:54.173Z,3.8748,3.8850,100,100,26.3
2026-03-12 19:08:55.105Z,3.8741,3.8855,100,100,29.4
2026-03-12 19:08:56.319Z,3.8766,3.8852,100,100,22.2
2026-03-12 19:08:57.434Z,3.8744,3.8852,100,100,27.8
2026-03-12 19:08:58.404Z,3.8747,3.8857,100,100,28.3
2026-03-12 19:08:59.182Z,3.8756,3.8846,100,100,23.2
2026-03-12 19:09:00.524Z,3.8738,3.8850,100,100,28.9
2026-03-12 19:09:01.367Z,3.8757,3.8843,100,100,22.2
2026-03-12 19:09:02.397Z,3.8745,3.8857,100,100,28.9
2026-03-12 19:09:03.144Z,3.8745,3.8847,100,100,26.3
2026-03-12 19:09:04.594Z,3.8752,3.8842,100,100,23.2
2026-03-12 19:09:05.436Z,3.8754,3.8860,100,100,27.3
2026-03-12 19:09:06.770Z,3.8731,3.8855,100,100,32.0
2026-03-12 19:09:07.568Z,3.8760,3.8858,100,100,25.3
2026-03-12 19:09:08.355Z,3.8753,3.8843,100,100,23.2
2026-03-12 19:09:09.599Z,3.8746,3.8844,100,100,25.3
2026-03-12 19:09:10.651Z,3.8736,3.8856,100,100,30.9
2026-03-12 19:09:11.321Z,3.8739,3.8855,100,100,29.9
2026-03-12 19:09:12.774Z,3.8748,3.8848,100,100,25.8
2026-03-12 19:09:13.485Z,3.8740,3.8854,100,100,29.4
2026-03-12 19:09:14.804Z,3.8754,3.8862,100,100,27.8
2026-03-12 19:09:15.495Z,3.8742,3.8842,100,100,25.8
2026-03-12 19:09:16.073Z,3.8734,3.8850,100,100,29.9
2026-03-12 19:09:17.783Z,3.8746,3.8872,100,100,32.5
2026-03-12 19:09:18.662Z,3.8751,3.8837,100,100,22.2
2026-03-12 19:09:19.806Z,3.8737,3.8851,100,100,29.4
2026-03-12 19:09:20.763Z,3.8739,3.8853,100,100,29.4
2026-03-12 19:09:21.166Z,3.8734,3.8850,100,100,29.9
2026-03-12 19:09:22.018Z,3.8742,3.8862,100,100,30.9
2026-03-12 19:09:23.853Z,3.8748,3.8862,100,100,29.4
2026-03-12 19:09:24.578Z,3.8742,3.8858,100,100,29.9
2026-03-12 19:08:25.341Z,3.8949,3.9051,100,100,26.2
2026-03-12 19:08:26.050Z,3.8946,3.9060,100,100,29.2
2026-03-12 19:08:27.715Z,3.8926,3.9034,100,100,27.7
2026-03-12 19:08:28.852Z,3.8928,3.9014,100,100,22.1
2026-03-12 19:08:29.715Z,3.8891,3.9015,100,100,31.8
2026-03-12 19:08:30.743Z,3.8857,3.8989,100,100,33.9
2026-03-12 19:08:31.776Z,3.8840,3.8940,100,100,25.7
2026-03-12 19:08:32.311Z,3.8822,3.8918,100,100,24.7
2026-03-12 19:08:33.415Z,3.8783,3.8905,100,100,31.4
2026-03-12 19:08:34.184Z,3.8787,3.8885,100,100,25.2
2026-03-12 19:08:35.309Z,3.8739,3.8875,100,100,35.0
2026-03-12 19:08:36.474Z,3.8753,3.8853,100,100,25.8
2026-03-12 19:08:37.171Z,3.8739,3.8851,100,100,28.9
2026-03-12 19:08:38.567Z,3.8756,3.8842,100,100,22.2
2026-03-12 19:08:39.681Z,3.8771,3.8891,100,100,30.9
2026-03-12 19:08:40.078Z,3.8790,3.8880,100,100,23.2
2026-03-12 19:08:41.420Z,3.8796,3.8914,100,100,30.4
2026-03-12 19:08:42.797Z,3.8823,3.8915,100,100,23.7
2026-03-12 19:08:43.797Z,3.8827,3.8939,100,100,28.8
2026-03-12 19:08:44.712Z,3.8824,3.8942,100,100,30.3
2026-03-12 19:08:45.097Z,3.8835,3.8931,100,100,24.7
2026-03-12 19:08:46.685Z,3.8838,3.8940,100,100,26.2
2026-03-12 19:08:47.285Z,3.8835,3.8929,100,100,24.2
2026-03-12 19:08:48.467Z,3.8842,3.8934,100,100,23.7
2026-03-12 19:08:49.440Z,3.8860,3.8948,100,100,22.6
2026-03-12 19:08:50.105Z,3.8870,3.8954,100,100,21.6
2026-03-12 19:08:51.118Z,3.8864,3.8964,100,100,25.7
2026-03-12 19:08:52.043Z,3.8879,3.8969,100,100,23.1
2026-03-12 19:08:53.384Z,3.8886,3.8970,100,100,21.6
2026-03-12 19:08:54.557Z,3.8888,3.9020,100,100,33.9
2026-03-12 19:08:55.515Z,3.8916,3.9002,100,100,22.1
2026-03-12 19:08:56.056Z,3.8926,3.9014,100,100,22.6
2026-03-12 19:08:57.678Z,3.8924,3.9020,100,100,24.6
2026-03-12 19:08:58.745Z,3.8929,3.9023,100,100,24.1
2026-03-12 19:08:59.357Z,3.8924,3.9050,100,100,32.3
2026-03-12 19:09:00.403Z,3.8929,3.9041,100,100,28.7
2026-03-12 19:09:01.180Z,3.8954,3.9042,100,100,22.6
2026-03-12 19:09:02.013Z,3.8954,3.9054,100,100,25.6
2026-03-12 19:09:03.863Z,3.8931,3.9057,100,100,32.3
2026-03-12 19:09:04.023Z,3.8938,3.9056,100,100,30.3
2026-03-12 19:09:05.268Z,3.8944,3.9040,100,100,24.6
2026-03-12 19:09:06.517Z,3.8952,3.9054,100,100,26.2
2026-03-12 19:09:07.256Z,3.8951,3.9063,100,100,28.7
2026-03-12 19:09:08.622Z,3.8929,3.9053,100,100,31.8
2026-03-12 19:09:09.381Z,3.8940,3.9062,100,100,31.3
2026-03-12 19:09:10.371Z,3.8957,3.9057,100,100,25.6
2026-03-12 19:09:11.487Z,3.8952,3.9058,100,100,27.2
2026-03-12 19:09:12.756Z,3.8942,3.9050,100,100,27.7
2026-03-12 19:09:13.534Z,3.8955,3.9057,100,100,26.1
2026-03-12 19:09:14.200Z,3.8957,3.9051,100,100,24.1
2026-03-12 19:09:15.150Z,3.8958,3.9050,100,100,23.6
2026-03-12 19:09:16.373Z,3.8930,3.9050,100,100,30.8
2026-03-12 19:09:17.121Z,3.8957,3.9053,100,100,24.6
2026-03-12 19:09:18.599Z,3.8931,3.9053,100,100,31.3
2026-03-12 19:09:19.099Z,3.8934,3.9052,100,100,30.3
2026-03-12 19:09:20.890Z,3.8945,3.9055,100,100,28.2
2026-03-12 19:09:21.065Z,3.8951,3.9057,100,100,27.2
2026-03-12 19:09:22.221Z,3.8941,3.9045,100,100,26.7
2026-03-12 19:09:23.038Z,3.8944,3.9042,100,100,25.1
2026-03-12 19:09:24.341Z,3.8942,3.9058,100,100,29.7
2026-03-12 19:08:25.639Z,3.9247,3.9353,100,100,27.0
2026-03-12 19:08:26.070Z,3.9246,3.9348,100,100,26.0
2026-03-12 19:08:27.760Z,3.9253,3.9351,100,100,24.9
2026-03-12 19:08:28.243Z,3.9233,3.9325,100,100,23.4
2026-03-12 19:08:29.678Z,3.9205,3.9329,100,100,31.6
2026-03-12 19:08:30.052Z,3.9216,3.9314,100,100,25.0
2026-03-12 19:08:31.681Z,3.9178,3.9304,100,100,32.1
2026-03-12 19:08:32.876Z,3.9190,3.9290,100,100,25.5
2026-03-12 19:08:33.163Z,3.9175,3.9285,100,100,28.0
2026-03-12 19:08:34.150Z,3.9170,3.9258,100,100,22.4
2026-03-12 19:08:35.255Z,3.9161,3.9255,100,100,24.0
2026-03-12 19:08:36.706Z,3.9154,3.9268,100,100,29.1
2026-03-12 19:08:37.604Z,3.9156,3.9246,100,100,23.0
2026-03-12 19:08:38.025Z,3.9159,3.9249,100,100,23.0
2026-03-12 19:08:39.714Z,3.9143,3.9257,100,100,29.1
2026-03-12 19:08:40.116Z,3.9157,3.9269,100,100,28.6
2026-03-12 19:08:41.022Z,3.9166,3.9288,100,100,31.1
2026-03-12 19:08:42.438Z,3.9185,3.9285,100,100,25.5
2026-03-12 19:08:43.136Z,3.9169,3.9273,100,100,26.5
2026-03-12 19:08:44.017Z,3.9190,3.9286,100,100,24.5
2026-03-12 19:08:45.868Z,3.9184,3.9276,100,100,23.5
2026-03-12 19:08:46.448Z,3.9182,3.9296,100,100,29.1
2026-03-12 19:08:47.147Z,3.9194,3.9280,100,100,21.9
2026-03-12 19:08:48.740Z,3.9200,3.9284,100,100,21.4
2026-03-12 19:08:49.569Z,3.9192,3.9304,100,100,28.5
2026-03-12 19:08:50.342Z,3.9203,3.9285,100,100,20.9
2026-03-12 19:08:51.815Z,3.9190,3.9300,100,100,28.0
2026-03-12 19:08:52.719Z,3.9209,3.9307,100,100,25.0
2026-03-12 19:08:53.676Z,3.9217,3.9297,100,100,20.4
2026-03-12 19:08:54.038Z,3.9220,3.9310,100,100,22.9
2026-03-12 19:08:55.894Z,3.9218,3.9318,100,100,25.5
2026-03-12 19:08:56.218Z,3.9216,3.9338,100,100,31.1
2026-03-12 19:08:57.425Z,3.9231,3.9331,100,100,25.5
2026-03-12 19:08:58.397Z,3.9249,3.9345,100,100,24.4
2026-03-12 19:08:59.484Z,3.9253,3.9343,100,100,22.9
2026-03-12 19:09:00.568Z,3.9258,3.9342,100,100,21.4
2026-03-12 19:09:01.188Z,3.9238,3.9348,100,100,28.0
2026-03-12 19:09:02.412Z,3.9249,3.9365,100,100,29.5
2026-03-12 19:09:03.805Z,3.9239,3.9345,100,100,27.0
2026-03-12 19:09:04.270Z,3.9242,3.9370,100,100,32.6
2026-03-12 19:09:05.738Z,3.9256,3.9354,100,100,24.9
2026-03-12 19:09:06.699Z,3.9240,3.9344,100,100,26.5
2026-03-12 19:09:07.125Z,3.9243,3.9355,100,100,28.5
2026-03-12 19:09:08.721Z,3.9259,3.9343,100,100,21.4
2026-03-12 19:09:09.676Z,3.9259,3.9357,100,100,24.9
2026-03-12 19:09:10.054Z,3.9252,3.9338,100,100,21.9
2026-03-12 19:09:11.577Z,3.9246,3.9346,100,100,25.4
2026-03-12 19:09:12.695Z,3.9253,3.9361,100,100,27.5
2026-03-12 19:09:13.012Z,3.9245,3.9349,100,100,26.5
2026-03-12 19:09:14.168Z,3.9251,3.9347,100,100,24.4
2026-03-12 19:09:15.193Z,3.9250,3.9352,100,100,26.0
2026-03-12 19:09:16.413Z,3.9240,3.9346,100,100,27.0
2026-03-12 19:09:17.684Z,3.9250,3.9368,100,100,30.0
2026-03-12 19:09:18.568Z,3.9251,3.9343,100,100,23.4
2026-03-12 19:09:19.223Z,3.9259,3.9345,100,100,21.9
2026-03-12 19:09:20.239Z,3.9258,3.9360,100,100,25.9
2026-03-12 19:09:21.635Z,3.9252,3.9362,100,100,28.0
2026-03-12 19:09:22.087Z,3.9252,3.9340,100,100,22.4
2026-03-12 19:09:23.222Z,3.9244,3.9356,100,100,28.5
2026-03-12 19:09:24.241Z,3.9249,3.9351,100,100,26.0
2026-03-12 19:08:25.134Z,3.9057,3.9143,100,100,22.0
2026-03-12 19:08:26.444Z,3.9058,3.9144,100,100,22.0
2026-03-12 19:08:27.610Z,3.9040,3.9160,100,100,30.7
2026-03-12 19:08:28.084Z,3.9036,3.9148,100,100,28.7
2026-03-12 19:08:29.240Z,3.9038,3.9158,100,100,30.7
2026-03-12 19:08:30.775Z,3.9036,3.9156,100,100,30.7
2026-03-12 19:08:31.755Z,3.9053,3.9153,100,100,25.6
2026-03-12 19:08:32.886Z,3.9054,3.9150,100,100,24.6
2026-03-12 19:08:33.474Z,3.9061,3.9157,100,100,24.5
2026-03-12 19:08:34.260Z,3.9039,3.9157,100,100,30.2
2026-03-12 19:08:35.310Z,3.9054,3.9138,100,100,21.5
2026-03-12 19:08:36.200Z,3.9055,3.9137,100,100,21.0
2026-03-12 19:08:37.456Z,3.9052,3.9148,100,100,24.6
2026-03-12 19:08:38.252Z,3.9028,3.9152,100,100,31.7
2026-03-12 19:08:39.614Z,3.9046,3.9138,100,100,23.5
2026-03-12 19:08:40.873Z,3.9045,3.9153,100,100,27.6
2026-03-12 19:08:41.063Z,3.9053,3.9155,100,100,26.1
2026-03-12 19:08:42.687Z,3.9052,3.9140,100,100,22.5
2026-03-12 19:08:43.851Z,3.9052,3.9150,100,100,25.1
2026-03-12 19:08:44.162Z,3.9034,3.9152,100,100,30.2
2026-03-12 19:08:45.306Z,3.9057,3.9139,100,100,21.0
2026-03-12 19:08:46.066Z,3.9024,3.9142,100,100,30.2
2026-03-12 19:08:47.548Z,3.9000,3.9122,100,100,31.2
2026-03-12 19:08:48.018Z,3.9006,3.9096,100,100,23.0
2026-03-12 19:08:49.149Z,3.8978,3.9102,100,100,31.8
2026-03-12 19:08:50.281Z,3.8947,3.9065,100,100,30.3
2026-03-12 19:08:51.108Z,3.8946,3.9052,100,100,27.2
2026-03-12 19:08:52.059Z,3.8931,3.9023,100,100,23.6
2026-03-12 19:08:53.016Z,3.8896,3.9014,100,100,30.3
2026-03-12 19:08:54.179Z,3.8870,3.9000,100,100,33.4
2026-03-12 19:08:55.027Z,3.8858,3.8968,100,100,28.3
2026-03-12 19:08:56.360Z,3.8817,3.8951,100,100,34.5
2026-03-12 19:08:57.483Z,3.8820,3.8912,100,100,23.7
2026-03-12 19:08:58.022Z,3.8800,3.8898,100,100,25.2
2026-03-12 19:08:59.865Z,3.8776,3.8894,100,100,30.4
2026-03-12 19:09:00.445Z,3.8763,3.8863,100,100,25.8
2026-03-12 19:09:01.306Z,3.8758,3.8882,100,100,31.9
2026-03-12 19:09:02.573Z,3.8738,3.8866,100,100,33.0
2026-03-12 19:09:03.110Z,3.8753,3.8855,100,100,26.3
2026-03-12 19:09:04.831Z,3.8757,3.8855,100,100,25.3
2026-03-12 19:09:05.854Z,3.8754,3.8842,100,100,22.7
2026-03-12 19:09:06.258Z,3.8762,3.8856,100,100,24.2
2026-03-12 19:09:07.134Z,3.8752,3.8872,100,100,30.9
2026-03-12 19:09:08.492Z,3.8765,3.8887,100,100,31.4
2026-03-12 19:09:09.070Z,3.8776,3.8870,100,100,24.2
2026-03-12 19:09:10.393Z,3.8787,3.8885,100,100,25.2
2026-03-12 19:09:11.060Z,3.8782,3.8878,100,100,24.7
2026-03-12 19:09:12.181Z,3.8773,3.8875,100,100,26.3
2026-03-12 19:09:13.351Z,3.8762,3.8880,100,100,30.4
2026-03-12 19:09:14.152Z,3.8770,3.8864,100,100,24.2
2026-03-12 19:09:15.052Z,3.8772,3.8890,100,100,30.4
2026-03-12 19:09:16.565Z,3.8746,3.8876,100,100,33.5
2026-03-12 19:09:17.007Z,3.8766,3.8870,100,100,26.8
2026-03-12 19:09:18.716Z,3.8767,3.8867,100,100,25.8
2026-03-12 19:09:19.044Z,3.8747,3.8867,100,100,30.9
2026-03-12 19:09:20.175Z,3.8752,3.8862,100,100,28.3
2026-03-12 19:09:21.116Z,3.8756,3.8844,100,100,22.7
2026-03-12 19:09:22.266Z,3.8735,3.8849,100,100,29.4
2026-03-12 19:09:23.222Z,3.8749,3.8843,100,100,24.2
2026-03-12 19:09:24.798Z,3.8757,3.8843,100,100,22.2
2026-03-12 19:08:25.281Z,3.9045,3.9155,100,100,28.1
2026-03-12 19:08:26.384Z,3.9031,3.9153,100,100,31.2
2026-03-12 19:08:27.241Z,3.9045,3.9163,100,100,30.2
2026-03-12 19:08:28.533Z,3.9038,3.9150,100,100,28.6
2026-03-12 19:08:29.204Z,3.9046,3.9136,100,100,23.0
2026-03-12 19:08:30.488Z,3.9041,3.9159,100,100,30.2
2026-03-12 19:08:31.296Z,3.9034,3.9152,100,100,30.2
2026-03-12 19:08:32.720Z,3.9045,3.9147,100,100,26.1
2026-03-12 19:08:33.855Z,3.9056,3.9160,100,100,26.6
2026-03-12 19:08:34.843Z,3.9039,3.9141,100,100,26.1
2026-03-12 19:08:35.271Z,3.9045,3.9153,100,100,27.6
2026-03-12 19:08:36.088Z,3.9045,3.9145,100,100,25.6
2026-03-12 19:08:37.556Z,3.9035,3.9149,100,100,29.2
2026-03-12 19:08:38.380Z,3.9057,3.9159,100,100,26.1
2026-03-12 19:08:39.073Z,3.9055,3.9163,100,100,27.6
2026-03-12 19:08:40.701Z,3.9043,3.9145,100,100,26.1
2026-03-12 19:08:41.163Z,3.9061,3.9153,100,100,23.5
2026-03-12 19:08:42.689Z,3.9037,3.9145,100,100,27.6
2026-03-12 19:08:43.319Z,3.9048,3.9134,100,100,22.0
2026-03-12 19:08:44.131Z,3.9050,3.9154,100,100,26.6
2026-03-12 19:08:45.523Z,3.9027,3.9145,100,100,30.2
2026-03-12 19:08:46.554Z,3.9039,3.9135,100,100,24.6
2026-03-12 19:08:47.672Z,3.9039,3.9129,100,100,23.0
2026-03-12 19:08:48.396Z,3.9018,3.9126,100,100,27.6
2026-03-12 19:08:49.835Z,3.8993,3.9099,100,100,27.1
2026-03-12 19:08:50.841Z,3.8972,3.9094,100,100,31.3
2026-03-12 19:08:51.284Z,3.8977,3.9097,100,100,30.7
2026-03-12 19:08:52.424Z,3.8952,3.9082,100,100,33.3
2026-03-12 19:08:53.328Z,3.8932,3.9052,100,100,30.8
2026-03-12 19:08:54.121Z,3.8931,3.9031,100,100,25.7
2026-03-12 19:08:55.552Z,3.8919,3.9007,100,100,22.6
2026-03-12 19:08:56.211Z,3.8921,3.9013,100,100,23.6
2026-03-12 19:08:57.678Z,3.8882,3.8998,100,100,29.8
2026-03-12 19:08:58.734Z,3.8875,3.8983,100,100,27.7
2026-03-12 19:08:59.436Z,3.8881,3.8965,100,100,21.6
2026-03-12 19:09:00.238Z,3.8870,3.8956,100,100,22.1
2026-03-12 19:09:01.519Z,3.8865,3.8963,100,100,25.2
2026-03-12 19:09:02.258Z,3.8836,3.8950,100,100,29.3
2026-03-12 19:09:03.207Z,3.8851,3.8939,100,100,22.6
2026-03-12 19:09:04.717Z,3.8839,3.8953,100,100,29.3
2026-03-12 19:09:05.526Z,3.8860,3.8954,100,100,24.2
2026-03-12 19:09:06.515Z,3.8854,3.8944,100,100,23.1
2026-03-12 19:09:07.169Z,3.8859,3.8955,100,100,24.7
2026-03-12 19:09:08.297Z,3.8862,3.8964,100,100,26.2
2026-03-12 19:09:09.211Z,3.8873,3.8989,100,100,29.8
2026-03-12 19:09:10.275Z,3.8875,3.8981,100,100,27.2
2026-03-12 19:09:11.372Z,3.8872,3.8988,100,100,29.8
2026-03-12 19:09:12.321Z,3.8880,3.8968,100,100,22.6
2026-03-12 19:09:13.093Z,3.8881,3.8989,100,100,27.7
2026-03-12 19:09:14.850Z,3.8879,3.8985,100,100,27.2
2026-03-12 19:09:15.295Z,3.8863,3.8987,100,100,31.9
2026-03-12 19:09:16.826Z,3.8870,3.8980,100,100,28.3
2026-03-12 19:09:17.871Z,3.8862,3.8980,100,100,30.3
2026-03-12 19:09:18.272Z,3.8872,3.8972,100,100,25.7
2026-03-12 19:09:19.156Z,3.8852,3.8976,100,100,31.9
2026-03-12 19:09:20.620Z,3.8851,3.8945,100,100,24.2
2026-03-12 19:09:21.608Z,3.8846,3.8952,100,100,27.3
2026-03-12 19:09:22.378Z,3.8849,3.8973,100,100,31.9
2026-03-12 19:09:23.558Z,3.8849,3.8939,100,100,23.1
2026-03-12 19:09:24.184Z,3.8842,3.8958,100,100,29.8
2026-03-12 19:08:25.841Z,3.8850,3.8950,100,100,25.7
2026-03-12 19:08:26.174Z,3.8833,3.8949,100,100,29.8
2026-03-12 19:08:27.290Z,3.8838,3.8962,100,100,31.9
2026-03-12 19:08:28.169Z,3.8848,3.8946,100,100,25.2
2026-03-12 19:08:29.471Z,3.8851,3.8949,100,100,25.2
2026-03-12 19:08:30.063Z,3.8852,3.8936,100,100,21.6
2026-03-12 19:08:31.142Z,3.8851,3.8935,100,100,21.6
2026-03-12 19:08:32.171Z,3.8842,3.8958,100,100,29.8
2026-03-12 19:08:33.770Z,3.8854,3.8956,100,100,26.2
2026-03-12 19:08:34.090Z,3.8837,3.8951,100,100,29.3
2026-03-12 19:08:35.103Z,3.8847,3.8959,100,100,28.8
2026-03-12 19:08:36.466Z,3.8860,3.8950,100,100,23.1
2026-03-12 19:08:37.150Z,3.8844,3.8960,100,100,29.8
2026-03-12 19:08:38.221Z,3.8837,3.8957,100,100,30.9
2026-03-12 19:08:39.364Z,3.8848,3.8960,100,100,28.8
2026-03-12 19:08:40.012Z,3.8833,3.8951,100,100,30.3
2026-03-12 19:08:41.322Z,3.8851,3.8949,100,100,25.2
2026-03-12 19:08:42.426Z,3.8848,3.8968,100,100,30.8
2026-03-12 19:08:43.865Z,3.8838,3.8958,100,100,30.8
2026-03-12 19:08:44.016Z,3.8848,3.8964,100,100,29.8
2026-03-12 19:08:45.140Z,3.8850,3.8940,100,100,23.1
2026-03-12 19:08:46.374Z,3.8859,3.8951,100,100,23.6
2026-03-12 19:08:47.664Z,3.8859,3.8963,100,100,26.7
2026-03-12 19:08:48.731Z,3.8863,3.8953,100,100,23.1
2026-03-12 19:08:49.313Z,3.8869,3.8965,100,100,24.7
2026-03-12 19:08:50.483Z,3.8879,3.8973,100,100,24.1
2026-03-12 19:08:51.183Z,3.8881,3.8985,100,100,26.7
2026-03-12 19:08:52.198Z,3.8905,3.8991,100,100,22.1
2026-03-12 19:08:53.246Z,3.8906,3.9008,100,100,26.2
2026-03-12 19:08:54.384Z,3.8910,3.9002,100,100,23.6
2026-03-12 19:08:55.702Z,3.8918,3.9028,100,100,28.2
2026-03-12 19:08:56.779Z,3.8931,3.9027,100,100,24.6
2026-03-12 19:08:57.151Z,3.8922,3.9032,100,100,28.2
2026-03-12 19:08:58.192Z,3.8933,3.9045,100,100,28.7
2026-03-12 19:08:59.716Z,3.8927,3.9035,100,100,27.7
2026-03-12 19:09:00.836Z,3.8940,3.9032,100,100,23.6
2026-03-12 19:09:01.212Z,3.8944,3.9034,100,100,23.1
2026-03-12 19:09:02.593Z,3.8955,3.9059,100,100,26.7
2026-03-12 19:09:03.790Z,3.8951,3.9065,100,100,29.2
2026-03-12 19:09:04.511Z,3.8959,3.9049,100,100,23.1
2026-03-12 19:09:05.707Z,3.8942,3.9054,100,100,28.7
2026-03-12 19:09:06.149Z,3.8943,3.9029,100,100,22.1
2026-03-12 19:09:07.567Z,3.8926,3.9042,100,100,29.8
2026-03-12 19:09:08.851Z,3.8926,3.9034,100,100,27.7
2026-03-12 19:09:09.754Z,3.8928,3.9020,100,100,23.6
2026-03-12 19:09:10.879Z,3.8929,3.9035,100,100,27.2
2026-03-12 19:09:11.665Z,3.8930,3.9014,100,100,21.6
2026-03-12 19:09:12.477Z,3.8900,3.9024,100,100,31.8
2026-03-12 19:09:13.555Z,3.8916,3.9016,100,100,25.7
2026-03-12 19:09:14.895Z,3.8921,3.9013,100,100,23.6
2026-03-12 19:09:15.832Z,3.8894,3.9006,100,100,28.8
2026-03-12 19:09:16.493Z,3.8911,3.8993,100,100,21.1
2026-03-12 19:09:17.541Z,3.8884,3.8980,100,100,24.7
2026-03-12 19:09:18.550Z,3.8884,3.8986,100,100,26.2
2026-03-12 19:09:19.000Z,3.8875,3.8985,100,100,28.3
2026-03-12 19:09:20.331Z,3.8858,3.8960,100,100,26.2
2026-03-12 19:09:21.600Z,3.8868,3.8954,100,100,22.1
2026-03-12 19:09:22.147Z,3.8848,3.8958,100,100,28.3
2026-03-12 19:09:23.437Z,3.8839,3.8949,100,100,28.3
2026-03-12 19:09:24.401Z,3.8856,3.8944,100,100,22.6
2026-03-12 19:08:25.700Z,3.8740,3.8860,100,100,30.9
2026-03-12 19:08:26.686Z,3.8745,3.8857,100,100,28.9
2026-03-12 19:08:27.694Z,3.8756,3.8884,100,100,33.0
2026-03-12 19:08:28.235Z,3.8771,3.8883,100,100,28.8
2026-03-12 19:08:29.547Z,3.8798,3.8918,100,100,30.9
2026-03-12 19:08:30.378Z,3.8816,3.8932,100,100,29.8
2026-03-12 19:08:31.281Z,3.8856,3.8952,100,100,24.7
2026-03-12 19:08:32.888Z,3.8868,3.8968,100,100,25.7
2026-03-12 19:08:33.499Z,3.8893,3.8999,100,100,27.2
2026-03-12 19:08:34.802Z,3.8907,3.9025,100,100,30.3
2026-03-12 19:08:35.627Z,3.8922,3.9056,100,100,34.4
2026-03-12 19:08:36.154Z,3.8946,3.9036,100,100,23.1
2026-03-12 19:08:37.062Z,3.8951,3.9037,100,100,22.1
2026-03-12 19:08:38.601Z,3.8943,3.9043,100,100,25.6
2026-03-12 19:08:39.823Z,3.8909,3.9035,100,100,32.3
2026-03-12 19:08:40.246Z,3.8919,3.9017,100,100,25.1
2026-03-12 19:08:41.662Z,3.8901,3.9003,100,100,26.2
2026-03-12 19:08:42.283Z,3.8883,3.8991,100,100,27.7
2026-03-12 19:08:43.693Z,3.8892,3.9006,100,100,29.3
2026-03-12 19:08:44.395Z,3.8889,3.8983,100,100,24.1
2026-03-12 19:08:45.345Z,3.8856,3.8956,100,100,25.7
2026-03-12 19:08:46.758Z,3.8849,3.8943,100,100,24.2
2026-03-12 19:08:47.673Z,3.8802,3.8928,100,100,32.4
2026-03-12 19:08:48.653Z,3.8743,3.8891,100,100,38.1
2026-03-12 19:08:49.126Z,3.8709,3.8837,100,100,33.0
2026-03-12 19:08:50.198Z,3.8680,3.8794,100,100,29.4
2026-03-12 19:08:51.076Z,3.8617,3.8751,100,100,34.6
2026-03-12 19:08:52.512Z,3.8555,3.8697,100,100,36.8
2026-03-12 19:08:53.050Z,3.8511,3.8623,100,100,29.0
2026-03-12 19:08:54.048Z,3.8452,3.8578,100,100,32.7
2026-03-12 19:08:55.415Z,3.8395,3.8531,100,100,35.4
2026-03-12 19:08:56.690Z,3.8354,3.8464,100,100,28.6
2026-03-12 19:08:57.369Z,3.8326,3.8428,100,100,26.6
2026-03-12 19:08:58.104Z,3.8254,3.8390,100,100,35.5
2026-03-12 19:08:59.869Z,3.8224,3.8330,100,100,27.7
2026-03-12 19:09:00.887Z,3.8208,3.8308,100,100,26.1
2026-03-12 19:09:01.634Z,3.8163,3.8273,100,100,28.8
2026-03-12 19:09:02.337Z,3.8151,3.8259,100,100,28.3
2026-03-12 19:09:03.352Z,3.8153,3.8245,100,100,24.1
2026-03-12 19:09:04.785Z,3.8145,3.8253,100,100,28.3
2026-03-12 19:09:05.344Z,3.8166,3.8250,100,100,22.0
2026-03-12 19:09:06.284Z,3.8167,3.8271,100,100,27.2
2026-03-12 19:09:07.426Z,3.8181,3.8311,100,100,34.0
2026-03-12 19:09:08.111Z,3.8199,3.8327,100,100,33.5
2026-03-12 19:09:09.533Z,3.8222,3.8332,100,100,28.7
2026-03-12 19:09:10.673Z,3.8245,3.8339,100,100,24.5
2026-03-12 19:09:11.255Z,3.8264,3.8350,100,100,22.5
2026-03-12 19:09:12.620Z,3.8259,3.8369,100,100,28.7
2026-03-12 19:09:13.818Z,3.8279,3.8373,100,100,24.5
2026-03-12 19:09:14.490Z,3.8294,3.8422,100,100,33.4
2026-03-12 19:09:15.815Z,3.8331,3.8453,100,100,31.8
2026-03-12 19:09:16.730Z,3.8369,3.8489,100,100,31.2
2026-03-12 19:09:17.123Z,3.8424,3.8536,100,100,29.1
2026-03-12 19:09:18.417Z,3.8470,3.8590,100,100,31.1
2026-03-12 19:09:19.433Z,3.8508,3.8620,100,100,29.0
2026-03-12 19:09:20.326Z,3.8533,3.8677,100,100,37.3
2026-03-12 19:09:21.010Z,3.8581,3.8711,100,100,33.6
2026-03-12 19:09:22.599Z,3.8611,3.8733,100,100,31.5
2026-03-12 19:09:23.139Z,3.8644,3.8758,100,100,29.5
2026-03-12 19:09:24.594Z,3.8654,3.8746,100,100,23.8
2026-03-12 19:08:25.689Z,3.9141,3.9259,100,100,30.1
2026-03-12 19:08:26.380Z,3.9144,3.9264,100,100,30.6
2026-03-12 19:08:27.119Z,3.9164,3.9250,100,100,21.9
2026-03-12 19:08:28.384Z,3.9158,3.9244,100,100,21.9
2026-03-12 19:08:29.046Z,3.9147,3.9245,100,100,25.0
2026-03-12 19:08:30.722Z,3.9148,3.9236,100,100,22.5
2026-03-12 19:08:31.426Z,3.9165,3.9253,100,100,22.4
2026-03-12 19:08:32.049Z,3.9168,3.9248,100,100,20.4
2026-03-12 19:08:33.374Z,3.9148,3.9266,100,100,30.1
2026-03-12 19:08:34.645Z,3.9141,3.9255,100,100,29.1
2026-03-12 19:08:35.808Z,3.9149,3.9239,100,100,23.0
2026-03-12 19:08:36.341Z,3.9141,3.9259,100,100,30.1
2026-03-12 19:08:37.225Z,3.9155,3.9257,100,100,26.0
2026-03-12 19:08:38.080Z,3.9156,3.9242,100,100,21.9
2026-03-12 19:08:39.384Z,3.9147,3.9255,100,100,27.6
2026-03-12 19:08:40.115Z,3.9163,3.9253,100,100,23.0
2026-03-12 19:08:41.049Z,3.9136,3.9254,100,100,30.1
2026-03-12 19:08:42.237Z,3.9143,3.9265,100,100,31.1
2026-03-12 19:08:43.180Z,3.9148,3.9262,100,100,29.1
2026-03-12 19:08:44.854Z,3.9138,3.9252,100,100,29.1
2026-03-12 19:08:45.578Z,3.9134,3.9240,100,100,27.0
2026-03-12 19:08:46.202Z,3.9113,3.9237,100,100,31.7
2026-03-12 19:08:47.172Z,3.9117,3.9223,100,100,27.1
2026-03-12 19:08:48.416Z,3.9109,3.9213,100,100,26.6
2026-03-12 19:08:49.133Z,3.9084,3.9186,100,100,26.1
2026-03-12 19:08:50.543Z,3.9064,3.9158,100,100,24.0
2026-03-12 19:08:51.382Z,3.9035,3.9157,100,100,31.2
2026-03-12 19:08:52.437Z,3.9014,3.9144,100,100,33.3
2026-03-12 19:08:53.297Z,3.8979,3.9105,100,100,32.3
2026-03-12 19:08:54.549Z,3.8966,3.9082,100,100,29.7
2026-03-12 19:08:55.432Z,3.8935,3.9067,100,100,33.8
2026-03-12 19:08:56.348Z,3.8945,3.9043,100,100,25.1
2026-03-12 19:08:57.097Z,3.8897,3.9025,100,100,32.9
2026-03-12 19:08:58.337Z,3.8907,3.8995,100,100,22.6
2026-03-12 19:08:59.436Z,3.8879,3.8995,100,100,29.8
2026-03-12 19:09:00.436Z,3.8878,3.8984,100,100,27.2
2026-03-12 19:09:01.858Z,3.8856,3.8952,100,100,24.7
2026-03-12 19:09:02.418Z,3.8855,3.8939,100,100,21.6
2026-03-12 19:09:03.124Z,3.8838,3.8956,100,100,30.3
2026-03-12 19:09:04.524Z,3.8857,3.8949,100,100,23.6
2026-03-12 19:09:05.477Z,3.8833,3.8955,100,100,31.4
2026-03-12 19:09:06.677Z,3.8841,3.8959,100,100,30.3
2026-03-12 19:09:07.713Z,3.8849,3.8975,100,100,32.4
2026-03-12 19:09:08.894Z,3.8864,3.8988,100,100,31.9
2026-03-12 19:09:09.321Z,3.8871,3.8975,100,100,26.7
2026-03-12 19:09:10.493Z,3.8882,3.8974,100,100,23.6
2026-03-12 19:09:11.220Z,3.8865,3.8985,100,100,30.8
2026-03-12 19:09:12.039Z,3.8866,3.8986,100,100,30.8
2026-03-12 19:09:13.537Z,3.8867,3.8979,100,100,28.8
2026-03-12 19:09:14.163Z,3.8884,3.8968,100,100,21.6
2026-03-12 19:09:15.624Z,3.8880,3.8968,100,100,22.6
2026-03-12 19:09:16.892Z,3.8872,3.8962,100,100,23.1
2026-03-12 19:09:17.461Z,3.8870,3.8960,100,100,23.1
2026-03-12 19:09:18.746Z,3.8864,3.8974,100,100,28.3
2026-03-12 19:09:19.008Z,3.8858,3.8948,100,100,23.1
2026-03-12 19:09:20.535Z,3.8860,3.8966,100,100,27.2
2026-03-12 19:09:21.449Z,3.8839,3.8953,100,100,29.3
2026-03-12 19:09:22.074Z,3.8851,3.8967,100,100,29.8
2026-03-12 19:09:23.765Z,3.8861,3.8959,100,100,25.2
2026-03-12 19:09:24.353Z,3.8855,3.8945,100,100,23.1
2026-03-12 19:08:25.194Z,3.8857,3.8943,100,100,22.1
2026-03-12 19:08:26.648Z,3.8850,3.8966,100,100,29.8
2026-03-12 19:08:27.257Z,3.8854,3.8962,100,100,27.8
2026-03-12 19:08:28.634Z,3.8859,3.8945,100,100,22.1
2026-03-12 19:08:29.500Z,3.8848,3.8948,100,100,25.7
2026-03-12 19:08:30.484Z,3.8849,3.8961,100,100,28.8
2026-03-12 19:08:31.586Z,3.8845,3.8945,100,100,25.7
2026-03-12 19:08:32.303Z,3.8854,3.8938,100,100,21.6
2026-03-12 19:08:33.243Z,3.8857,3.8943,100,100,22.1
2026-03-12 19:08:34.036Z,3.8854,3.8948,100,100,24.2
2026-03-12 19:08:35.869Z,3.8849,3.8949,100,100,25.7
2026-03-12 19:08:36.689Z,3.8851,3.8967,100,100,29.8
2026-03-12 19:08:37.012Z,3.8851,3.8967,100,100,29.8
2026-03-12 19:08:38.821Z,3.8849,3.8967,100,100,30.3
2026-03-12 19:08:39.570Z,3.8844,3.8964,100,100,30.8
2026-03-12 19:08:40.403Z,3.8849,3.8969,100,100,30.8
2026-03-12 19:08:41.184Z,3.8843,3.8955,100,100,28.8
2026-03-12 19:08:42.173Z,3.8860,3.8944,100,100,21.6
2026-03-12 19:08:43.497Z,3.8846,3.8938,100,100,23.7
2026-03-12 19:08:44.315Z,3.8855,3.8939,100,100,21.6
2026-03-12 19:08:45.112Z,3.8862,3.8956,100,100,24.2
2026-03-12 19:08:46.018Z,3.8830,3.8956,100,100,32.4
2026-03-12 19:08:47.772Z,3.8852,3.8944,100,100,23.7
2026-03-12 19:08:48.291Z,3.8848,3.8954,100,100,27.2
2026-03-12 19:08:49.758Z,3.8849,3.8939,100,100,23.1
2026-03-12 19:08:50.399Z,3.8853,3.8963,100,100,28.3
2026-03-12 19:08:51.367Z,3.8828,3.8956,100,100,32.9
2026-03-12 19:08:52.876Z,3.8840,3.8950,100,100,28.3
2026-03-12 19:08:53.260Z,3.8844,3.8954,100,100,28.3
2026-03-12 19:08:54.276Z,3.8850,3.8934,100,100,21.6
2026-03-12 19:08:55.674Z,3.8836,3.8954,100,100,30.3
2026-03-12 19:08:56.833Z,3.8841,3.8955,100,100,29.3
2026-03-12 19:08:57.416Z,3.8855,3.8943,100,100,22.6
2026-03-12 19:08:58.815Z,3.8857,3.8941,100,100,21.6
2026-03-12 19:08:59.559Z,3.8857,3.8961,100,100,26.7
2026-03-12 19:09:00.128Z,3.8844,3.8958,100,100,29.3
2026-03-12 19:09:01.360Z,3.8860,3.8950,100,100,23.1
2026-03-12 19:09:02.461Z,3.8855,3.8947,100,100,23.6
2026-03-12 19:09:03.146Z,3.8846,3.8960,100,100,29.3
2026-03-12 19:09:04.075Z,3.8848,3.8970,100,100,31.4
2026-03-12 19:09:05.202Z,3.8829,3.8955,100,100,32.4
2026-03-12 19:09:06.265Z,3.8851,3.8959,100,100,27.8
2026-03-12 19:09:07.181Z,3.8853,3.8943,100,100,23.1
2026-03-12 19:09:08.209Z,3.8836,3.8956,100,100,30.9
2026-03-12 19:09:09.567Z,3.8866,3.8952,100,100,22.1
2026-03-12 19:09:10.716Z,3.8856,3.8962,100,100,27.2
2026-03-12 19:09:11.159Z,3.8867,3.8947,100,100,20.6
2026-03-12 19:09:12.446Z,3.8850,3.8950,100,100,25.7
2026-03-12 19:09:13.875Z,3.8851,3.8957,100,100,27.2
2026-03-12 19:09:14.899Z,3.8852,3.8936,100,100,21.6
2026-03-12 19:09:15.087Z,3.8847,3.8971,100,100,31.9
2026-03-12 19:09:16.175Z,3.8847,3.8965,100,100,30.3
2026-03-12 19:09:17.571Z,3.8854,3.8948,100,100,24.2
2026-03-12 19:09:18.179Z,3.8835,3.8951,100,100,29.8
2026-03-12 19:09:19.735Z,3.8836,3.8950,100,100,29.3
2026-03-12 19:09:20.032Z,3.8856,3.8944,100,100,22.6
2026-03-12 19:09:21.711Z,3.8847,3.8955,100,100,27.8
2026-03-12 19:09:22.258Z,3.8850,3.8944,100,100,24.2
2026-03-12 19:09:23.545Z,3.8849,3.8949,100,100,25.7
2026-03-12 19:09:24.623Z,3.8858,3.8942,100,100,21.6
2026-03-12 19:08:25.214Z,3.8859,3.8941,100,100,21.1
2026-03-12 19:08:26.679Z,3.8846,3.8934,100,100,22.6
2026-03-12 19:08:27.260Z,3.8860,3.8950,100,100,23.1
2026-03-12 19:08:28.094Z,3.8841,3.8949,100,100,27.8
2026-03-12 19:08:29.740Z,3.8844,3.8942,100,100,25.2
2026-03-12 19:08:30.580Z,3.8849,3.8937,100,100,22.6
2026-03-12 19:08:31.339Z,3.8843,3.8949,100,100,27.3
2026-03-12 19:08:32.102Z,3.8859,3.8941,100,100,21.1
2026-03-12 19:08:33.198Z,3.8843,3.8941,100,100,25.2
2026-03-12 19:08:34.344Z,3.8854,3.8936,100,100,21.1
2026-03-12 19:08:35.885Z,3.8848,3.8950,100,100,26.2
2026-03-12 19:08:36.732Z,3.8859,3.8945,100,100,22.1
2026-03-12 19:08:37.519Z,3.8861,3.8949,100,100,22.6
2026-03-12 19:08:38.607Z,3.8864,3.8952,100,100,22.6
2026-03-12 19:08:39.074Z,3.8855,3.8957,100,100,26.2
2026-03-12 19:08:40.403Z,3.8848,3.8968,100,100,30.8
2026-03-12 19:08:41.562Z,3.8849,3.8949,100,100,25.7
2026-03-12 19:08:42.772Z,3.8843,3.8949,100,100,27.3
2026-03-12 19:08:43.878Z,3.8858,3.8958,100,100,25.7
2026-03-12 19:08:44.027Z,3.8857,3.8951,100,100,24.2
2026-03-12 19:08:45.196Z,3.8845,3.8957,100,100,28.8
2026-03-12 19:08:46.407Z,3.8853,3.8945,100,100,23.7
2026-03-12 19:08:47.763Z,3.8836,3.8952,100,100,29.8
2026-03-12 19:08:48.157Z,3.8846,3.8948,100,100,26.2
2026-03-12 19:08:49.047Z,3.8844,3.8958,100,100,29.3
2026-03-12 19:08:50.633Z,3.8832,3.8950,100,100,30.3
2026-03-12 19:08:51.142Z,3.8853,3.8957,100,100,26.7
2026-03-12 19:08:52.787Z,3.8847,3.8947,100,100,25.7
2026-03-12 19:08:53.533Z,3.8865,3.8953,100,100,22.6
2026-03-12 19:08:54.119Z,3.8849,3.8949,100,100,25.7
2026-03-12 19:08:55.449Z,3.8860,3.8952,100,100,23.6
2026-03-12 19:08:56.398Z,3.8836,3.8954,100,100,30.3
2026-03-12 19:08:57.577Z,3.8838,3.8944,100,100,27.3
2026-03-12 19:08:58.385Z,3.8850,3.8958,100,100,27.8
2026-03-12 19:08:59.691Z,3.8843,3.8949,100,100,27.3
2026-03-12 19:09:00.865Z,3.8853,3.8945,100,100,23.7
2026-03-12 19:09:01.287Z,3.8846,3.8966,100,100,30.8
2026-03-12 19:09:02.859Z,3.8847,3.8955,100,100,27.8
2026-03-12 19:09:03.074Z,3.8843,3.8943,100,100,25.7
2026-03-12 19:09:04.879Z,3.8847,3.8939,100,100,23.7
2026-03-12 19:09:05.555Z,3.8861,3.8951,100,100,23.1
2026-03-12 19:09:06.837Z,3.8863,3.8953,100,100,23.1
2026-03-12 19:09:07.171Z,3.8842,3.8938,100,100,24.7
2026-03-12 19:09:08.673Z,3.8854,3.8940,100,100,22.1
2026-03-12 19:09:09.728Z,3.8842,3.8940,100,100,25.2
2026-03-12 19:09:10.349Z,3.8846,3.8962,100,100,29.8
2026-03-12 19:09:11.584Z,3.8849,3.8969,100,100,30.8
2026-03-12 19:09:12.194Z,3.8858,3.8958,100,100,25.7
2026-03-12 19:09:13.656Z,3.8850,3.8964,100,100,29.3
2026-03-12 19:09:14.776Z,3.8842,3.8944,100,100,26.2
2026-03-12 19:09:15.810Z,3.8839,3.8951,100,100,28.8
2026-03-12 19:09:16.218Z,3.8846,3.8956,100,100,28.3
2026-03-12 19:09:17.180Z,3.8852,3.8940,100,100,22.6
2026-03-12 19:09:18.217Z,3.8854,3.8946,100,100,23.7
2026-03-12 19:09:19.245Z,3.8860,3.8942,100,100,21.1
2026-03-12 19:09:20.870Z,3.8862,3.8954,100,100,23.6
2026-03-12 19:09:21.024Z,3.8854,3.8958,100,100,26.7
2026-03-12 19:09:22.810Z,3.8843,3.8955,100,100,28.8
2026-03-12 19:09:23.505Z,3.8849,3.8959,100,100,28.3
2026-03-12 19:09:24.506Z,3.8859,3.8941,100,100,21.1
2026-03-12 19:08:25.565Z,3.8547,3.8653,100,100,27.5
2026-03-12 19:08:26.490Z,3.8547,3.8649,100,100,26.4
2026-03-12 19:08:27.568Z,3.8544,3.8638,100,100,24.4
2026-03-12 19:08:28.669Z,3.8555,3.8659,100,100,26.9
2026-03-12 19:08:29.427Z,3.8544,3.8662,100,100,30.6
2026-03-12 19:08:30.562Z,3.8550,3.8644,100,100,24.4
2026-03-12 19:08:31.154Z,3.8552,3.8656,100,100,26.9
2026-03-12 19:08:32.835Z,3.8552,3.8658,100,100,27.5
2026-03-12 19:08:33.289Z,3.8531,3.8649,100,100,30.6
2026-03-12 19:08:34.039Z,3.8547,3.8639,100,100,23.8
2026-03-12 19:08:35.589Z,3.8546,3.8666,100,100,31.1
2026-03-12 19:08:36.660Z,3.8535,3.8657,100,100,31.6
2026-03-12 19:08:37.225Z,3.8542,3.8652,100,100,28.5
2026-03-12 19:08:38.112Z,3.8542,3.8662,100,100,31.1
2026-03-12 19:08:39.089Z,3.8542,3.8644,100,100,26.4
2026-03-12 19:08:40.674Z,3.8544,3.8644,100,100,25.9
2026-03-12 19:08:41.329Z,3.8547,3.8653,100,100,27.5
2026-03-12 19:08:42.334Z,3.8542,3.8654,100,100,29.0
2026-03-12 19:08:43.019Z,3.8546,3.8656,100,100,28.5
2026-03-12 19:08:44.515Z,3.8541,3.8651,100,100,28.5
2026-03-12 19:08:45.093Z,3.8561,3.8671,100,100,28.5
2026-03-12 19:08:46.191Z,3.8574,3.8658,100,100,21.8
2026-03-12 19:08:47.223Z,3.8572,3.8680,100,100,28.0
2026-03-12 19:08:48.623Z,3.8602,3.8700,100,100,25.4
2026-03-12 19:08:49.303Z,3.8618,3.8732,100,100,29.5
2026-03-12 19:08:50.354Z,3.8625,3.8729,100,100,26.9
2026-03-12 19:08:51.049Z,3.8651,3.8775,100,100,32.0
2026-03-12 19:08:52.774Z,3.8666,3.8790,100,100,32.0
2026-03-12 19:08:53.238Z,3.8703,3.8813,100,100,28.4
2026-03-12 19:08:54.392Z,3.8730,3.8828,100,100,25.3
2026-03-12 19:08:55.367Z,3.8744,3.8856,100,100,28.9
2026-03-12 19:08:56.486Z,3.8765,3.8863,100,100,25.2
2026-03-12 19:08:57.554Z,3.8775,3.8873,100,100,25.2
2026-03-12 19:08:58.549Z,3.8790,3.8898,100,100,27.8
2026-03-12 19:08:59.729Z,3.8815,3.8907,100,100,23.7
2026-03-12 19:09:00.852Z,3.8831,3.8931,100,100,25.7
2026-03-12 19:09:01.174Z,3.8829,3.8953,100,100,31.9
2026-03-12 19:09:02.463Z,3.8849,3.8941,100,100,23.7
2026-03-12 19:09:03.497Z,3.8855,3.8935,100,100,20.6
2026-03-12 19:09:04.821Z,3.8837,3.8955,100,100,30.3
2026-03-12 19:09:05.897Z,3.8840,3.8948,100,100,27.8
2026-03-12 19:09:06.273Z,3.8840,3.8956,100,100,29.8
2026-03-12 19:09:07.233Z,3.8832,3.8932,100,100,25.7
2026-03-12 19:09:08.593Z,3.8824,3.8920,100,100,24.7
2026-03-12 19:09:09.336Z,3.8822,3.8926,100,100,26.8
2026-03-12 19:09:10.723Z,3.8806,3.8928,100,100,31.4
2026-03-12 19:09:11.022Z,3.8806,3.8920,100,100,29.3
2026-03-12 19:09:12.462Z,3.8802,3.8914,100,100,28.8
2026-03-12 19:09:13.608Z,3.8812,3.8908,100,100,24.7
2026-03-12 19:09:14.221Z,3.8810,3.8932,100,100,31.4
2026-03-12 19:09:15.579Z,3.8821,3.8931,100,100,28.3
2026-03-12 19:09:16.360Z,3.8826,3.8910,100,100,21.6
2026-03-12 19:09:17.331Z,3.8829,3.8941,100,100,28.8
2026-03-12 19:09:18.398Z,3.8837,3.8927,100,100,23.1
2026-03-12 19:09:19.847Z,3.8827,3.8927,100,100,25.7
2026-03-12 19:09:20.892Z,3.8831,3.8931,100,100,25.7
2026-03-12 19:09:21.802Z,3.8839,3.8943,100,100,26.7
2026-03-12 19:09:22.294Z,3.8850,3.8944,100,100,24.2
2026-03-12 19:09:23.424Z,3.8852,3.8962,100,100,28.3
2026-03-12 19:09:24.104Z,3.8842,3.8958,100,100,29.8
2026-03-12 19:08:25.271Z,3.8351,3.8449,100,100,25.5
2026-03-12 19:08:26.384Z,3.8345,3.8445,100,100,26.0
2026-03-12 19:08:27.528Z,3.8349,3.8459,100,100,28.6
2026-03-12 19:08:28.802Z,3.8352,3.8436,100,100,21.9
2026-03-12 19:08:29.068Z,3.8349,3.8463,100,100,29.7
2026-03-12 19:08:30.109Z,3.8330,3.8456,100,100,32.8
2026-03-12 19:08:31.604Z,3.8350,3.8432,100,100,21.4
2026-03-12 19:08:32.885Z,3.8331,3.8451,100,100,31.3
2026-03-12 19:08:33.576Z,3.8356,3.8462,100,100,27.6
2026-03-12 19:08:34.702Z,3.8330,3.8456,100,100,32.8
2026-03-12 19:08:35.047Z,3.8358,3.8460,100,100,26.6
2026-03-12 19:08:36.547Z,3.8359,3.8451,100,100,24.0
2026-03-12 19:08:37.426Z,3.8338,3.8450,100,100,29.2
2026-03-12 19:08:38.500Z,3.8365,3.8451,100,100,22.4
2026-03-12 19:08:39.822Z,3.8359,3.8455,100,100,25.0
2026-03-12 19:08:40.595Z,3.8368,3.8450,100,100,21.3
2026-03-12 19:08:41.165Z,3.8352,3.8466,100,100,29.7
2026-03-12 19:08:42.279Z,3.8362,3.8450,100,100,22.9
2026-03-12 19:08:43.652Z,3.8341,3.8445,100,100,27.1
2026-03-12 19:08:44.004Z,3.8337,3.8453,100,100,30.2
2026-03-12 19:08:45.694Z,3.8351,3.8443,100,100,24.0
2026-03-12 19:08:46.609Z,3.8345,3.8463,100,100,30.7
2026-03-12 19:08:47.510Z,3.8360,3.8454,100,100,24.5
2026-03-12 19:08:48.570Z,3.8340,3.8454,100,100,29.7
2026-03-12 19:08:49.341Z,3.8331,3.8451,100,100,31.3
2026-03-12 19:08:50.408Z,3.8356,3.8448,100,100,24.0
2026-03-12 19:08:51.719Z,3.8352,3.8436,100,100,21.9
2026-03-12 19:08:52.825Z,3.8358,3.8460,100,100,26.6
2026-03-12 19:08:53.412Z,3.8339,3.8449,100,100,28.7
2026-03-12 19:08:54.355Z,3.8338,3.8454,100,100,30.2
2026-03-12 19:08:55.249Z,3.8338,3.8456,100,100,30.7
2026-03-12 19:08:56.787Z,3.8346,3.8456,100,100,28.6
2026-03-12 19:08:57.431Z,3.8352,3.8450,100,100,25.5
2026-03-12 19:08:58.473Z,3.8363,3.8445,100,100,21.4
2026-03-12 19:08:59.238Z,3.8343,3.8457,100,100,29.7
2026-03-12 19:09:00.754Z,3.8340,3.8458,100,100,30.7
2026-03-12 19:09:01.529Z,3.8356,3.8462,100,100,27.6
2026-03-12 19:09:02.756Z,3.8354,3.8460,100,100,27.6
2026-03-12 19:09:03.187Z,3.8353,3.8447,100,100,24.5
2026-03-12 19:09:04.889Z,3.8347,3.8439,100,100,24.0
2026-03-12 19:09:05.321Z,3.8353,3.8465,100,100,29.2
2026-03-12 19:09:06.437Z,3.8337,3.8455,100,100,30.7
2026-03-12 19:09:07.835Z,3.8349,3.8465,100,100,30.2
2026-03-12 19:09:08.878Z,3.8353,3.8441,100,100,22.9
2026-03-12 19:09:09.815Z,3.8360,3.8444,100,100,21.9
2026-03-12 19:09:10.001Z,3.8350,3.8456,100,100,27.6
2026-03-12 19:09:11.552Z,3.8333,3.8451,100,100,30.7
2026-03-12 19:09:12.009Z,3.8354,3.8438,100,100,21.9
2026-03-12 19:09:13.071Z,3.8347,3.8443,100,100,25.0
2026-03-12 19:09:14.413Z,3.8347,3.8465,100,100,30.7
2026-03-12 19:09:15.791Z,3.8331,3.8457,100,100,32.8
2026-03-12 19:09:16.262Z,3.8355,3.8455,100,100,26.0
2026-03-12 19:09:17.786Z,3.8342,3.8456,100,100,29.7
2026-03-12 19:09:18.121Z,3.8351,3.8461,100,100,28.6
2026-03-12 19:09:19.805Z,3.8354,3.8458,100,100,27.1
2026-03-12 19:09:20.477Z,3.8342,3.8450,100,100,28.1
2026-03-12 19:09:21.168Z,3.8350,3.8446,100,100,25.0
2026-03-12 19:09:22.586Z,3.8350,3.8444,100,100,24.5
2026-03-12 19:09:23.591Z,3.8341,3.8447,100,100,27.6
2026-03-12 19:09:24.270Z,3.8351,3.8449,100,100,25.5
2026-03-12 19:08:25.812Z,3.8859,3.8941,100,100,21.1
2026-03-12 19:08:26.816Z,3.8845,3.8949,100,100,26.7
2026-03-12 19:08:27.432Z,3.8830,3.8938,100,100,27.8
2026-03-12 19:08:28.110Z,3.8823,3.8937,100,100,29.3
2026-03-12 19:08:29.422Z,3.8836,3.8920,100,100,21.6
2026-03-12 19:08:30.200Z,3.8805,3.8911,100,100,27.3
2026-03-12 19:08:31.645Z,3.8786,3.8900,100,100,29.3
2026-03-12 19:08:32.575Z,3.8788,3.8894,100,100,27.3
2026-03-12 19:08:33.769Z,3.8775,3.8883,100,100,27.8
2026-03-12 19:08:34.045Z,3.8773,3.8867,100,100,24.2
2026-03-12 19:08:35.022Z,3.8765,3.8865,100,100,25.8
2026-03-12 19:08:36.718Z,3.8734,3.8862,100,100,33.0
2026-03-12 19:08:37.455Z,3.8744,3.8868,100,100,32.0
2026-03-12 19:08:38.729Z,3.8744,3.8864,100,100,30.9
2026-03-12 19:08:39.459Z,3.8759,3.8849,100,100,23.2
2026-03-12 19:08:40.829Z,3.8775,3.8873,100,100,25.2
2026-03-12 19:08:41.883Z,3.8769,3.8891,100,100,31.4
2026-03-12 19:08:42.261Z,3.8774,3.8880,100,100,27.3
2026-03-12 19:08:43.636Z,3.8777,3.8905,100,100,33.0
2026-03-12 19:08:44.784Z,3.8795,3.8883,100,100,22.7
2026-03-12 19:08:45.067Z,3.8796,3.8890,100,100,24.2
2026-03-12 19:08:46.718Z,3.8775,3.8897,100,100,31.4
2026-03-12 19:08:47.533Z,3.8785,3.8891,100,100,27.3
2026-03-12 19:08:48.476Z,3.8796,3.8888,100,100,23.7
2026-03-12 19:08:49.164Z,3.8808,3.8908,100,100,25.7
2026-03-12 19:08:50.462Z,3.8787,3.8907,100,100,30.9
2026-03-12 19:08:51.648Z,3.8795,3.8917,100,100,31.4
2026-03-12 19:08:52.613Z,3.8818,3.8908,100,100,23.2
2026-03-12 19:08:53.317Z,3.8814,3.8908,100,100,24.2
2026-03-12 19:08:54.094Z,3.8817,3.8933,100,100,29.8
2026-03-12 19:08:55.565Z,3.8822,3.8940,100,100,30.3
2026-03-12 19:08:56.700Z,3.8829,3.8925,100,100,24.7
2026-03-12 19:08:57.877Z,3.8840,3.8940,100,100,25.7
2026-03-12 19:08:58.617Z,3.8842,3.8930,100,100,22.6
2026-03-12 19:08:59.320Z,3.8852,3.8938,100,100,22.1
2026-03-12 19:09:00.769Z,3.8840,3.8940,100,100,25.7
2026-03-12 19:09:01.744Z,3.8851,3.8935,100,100,21.6
2026-03-12 19:09:02.757Z,3.8860,3.8946,100,100,22.1
2026-03-12 19:09:03.302Z,3.8852,3.8964,100,100,28.8
2026-03-12 19:09:04.001Z,3.8852,3.8968,100,100,29.8
2026-03-12 19:09:05.846Z,3.8862,3.8952,100,100,23.1
2026-03-12 19:09:06.495Z,3.8847,3.8951,100,100,26.7
2026-03-12 19:09:07.291Z,3.8846,3.8952,100,100,27.3
2026-03-12 19:09:08.798Z,3.8864,3.8950,100,100,22.1
2026-03-12 19:09:09.569Z,3.8862,3.8944,100,100,21.1
2026-03-12 19:09:10.563Z,3.8836,3.8956,100,100,30.9
2026-03-12 19:09:11.870Z,3.8849,3.8941,100,100,23.7
2026-03-12 19:09:12.527Z,3.8843,3.8947,100,100,26.7
2026-03-12 19:09:13.292Z,3.8848,3.8940,100,100,23.7
2026-03-12 19:09:14.629Z,3.8842,3.8966,100,100,31.9
2026-03-12 19:09:15.856Z,3.8835,3.8957,100,100,31.4
2026-03-12 19:09:16.842Z,3.8855,3.8955,100,100,25.7
2026-03-12 19:09:17.569Z,3.8847,3.8953,100,100,27.2
2026-03-12 19:09:18.041Z,3.8850,3.8938,100,100,22.6
2026-03-12 19:09:19.272Z,3.8848,3.8934,100,100,22.1
2026-03-12 19:09:20.312Z,3.8840,3.8958,100,100,30.3
2026-03-12 19:09:21.585Z,3.8847,3.8941,100,100,24.2
2026-03-12 19:09:22.013Z,3.8858,3.8952,100,100,24.2
2026-03-12 19:09:23.167Z,3.8842,3.8952,100,100,28.3
2026-03-12 19:09:24.683Z,3.8855,3.8945,100,100,23.1
2026-03-12 19:08:25.262Z,3.8841,3.8959,100,100,30.3
2026-03-12 19:08:26.321Z,3.8852,3.8950,100,100,25.2
2026-03-12 19:08:27.779Z,3.8852,3.8936,100,100,21.6
2026-03-12 19:08:28.410Z,3.8858,3.8956,100,100,25.2
2026-03-12 19:08:29.111Z,3.8849,3.8953,100,100,26.7
2026-03-12 19:08:30.026Z,3.8853,3.8963,100,100,28.3
2026-03-12 19:08:31.583Z,3.8844,3.8944,100,100,25.7
2026-03-12 19:08:32.794Z,3.8831,3.8949,100,100,30.3
2026-03-12 19:08:33.461Z,3.8837,3.8947,100,100,28.3
2026-03-12 19:08:34.141Z,3.8860,3.8950,100,100,23.1
2026-03-12 19:08:35.101Z,3.8850,3.8958,100,100,27.8
2026-03-12 19:08:36.681Z,3.8852,3.8962,100,100,28.3
2026-03-12 19:08:37.631Z,3.8857,3.8951,100,100,24.2
2026-03-12 19:08:38.462Z,3.8851,3.8943,100,100,23.7
2026-03-12 19:08:39.487Z,3.8838,3.8954,100,100,29.8
2026-03-12 19:08:40.360Z,3.8844,3.8970,100,100,32.4
2026-03-12 19:08:41.843Z,3.8850,3.8948,100,100,25.2
2026-03-12 19:08:42.864Z,3.8849,3.8947,100,100,25.2
2026-03-12 19:08:43.162Z,3.8864,3.8948,100,100,21.6
2026-03-12 19:08:44.196Z,3.8840,3.8960,100,100,30.8
2026-03-12 19:08:45.831Z,3.8842,3.8938,100,100,24.7
2026-03-12 19:08:46.203Z,3.8822,3.8922,100,100,25.7
2026-03-12 19:08:47.695Z,3.8815,3.8913,100,100,25.2
2026-03-12 19:08:48.301Z,3.8776,3.8900,100,100,31.9
2026-03-12 19:08:49.055Z,3.8754,3.8884,100,100,33.5
2026-03-12 19:08:50.476Z,3.8731,3.8831,100,100,25.8
2026-03-12 19:08:51.425Z,3.8717,3.8809,100,100,23.7
2026-03-12 19:08:52.575Z,3.8656,3.8788,100,100,34.1
2026-03-12 19:08:53.618Z,3.8633,3.8753,100,100,31.0
2026-03-12 19:08:54.732Z,3.8611,3.8731,100,100,31.0
2026-03-12 19:08:55.424Z,3.8605,3.8697,100,100,23.8
2026-03-12 19:08:56.859Z,3.8568,3.8680,100,100,29.0
2026-03-12 19:08:57.125Z,3.8522,3.8652,100,100,33.7
2026-03-12 19:08:58.603Z,3.8523,3.8619,100,100,24.9
2026-03-12 19:08:59.548Z,3.8485,3.8615,100,100,33.7
2026-03-12 19:09:00.412Z,3.8484,3.8580,100,100,24.9
2026-03-12 19:09:01.757Z,3.8444,3.8566,100,100,31.7
2026-03-12 19:09:02.326Z,3.8458,3.8550,100,100,23.9
2026-03-12 19:09:03.159Z,3.8447,3.8553,100,100,27.5
2026-03-12 19:09:04.830Z,3.8450,3.8544,100,100,24.4
2026-03-12 19:09:05.548Z,3.8452,3.8552,100,100,26.0
2026-03-12 19:09:06.465Z,3.8452,3.8574,100,100,31.7
2026-03-12 19:09:07.669Z,3.8468,3.8586,100,100,30.6
2026-03-12 19:09:08.421Z,3.8482,3.8592,100,100,28.5
2026-03-12 19:09:09.349Z,3.8503,3.8609,100,100,27.5
2026-03-12 19:09:10.003Z,3.8506,3.8598,100,100,23.9
2026-03-12 19:09:11.116Z,3.8512,3.8600,100,100,22.8
2026-03-12 19:09:12.371Z,3.8500,3.8596,100,100,24.9
2026-03-12 19:09:13.409Z,3.8509,3.8597,100,100,22.8
2026-03-12 19:09:14.372Z,3.8494,3.8602,100,100,28.0
2026-03-12 19:09:15.258Z,3.8503,3.8605,100,100,26.5
2026-03-12 19:09:16.158Z,3.8475,3.8597,100,100,31.7
2026-03-12 19:09:17.254Z,3.8481,3.8583,100,100,26.5
2026-03-12 19:09:18.539Z,3.8475,3.8589,100,100,29.6
2026-03-12 19:09:19.128Z,3.8470,3.8558,100,100,22.8
2026-03-12 19:09:20.225Z,3.8444,3.8568,100,100,32.2
2026-03-12 19:09:21.321Z,3.8455,3.8565,100,100,28.6
2026-03-12 19:09:22.575Z,3.8454,3.8554,100,100,26.0
2026-03-12 19:09:23.561Z,3.8454,3.8564,100,100,28.6
2026-03-12 19:09:24.873Z,3.8449,3.8551,100,100,26.5
2026-03-12 19:08:25.170Z,3.8542,3.8658,100,100,30.1
2026-03-12 19:08:26.165Z,3.8549,3.8639,100,100,23.3
2026-03-12 19:08:27.228Z,3.8546,3.8660,100,100,29.5
2026-03-12 19:08:28.093Z,3.8546,3.8646,100,100,25.9
2026-03-12 19:08:29.271Z,3.8552,3.8650,100,100,25.4
2026-03-12 19:08:30.049Z,3.8533,3.8655,100,100,31.6
2026-03-12 19:08:31.868Z,3.8552,3.8638,100,100,22.3
2026-03-12 19:08:32.578Z,3.8539,3.8643,100,100,26.9
2026-03-12 19:08:33.258Z,3.8547,3.8641,100,100,24.4
2026-03-12 19:08:34.888Z,3.8556,3.8654,100,100,25.4
2026-03-12 19:08:35.751Z,3.8550,3.8652,100,100,26.4
2026-03-12 19:08:36.725Z,3.8557,3.8643,100,100,22.3
2026-03-12 19:08:37.227Z,3.8533,3.8655,100,100,31.6
2026-03-12 19:08:38.114Z,3.8549,3.8653,100,100,26.9
2026-03-12 19:08:39.483Z,3.8549,3.8665,100,100,30.0
2026-03-12 19:08:40.878Z,3.8537,3.8645,100,100,28.0
2026-03-12 19:08:41.639Z,3.8543,3.8647,100,100,26.9
2026-03-12 19:08:42.410Z,3.8546,3.8644,100,100,25.4
2026-03-12 19:08:43.470Z,3.8544,3.8644,100,100,25.9
2026-03-12 19:08:44.274Z,3.8549,3.8659,100,100,28.5
2026-03-12 19:08:45.423Z,3.8553,3.8639,100,100,22.3
2026-03-12 19:08:46.003Z,3.8559,3.8655,100,100,24.9
2026-03-12 19:08:47.261Z,3.8554,3.8664,100,100,28.5
2026-03-12 19:08:48.611Z,3.8539,3.8659,100,100,31.1
2026-03-12 19:08:49.625Z,3.8547,3.8641,100,100,24.4
2026-03-12 19:08:50.027Z,3.8550,3.8652,100,100,26.4
2026-03-12 19:08:51.300Z,3.8548,3.8670,100,100,31.6
2026-03-12 19:08:52.595Z,3.8555,3.8647,100,100,23.8
2026-03-12 19:08:53.167Z,3.8552,3.8660,100,100,28.0
2026-03-12 19:08:54.699Z,3.8549,3.8655,100,100,27.5
2026-03-12 19:08:55.412Z,3.8537,3.8653,100,100,30.1
2026-03-12 19:08:56.147Z,3.8537,3.8647,100,100,28.5
2026-03-12 19:08:57.472Z,3.8554,3.8654,100,100,25.9
2026-03-12 19:08:58.321Z,3.8549,3.8639,100,100,23.3
2026-03-12 19:08:59.405Z,3.8550,3.8636,100,100,22.3
2026-03-12 19:09:00.034Z,3.8551,3.8647,100,100,24.9
2026-03-12 19:09:01.391Z,3.8536,3.8646,100,100,28.5
2026-03-12 19:09:02.500Z,3.8544,3.8660,100,100,30.1
2026-03-12 19:09:03.844Z,3.8547,3.8637,100,100,23.3
2026-03-12 19:09:04.743Z,3.8536,3.8652,100,100,30.1
2026-03-12 19:09:05.566Z,3.8554,3.8660,100,100,27.5
2026-03-12 19:09:06.278Z,3.8535,3.8651,100,100,30.1
2026-03-12 19:09:07.769Z,3.8547,3.8667,100,100,31.1
2026-03-12 19:09:08.812Z,3.8561,3.8653,100,100,23.8
2026-03-12 19:09:09.535Z,3.8549,3.8639,100,100,23.3
2026-03-12 19:09:10.256Z,3.8540,3.8654,100,100,29.5
2026-03-12 19:09:11.142Z,3.8553,3.8635,100,100,21.2
2026-03-12 19:09:12.838Z,3.8545,3.8673,100,100,33.2
2026-03-12 19:09:13.769Z,3.8547,3.8639,100,100,23.8
2026-03-12 19:09:14.106Z,3.8538,3.8658,100,100,31.1
2026-03-12 19:09:15.454Z,3.8533,3.8651,100,100,30.6
2026-03-12 19:09:16.449Z,3.8547,3.8655,100,100,28.0
2026-03-12 19:09:17.454Z,3.8557,3.8655,100,100,25.4
2026-03-12 19:09:18.734Z,3.8564,3.8650,100,100,22.3
2026-03-12 19:09:19.831Z,3.8560,3.8654,100,100,24.3
2026-03-12 19:09:20.418Z,3.8550,3.8658,100,100,28.0
2026-03-12 19:09:21.308Z,3.8543,3.8647,100,100,26.9
2026-03-12 19:09:22.263Z,3.8544,3.8644,100,100,25.9
2026-03-12 19:09:23.301Z,3.8544,3.8642,100,100,25.4
2026-03-12 19:09:24.403Z,3.8544,3.8656,100,100,29.0
2026-03-12 19:08:25.894Z,3.8460,3.8540,100,100,20.8
2026-03-12 19:08:26.261Z,3.8458,3.8546,100,100,22.9
2026-03-12 19:08:27.854Z,3.8446,3.8554,100,100,28.1
2026-03-12 19:08:28.225Z,3.8434,3.8552,100,100,30.7
2026-03-12 19:08:29.743Z,3.8450,3.8562,100,100,29.1
2026-03-12 19:08:30.173Z,3.8442,3.8560,100,100,30.6
2026-03-12 19:08:31.767Z,3.8453,3.8557,100,100,27.0
2026-03-12 19:08:32.437Z,3.8442,3.8540,100,100,25.5
2026-03-12 19:08:33.023Z,3.8444,3.8568,100,100,32.2
2026-03-12 19:08:34.265Z,3.8439,3.8553,100,100,29.6
2026-03-12 19:08:35.325Z,3.8458,3.8550,100,100,23.9
2026-03-12 19:08:36.331Z,3.8444,3.8556,100,100,29.1
2026-03-12 19:08:37.357Z,3.8446,3.8540,100,100,24.4
2026-03-12 19:08:38.355Z,3.8441,3.8539,100,100,25.5
2026-03-12 19:08:39.856Z,3.8440,3.8554,100,100,29.6
2026-03-12 19:08:40.852Z,3.8457,3.8551,100,100,24.4
2026-03-12 19:08:41.414Z,3.8446,3.8562,100,100,30.1
2026-03-12 19:08:42.569Z,3.8442,3.8544,100,100,26.5
2026-03-12 19:08:43.678Z,3.8439,3.8555,100,100,30.1
2026-03-12 19:08:44.661Z,3.8453,3.8567,100,100,29.6
2026-03-12 19:08:45.793Z,3.8447,3.8549,100,100,26.5
2026-03-12 19:08:46.562Z,3.8440,3.8562,100,100,31.7
2026-03-12 19:08:47.102Z,3.8459,3.8555,100,100,24.9
2026-03-12 19:08:48.456Z,3.8460,3.8572,100,100,29.1
2026-03-12 19:08:49.899Z,3.8483,3.8567,100,100,21.8
2026-03-12 19:08:50.105Z,3.8480,3.8580,100,100,26.0
2026-03-12 19:08:51.261Z,3.8494,3.8588,100,100,24.4
2026-03-12 19:08:52.033Z,3.8485,3.8595,100,100,28.5
2026-03-12 19:08:53.584Z,3.8505,3.8605,100,100,25.9
2026-03-12 19:08:54.394Z,3.8513,3.8605,100,100,23.9
2026-03-12 19:08:55.029Z,3.8499,3.8617,100,100,30.6
2026-03-12 19:08:56.770Z,3.8506,3.8632,100,100,32.7
2026-03-12 19:08:57.161Z,3.8539,3.8625,100,100,22.3
2026-03-12 19:08:58.777Z,3.8547,3.8633,100,100,22.3
2026-03-12 19:08:59.706Z,3.8550,3.8630,100,100,20.7
2026-03-12 19:09:00.624Z,3.8544,3.8642,100,100,25.4
2026-03-12 19:09:01.787Z,3.8542,3.8640,100,100,25.4
2026-03-12 19:09:02.325Z,3.8556,3.8642,100,100,22.3
2026-03-12 19:09:03.051Z,3.8553,3.8645,100,100,23.8
2026-03-12 19:09:04.546Z,3.8556,3.8660,100,100,26.9
2026-03-12 19:09:05.349Z,3.8544,3.8650,100,100,27.5
2026-03-12 19:09:06.018Z,3.8532,3.8652,100,100,31.1
2026-03-12 19:09:07.382Z,3.8548,3.8636,100,100,22.8
2026-03-12 19:09:08.695Z,3.8533,3.8635,100,100,26.4
2026-03-12 19:09:09.736Z,3.8535,3.8657,100,100,31.6
2026-03-12 19:09:10.436Z,3.8530,3.8640,100,100,28.5
2026-03-12 19:09:11.205Z,3.8539,3.8631,100,100,23.8
2026-03-12 19:09:12.310Z,3.8523,3.8643,100,100,31.1
2026-03-12 19:09:13.405Z,3.8528,3.8636,100,100,28.0
2026-03-12 19:09:14.749Z,3.8542,3.8658,100,100,30.1
2026-03-12 19:09:15.144Z,3.8535,3.8643,100,100,28.0
2026-03-12 19:09:16.479Z,3.8527,3.8639,100,100,29.0
2026-03-12 19:09:17.385Z,3.8526,3.8646,100,100,31.1
2026-03-12 19:09:18.104Z,3.8541,3.8631,100,100,23.3
2026-03-12 19:09:19.741Z,3.8545,3.8639,100,100,24.4
2026-03-12 19:09:20.113Z,3.8555,3.8651,100,100,24.9
2026-03-12 19:09:21.749Z,3.8547,3.8641,100,100,24.4
2026-03-12 19:09:22.598Z,3.8542,3.8638,100,100,24.9
2026-03-12 19:09:23.568Z,3.8553,3.8647,100,100,24.4
2026-03-12 19:09:24.462Z,3.8552,3.8648,100,100,24.9
2026-03-12 19:08:25.591Z,3.8447,3.8553,100,100,27.5
2026-03-12 19:08:26.838Z,3.8451,3.8561,100,100,28.6
2026-03-12 19:08:27.600Z,3.8438,3.8550,100,100,29.1
2026-03-12 19:08:28.771Z,3.8449,3.8565,100,100,30.1
2026-03-12 19:08:29.185Z,3.8440,3.8544,100,100,27.0
2026-03-12 19:08:30.569Z,3.8444,3.8538,100,100,24.4
2026-03-12 19:08:31.430Z,3.8438,3.8550,100,100,29.1
2026-03-12 19:08:32.197Z,3.8450,3.8538,100,100,22.9
2026-03-12 19:08:33.523Z,3.8451,3.8539,100,100,22.9
2026-03-12 19:08:34.404Z,3.8440,3.8560,100,100,31.2
2026-03-12 19:08:35.715Z,3.8454,3.8540,100,100,22.3
2026-03-12 19:08:36.205Z,3.8459,3.8543,100,100,21.8
2026-03-12 19:08:37.515Z,3.8444,3.8544,100,100,26.0
2026-03-12 19:08:38.837Z,3.8454,3.8534,100,100,20.8
2026-03-12 19:08:39.606Z,3.8436,3.8552,100,100,30.1
2026-03-12 19:08:40.023Z,3.8448,3.8540,100,100,23.9
2026-03-12 19:08:41.631Z,3.8446,3.8540,100,100,24.4
2026-03-12 19:08:42.308Z,3.8453,3.8543,100,100,23.4
2026-03-12 19:08:43.134Z,3.8449,3.8561,100,100,29.1
2026-03-12 19:08:44.161Z,3.8447,3.8557,100,100,28.6
2026-03-12 19:08:45.390Z,3.8450,3.8554,100,100,27.0
2026-03-12 19:08:46.800Z,3.8437,3.8545,100,100,28.1
2026-03-12 19:08:47.854Z,3.8460,3.8552,100,100,23.9
2026-03-12 19:08:48.224Z,3.8447,3.8555,100,100,28.1
2026-03-12 19:08:49.663Z,3.8454,3.8554,100,100,26.0
2026-03-12 19:08:50.857Z,3.8433,3.8553,100,100,31.2
2026-03-12 19:08:51.285Z,3.8447,3.8537,100,100,23.4
2026-03-12 19:08:52.107Z,3.8456,3.8546,100,100,23.4
2026-03-12 19:08:53.702Z,3.8462,3.8546,100,100,21.8
2026-03-12 19:08:54.007Z,3.8445,3.8557,100,100,29.1
2026-03-12 19:08:55.482Z,3.8446,3.8560,100,100,29.6
2026-03-12 19:08:56.881Z,3.8446,3.8538,100,100,23.9
2026-03-12 19:08:57.029Z,3.8438,3.8560,100,100,31.7
2026-03-12 19:08:58.636Z,3.8451,3.8537,100,100,22.3
2026-03-12 19:08:59.076Z,3.8439,3.8549,100,100,28.6
2026-03-12 19:09:00.614Z,3.8447,3.8569,100,100,31.7
2026-03-12 19:09:01.179Z,3.8448,3.8568,100,100,31.2
2026-03-12 19:09:02.460Z,3.8461,3.8551,100,100,23.4
2026-03-12 19:09:03.847Z,3.8460,3.8544,100,100,21.8
2026-03-12 19:09:04.754Z,3.8439,3.8555,100,100,30.1
2026-03-12 19:09:05.817Z,3.8455,3.8545,100,100,23.4
2026-03-12 19:09:06.708Z,3.8452,3.8536,100,100,21.8
2026-03-12 19:09:07.123Z,3.8437,3.8545,100,100,28.1
2026-03-12 19:09:08.050Z,3.8447,3.8539,100,100,23.9
2026-03-12 19:09:09.422Z,3.8454,3.8562,100,100,28.0
2026-03-12 19:09:10.023Z,3.8465,3.8553,100,100,22.9
2026-03-12 19:09:11.769Z,3.8444,3.8542,100,100,25.5
2026-03-12 19:09:12.871Z,3.8459,3.8547,100,100,22.9
2026-03-12 19:09:13.434Z,3.8453,3.8539,100,100,22.3
2026-03-12 19:09:14.245Z,3.8452,3.8538,100,100,22.3
2026-03-12 19:09:15.522Z,3.8455,3.8549,100,100,24.4
2026-03-12 19:09:16.341Z,3.8434,3.8552,100,100,30.7
2026-03-12 19:09:17.517Z,3.8441,3.8561,100,100,31.2
2026-03-12 19:09:18.801Z,3.8461,3.8557,100,100,24.9
2026-03-12 19:09:19.875Z,3.8434,3.8548,100,100,29.6
2026-03-12 19:09:20.358Z,3.8435,3.8547,100,100,29.1
2026-03-12 19:09:21.804Z,3.8454,3.8564,100,100,28.6
2026-03-12 19:09:22.516Z,3.8455,3.8549,100,100,24.4
2026-03-12 19:09:23.110Z,3.8431,3.8555,100,100,32.2
2026-03-12 19:09:24.530Z,3.8446,3.8554,100,100,28.1
2026-03-12 19:08:25.767Z,3.8460,3.8540,100,100,20.8
2026-03-12 19:08:26.118Z,3.8444,3.8538,100,100,24.4
2026-03-12 19:08:27.051Z,3.8446,3.8540,100,100,24.4
2026-03-12 19:08:28.763Z,3.8446,3.8572,100,100,32.7
2026-03-12 19:08:29.837Z,3.8438,3.8552,100,100,29.6
2026-03-12 19:08:30.115Z,3.8453,3.8563,100,100,28.6
2026-03-12 19:08:31.728Z,3.8448,3.8540,100,100,23.9
2026-03-12 19:08:32.426Z,3.8453,3.8539,100,100,22.3
2026-03-12 19:08:33.081Z,3.8451,3.8553,100,100,26.5
2026-03-12 19:08:34.495Z,3.8466,3.8552,100,100,22.3
2026-03-12 19:08:35.026Z,3.8438,3.8558,100,100,31.2
2026-03-12 19:08:36.149Z,3.8444,3.8552,100,100,28.1
2026-03-12 19:08:37.482Z,3.8435,3.8555,100,100,31.2
2026-03-12 19:08:38.810Z,3.8440,3.8542,100,100,26.5
2026-03-12 19:08:39.668Z,3.8434,3.8550,100,100,30.1
2026-03-12 19:08:40.421Z,3.8459,3.8557,100,100,25.4
2026-03-12 19:08:41.067Z,3.8455,3.8557,100,100,26.5
2026-03-12 19:08:42.887Z,3.8437,3.8551,100,100,29.6
2026-03-12 19:08:43.685Z,3.8448,3.8556,100,100,28.1
2026-03-12 19:08:44.140Z,3.8449,3.8561,100,100,29.1
2026-03-12 19:08:45.029Z,3.8445,3.8545,100,100,26.0
2026-03-12 19:08:46.125Z,3.8414,3.8542,100,100,33.3
2026-03-12 19:08:47.820Z,3.8425,3.8519,100,100,24.4
2026-03-12 19:08:48.009Z,3.8431,3.8523,100,100,23.9
2026-03-12 19:08:49.203Z,3.8398,3.8496,100,100,25.5
2026-03-12 19:08:50.111Z,3.8404,3.8486,100,100,21.3
2026-03-12 19:08:51.628Z,3.8393,3.8485,100,100,23.9
2026-03-12 19:08:52.622Z,3.8357,3.8459,100,100,26.6
2026-03-12 19:08:53.022Z,3.8346,3.8466,100,100,31.2
2026-03-12 19:08:54.418Z,3.8329,3.8427,100,100,25.5
2026-03-12 19:08:55.813Z,3.8317,3.8413,100,100,25.0
2026-03-12 19:08:56.803Z,3.8308,3.8410,100,100,26.6
2026-03-12 19:08:57.104Z,3.8297,3.8401,100,100,27.1
2026-03-12 19:08:58.616Z,3.8293,3.8381,100,100,23.0
2026-03-12 19:08:59.720Z,3.8266,3.8366,100,100,26.1
2026-03-12 19:09:00.227Z,3.8270,3.8368,100,100,25.6
2026-03-12 19:09:01.862Z,3.8244,3.8368,100,100,32.4
2026-03-12 19:09:02.394Z,3.8253,3.8343,100,100,23.5
2026-03-12 19:09:03.209Z,3.8238,3.8356,100,100,30.8
2026-03-12 19:09:04.496Z,3.8248,3.8348,100,100,26.1
2026-03-12 19:09:05.355Z,3.8245,3.8351,100,100,27.7
2026-03-12 19:09:06.589Z,3.8251,3.8345,100,100,24.5
2026-03-12 19:09:07.426Z,3.8262,3.8368,100,100,27.7
2026-03-12 19:09:08.168Z,3.8268,3.8354,100,100,22.4
2026-03-12 19:09:09.468Z,3.8274,3.8374,100,100,26.1
2026-03-12 19:09:10.795Z,3.8264,3.8376,100,100,29.2
2026-03-12 19:09:11.690Z,3.8266,3.8376,100,100,28.7
2026-03-12 19:09:12.260Z,3.8289,3.8387,100,100,25.6
2026-03-12 19:09:13.080Z,3.8275,3.8389,100,100,29.7
2026-03-12 19:09:14.721Z,3.8282,3.8400,100,100,30.8
2026-03-12 19:09:15.384Z,3.8295,3.8407,100,100,29.2
2026-03-12 19:09:16.058Z,3.8306,3.8398,100,100,24.0
2026-03-12 19:09:17.814Z,3.8307,3.8415,100,100,28.2
2026-03-12 19:09:18.666Z,3.8316,3.8402,100,100,22.4
2026-03-12 19:09:19.836Z,3.8326,3.8430,100,100,27.1
2026-03-12 19:09:20.669Z,3.8332,3.8428,100,100,25.0
2026-03-12 19:09:21.055Z,3.8353,3.8441,100,100,22.9
2026-03-12 19:09:22.103Z,3.8339,3.8437,100,100,25.5
2026-03-12 19:09:23.016Z,3.8351,3.8463,100,100,29.2
2026-03-12 19:09:24.463Z,3.8340,3.8460,100,100,31.3
2026-03-12 19:08:25.064Z,3.8244,3.8356,100,100,29.2
2026-03-12 19:08:26.180Z,3.8242,3.8356,100,100,29.8
2026-03-12 19:08:27.403Z,3.8238,3.8346,100,100,28.2
2026-03-12 19:08:28.018Z,3.8240,3.8342,100,100,26.6
2026-03-12 19:08:29.599Z,3.8258,3.8350,100,100,24.0
2026-03-12 19:08:30.717Z,3.8238,3.8348,100,100,28.7
2026-03-12 19:08:31.228Z,3.8238,3.8358,100,100,31.3
2026-03-12 19:08:32.862Z,3.8261,3.8353,100,100,24.0
2026-03-12 19:08:33.089Z,3.8244,3.8362,100,100,30.8
2026-03-12 19:08:34.681Z,3.8244,3.8352,100,100,28.2
2026-03-12 19:08:35.637Z,3.8250,3.8358,100,100,28.2
2026-03-12 19:08:36.803Z,3.8257,3.8353,100,100,25.1
2026-03-12 19:08:37.542Z,3.8260,3.8352,100,100,24.0
2026-03-12 19:08:38.469Z,3.8263,3.8351,100,100,23.0
2026-03-12 19:08:39.739Z,3.8247,3.8351,100,100,27.2
2026-03-12 19:08:40.704Z,3.8250,3.8346,100,100,25.1
2026-03-12 19:08:41.137Z,3.8265,3.8353,100,100,23.0
2026-03-12 19:08:42.588Z,3.8260,3.8348,100,100,23.0
2026-03-12 19:08:43.518Z,3.8245,3.8351,100,100,27.7
2026-03-12 19:08:44.737Z,3.8251,3.8359,100,100,28.2
2026-03-12 19:08:45.489Z,3.8248,3.8342,100,100,24.5
2026-03-12 19:08:46.190Z,3.8237,3.8325,100,100,23.0
2026-03-12 19:08:47.437Z,3.8228,3.8316,100,100,23.0
2026-03-12 19:08:48.455Z,3.8219,3.8311,100,100,24.0
2026-03-12 19:08:49.353Z,3.8211,3.8315,100,100,27.2
2026-03-12 19:08:50.205Z,3.8204,3.8298,100,100,24.6
2026-03-12 19:08:51.149Z,3.8161,3.8281,100,100,31.4
2026-03-12 19:08:52.803Z,3.8155,3.8259,100,100,27.2
2026-03-12 19:08:53.557Z,3.8150,3.8264,100,100,29.8
2026-03-12 19:08:54.438Z,3.8131,3.8227,100,100,25.1
2026-03-12 19:08:55.548Z,3.8109,3.8225,100,100,30.4
2026-03-12 19:08:56.878Z,3.8115,3.8211,100,100,25.2
2026-03-12 19:08:57.889Z,3.8107,3.8197,100,100,23.6
2026-03-12 19:08:58.785Z,3.8070,3.8188,100,100,30.9
2026-03-12 19:08:59.055Z,3.8086,3.8172,100,100,22.6
2026-03-12 19:09:00.502Z,3.8058,3.8178,100,100,31.5
2026-03-12 19:09:01.101Z,3.8064,3.8148,100,100,22.0
2026-03-12 19:09:02.399Z,3.8054,3.8156,100,100,26.8
2026-03-12 19:09:03.490Z,3.8042,3.8154,100,100,29.4
2026-03-12 19:09:04.438Z,3.8049,3.8143,100,100,24.7
2026-03-12 19:09:05.757Z,3.8056,3.8164,100,100,28.3
2026-03-12 19:09:06.416Z,3.8050,3.8168,100,100,31.0
2026-03-12 19:09:07.127Z,3.8063,3.8165,100,100,26.8
2026-03-12 19:09:08.887Z,3.8066,3.8174,100,100,28.3
2026-03-12 19:09:09.294Z,3.8078,3.8180,100,100,26.8
2026-03-12 19:09:10.304Z,3.8085,3.8173,100,100,23.1
2026-03-12 19:09:11.222Z,3.8079,3.8163,100,100,22.0
2026-03-12 19:09:12.518Z,3.8069,3.8177,100,100,28.3
2026-03-12 19:09:13.463Z,3.8073,3.8161,100,100,23.1
2026-03-12 19:09:14.034Z,3.8071,3.8175,100,100,27.3
2026-03-12 19:09:15.796Z,3.8069,3.8165,100,100,25.2
2026-03-12 19:09:16.381Z,3.8084,3.8170,100,100,22.6
2026-03-12 19:09:17.255Z,3.8077,3.8167,100,100,23.6
2026-03-12 19:09:18.123Z,3.8066,3.8168,100,100,26.8
2026-03-12 19:09:19.279Z,3.8059,3.8147,100,100,23.1
2026-03-12 19:09:20.151Z,3.8048,3.8146,100,100,25.7
2026-03-12 19:09:21.747Z,3.8041,3.8157,100,100,30.4
2026-03-12 19:09:22.820Z,3.8050,3.8160,100,100,28.9
2026-03-12 19:09:23.491Z,3.8051,3.8137,100,100,22.6
2026-03-12 19:09:24.293Z,3.8051,3.8149,100,100,25.7
2026-03-12 19:08:25.798Z,3.8245,3.8355,100,100,28.7
2026-03-12 19:08:26.088Z,3.8250,3.8360,100,100,28.7
2026-03-12 19:08:27.460Z,3.8251,3.8359,100,100,28.2
2026-03-12 19:08:28.284Z,3.8264,3.8350,100,100,22.5
2026-03-12 19:08:29.525Z,3.8257,3.8353,100,100,25.1
2026-03-12 19:08:30.470Z,3.8246,3.8364,100,100,30.8
2026-03-12 19:08:31.692Z,3.8252,3.8358,100,100,27.7
2026-03-12 19:08:32.342Z,3.8236,3.8348,100,100,29.2
2026-03-12 19:08:33.363Z,3.8246,3.8336,100,100,23.5
2026-03-12 19:08:34.676Z,3.8242,3.8350,100,100,28.2
2026-03-12 19:08:35.047Z,3.8257,3.8361,100,100,27.1
2026-03-12 19:08:36.455Z,3.8250,3.8342,100,100,24.0
2026-03-12 19:08:37.135Z,3.8247,3.8371,100,100,32.4
2026-03-12 19:08:38.774Z,3.8238,3.8358,100,100,31.3
2026-03-12 19:08:39.610Z,3.8243,3.8359,100,100,30.3
2026-03-12 19:08:40.329Z,3.8234,3.8354,100,100,31.3
2026-03-12 19:08:41.786Z,3.8233,3.8349,100,100,30.3
2026-03-12 19:08:42.284Z,3.8239,3.8347,100,100,28.2
2026-03-12 19:08:43.216Z,3.8254,3.8344,100,100,23.5
2026-03-12 19:08:44.435Z,3.8241,3.8361,100,100,31.3
2026-03-12 19:08:45.818Z,3.8247,3.8355,100,100,28.2
2026-03-12 19:08:46.198Z,3.8256,3.8360,100,100,27.1
2026-03-12 19:08:47.566Z,3.8261,3.8351,100,100,23.5
2026-03-12 19:08:48.275Z,3.8240,3.8350,100,100,28.7
2026-03-12 19:08:49.147Z,3.8247,3.8357,100,100,28.7
2026-03-12 19:08:50.437Z,3.8231,3.8351,100,100,31.3
2026-03-12 19:08:51.371Z,3.8246,3.8370,100,100,32.4
2026-03-12 19:08:52.160Z,3.8249,3.8369,100,100,31.3
2026-03-12 19:08:53.729Z,3.8248,3.8362,100,100,29.8
2026-03-12 19:08:54.890Z,3.8237,3.8345,100,100,28.2
2026-03-12 19:08:55.772Z,3.8243,3.8373,100,100,33.9
2026-03-12 19:08:56.243Z,3.8264,3.8346,100,100,21.4
2026-03-12 19:08:57.349Z,3.8244,3.8348,100,100,27.2
2026-03-12 19:08:58.691Z,3.8242,3.8362,100,100,31.3
2026-03-12 19:08:59.304Z,3.8246,3.8362,100,100,30.3
2026-03-12 19:09:00.322Z,3.8249,3.8365,100,100,30.3
2026-03-12 19:09:01.871Z,3.8248,3.8364,100,100,30.3
2026-03-12 19:09:02.378Z,3.8257,3.8355,100,100,25.6
2026-03-12 19:09:03.147Z,3.8235,3.8353,100,100,30.8
2026-03-12 19:09:04.306Z,3.8256,3.8360,100,100,27.1
2026-03-12 19:09:05.078Z,3.8248,3.8340,100,100,24.0
2026-03-12 19:09:06.005Z,3.8259,3.8347,100,100,23.0
2026-03-12 19:09:07.378Z,3.8241,3.8345,100,100,27.2
2026-03-12 19:09:08.464Z,3.8236,3.8354,100,100,30.8
2026-03-12 19:09:09.284Z,3.8247,3.8337,100,100,23.5
2026-03-12 19:09:10.478Z,3.8235,3.8351,100,100,30.3
2026-03-12 19:09:11.839Z,3.8244,3.8358,100,100,29.8
2026-03-12 19:09:12.721Z,3.8241,3.8349,100,100,28.2
2026-03-12 19:09:13.297Z,3.8242,3.8368,100,100,32.9
2026-03-12 19:09:14.623Z,3.8242,3.8346,100,100,27.2
2026-03-12 19:09:15.374Z,3.8250,3.8344,100,100,24.5
2026-03-12 19:09:16.774Z,3.8244,3.8362,100,100,30.8
2026-03-12 19:09:17.100Z,3.8248,3.8350,100,100,26.6
2026-03-12 19:09:18.619Z,3.8241,3.8339,100,100,25.6
2026-03-12 19:09:19.804Z,3.8248,3.8360,100,100,29.2
2026-03-12 19:09:20.295Z,3.8250,3.8340,100,100,23.5
2026-03-12 19:09:21.049Z,3.8265,3.8353,100,100,23.0
2026-03-12 19:09:22.565Z,3.8250,3.8350,100,100,26.1
2026-03-12 19:09:23.844Z,3.8254,3.8336,100,100,21.4
2026-03-12 19:09:24.751Z,3.8255,3.8345,100,100,23.5
2026-03-12 19:08:25.109Z,3.8146,3.8254,100,100,28.3
2026-03-12 19:08:26.696Z,3.8142,3.8260,100,100,30.9
2026-03-12 19:08:27.117Z,3.8162,3.8252,100,100,23.6
2026-03-12 19:08:28.562Z,3.8162,3.8250,100,100,23.0
2026-03-12 19:08:29.687Z,3.8158,3.8244,100,100,22.5
2026-03-12 19:08:30.331Z,3.8149,3.8249,100,100,26.2
2026-03-12 19:08:31.507Z,3.8140,3.8246,100,100,27.8
2026-03-12 19:08:32.844Z,3.8149,3.8249,100,100,26.2
2026-03-12 19:08:33.461Z,3.8151,3.8257,100,100,27.7
2026-03-12 19:08:34.774Z,3.8154,3.8254,100,100,26.2
2026-03-12 19:08:35.627Z,3.8159,3.8245,100,100,22.5
2026-03-12 19:08:36.042Z,3.8160,3.8250,100,100,23.6
2026-03-12 19:08:37.247Z,3.8136,3.8258,100,100,31.9
2026-03-12 19:08:38.490Z,3.8131,3.8253,100,100,31.9
2026-03-12 19:08:39.198Z,3.8149,3.8247,100,100,25.7
2026-03-12 19:08:40.161Z,3.8157,3.8257,100,100,26.2
2026-03-12 19:08:41.765Z,3.8151,3.8253,100,100,26.7
2026-03-12 19:08:42.401Z,3.8148,3.8246,100,100,25.7
2026-03-12 19:08:43.649Z,3.8148,3.8244,100,100,25.1
2026-03-12 19:08:44.527Z,3.8147,3.8243,100,100,25.1
2026-03-12 19:08:45.804Z,3.8145,3.8249,100,100,27.2
2026-03-12 19:08:46.289Z,3.8135,3.8245,100,100,28.8
2026-03-12 19:08:47.568Z,3.8110,3.8228,100,100,30.9
2026-03-12 19:08:48.725Z,3.8119,3.8229,100,100,28.8
2026-03-12 19:08:49.144Z,3.8093,3.8217,100,100,32.5
2026-03-12 19:08:50.757Z,3.8103,3.8193,100,100,23.6
2026-03-12 19:08:51.693Z,3.8062,3.8182,100,100,31.5
2026-03-12 19:08:52.232Z,3.8061,3.8155,100,100,24.7
2026-03-12 19:08:53.694Z,3.8033,3.8153,100,100,31.5
2026-03-12 19:08:54.053Z,3.8020,3.8134,100,100,29.9
2026-03-12 19:08:55.827Z,3.8020,3.8106,100,100,22.6
2026-03-12 19:08:56.043Z,3.8001,3.8099,100,100,25.8
2026-03-12 19:08:57.147Z,3.7982,3.8090,100,100,28.4
2026-03-12 19:08:58.895Z,3.7965,3.8089,100,100,32.6
2026-03-12 19:08:59.565Z,3.7974,3.8078,100,100,27.3
2026-03-12 19:09:00.332Z,3.7967,3.8063,100,100,25.3
2026-03-12 19:09:01.181Z,3.7945,3.8053,100,100,28.4
2026-03-12 19:09:02.688Z,3.7949,3.8057,100,100,28.4
2026-03-12 19:09:03.853Z,3.7931,3.8053,100,100,32.1
2026-03-12 19:09:04.226Z,3.7958,3.8060,100,100,26.8
2026-03-12 19:09:05.067Z,3.7951,3.8069,100,100,31.0
2026-03-12 19:09:06.281Z,3.7954,3.8060,100,100,27.9
2026-03-12 19:09:07.676Z,3.7960,3.8050,100,100,23.7
2026-03-12 19:09:08.613Z,3.7971,3.8057,100,100,22.6
2026-03-12 19:09:09.315Z,3.7968,3.8076,100,100,28.4
2026-03-12 19:09:10.670Z,3.7965,3.8083,100,100,31.0
2026-03-12 19:09:11.003Z,3.7982,3.8080,100,100,25.8
2026-03-12 19:09:12.240Z,3.7987,3.8075,100,100,23.1
2026-03-12 19:09:13.136Z,3.7970,3.8080,100,100,28.9
2026-03-12 19:09:14.628Z,3.7970,3.8072,100,100,26.8
2026-03-12 19:09:15.172Z,3.7972,3.8072,100,100,26.3
2026-03-12 19:09:16.446Z,3.7980,3.8068,100,100,23.1
2026-03-12 19:09:17.340Z,3.7971,3.8067,100,100,25.3
2026-03-12 19:09:18.351Z,3.7944,3.8062,100,100,31.1
2026-03-12 19:09:19.425Z,3.7944,3.8062,100,100,31.1
2026-03-12 19:09:20.618Z,3.7956,3.8064,100,100,28.4
2026-03-12 19:09:21.240Z,3.7944,3.8064,100,100,31.6
2026-03-12 19:09:22.477Z,3.7949,3.8073,100,100,32.6
2026-03-12 19:09:23.089Z,3.7949,3.8045,100,100,25.3
2026-03-12 19:09:24.744Z,3.7958,3.8042,100,100,22.1
2026-03-12 19:08:25.456Z,3.8244,3.8356,100,100,29.2
2026-03-12 19:08:26.244Z,3.8255,3.8363,100,100,28.2
2026-03-12 19:08:27.220Z,3.8245,3.8353,100,100,28.2
2026-03-12 19:08:28.122Z,3.8246,3.8344,100,100,25.6
2026-03-12 19:08:29.214Z,3.8235,3.8349,100,100,29.8
2026-03-12 19:08:30.556Z,3.8247,3.8353,100,100,27.7
2026-03-12 19:08:31.304Z,3.8255,3.8361,100,100,27.7
2026-03-12 19:08:32.452Z,3.8242,3.8342,100,100,26.1
2026-03-12 19:08:33.684Z,3.8260,3.8354,100,100,24.5
2026-03-12 19:08:34.217Z,3.8244,3.8360,100,100,30.3
2026-03-12 19:08:35.883Z,3.8248,3.8370,100,100,31.8
2026-03-12 19:08:36.617Z,3.8253,3.8339,100,100,22.5
2026-03-12 19:08:37.664Z,3.8261,3.8357,100,100,25.1
2026-03-12 19:08:38.609Z,3.8255,3.8345,100,100,23.5
2026-03-12 19:08:39.727Z,3.8253,3.8345,100,100,24.0
2026-03-12 19:08:40.052Z,3.8238,3.8346,100,100,28.2
2026-03-12 19:08:41.713Z,3.8238,3.8360,100,100,31.9
2026-03-12 19:08:42.347Z,3.8246,3.8342,100,100,25.1
2026-03-12 19:08:43.420Z,3.8244,3.8352,100,100,28.2
2026-03-12 19:08:44.454Z,3.8264,3.8350,100,100,22.5
2026-03-12 19:08:45.074Z,3.8256,3.8342,100,100,22.5
2026-03-12 19:08:46.605Z,3.8255,3.8343,100,100,23.0
2026-03-12 19:08:47.051Z,3.8243,3.8329,100,100,22.5
2026-03-12 19:08:48.708Z,3.8222,3.8334,100,100,29.3
2026-03-12 19:08:49.289Z,3.8228,3.8340,100,100,29.3
2026-03-12 19:08:50.155Z,3.8207,3.8321,100,100,29.8
2026-03-12 19:08:51.881Z,3.8208,3.8320,100,100,29.3
2026-03-12 19:08:52.647Z,3.8219,3.8311,100,100,24.0
2026-03-12 19:08:53.150Z,3.8206,3.8298,100,100,24.1
2026-03-12 19:08:54.394Z,3.8194,3.8292,100,100,25.6
2026-03-12 19:08:55.715Z,3.8181,3.8275,100,100,24.6
2026-03-12 19:08:56.316Z,3.8159,3.8281,100,100,31.9
2026-03-12 19:08:57.069Z,3.8168,3.8286,100,100,30.9
2026-03-12 19:08:58.212Z,3.8153,3.8277,100,100,32.4
2026-03-12 19:08:59.463Z,3.8162,3.8274,100,100,29.3
2026-03-12 19:09:00.145Z,3.8165,3.8267,100,100,26.7
2026-03-12 19:09:01.748Z,3.8133,3.8257,100,100,32.5
2026-03-12 19:09:02.709Z,3.8149,3.8241,100,100,24.1
2026-03-12 19:09:03.697Z,3.8150,3.8248,100,100,25.7
2026-03-12 19:09:04.299Z,3.8159,3.8241,100,100,21.5
2026-03-12 19:09:05.453Z,3.8150,3.8268,100,100,30.9
2026-03-12 19:09:06.025Z,3.8166,3.8258,100,100,24.1
2026-03-12 19:09:07.764Z,3.8141,3.8265,100,100,32.5
2026-03-12 19:09:08.259Z,3.8166,3.8252,100,100,22.5
2026-03-12 19:09:09.838Z,3.8161,3.8253,100,100,24.1
2026-03-12 19:09:10.101Z,3.8162,3.8278,100,100,30.4
2026-03-12 19:09:11.093Z,3.8162,3.8256,100,100,24.6
2026-03-12 19:09:12.890Z,3.8168,3.8274,100,100,27.7
2026-03-12 19:09:13.448Z,3.8155,3.8267,100,100,29.3
2026-03-12 19:09:14.737Z,3.8173,3.8269,100,100,25.1
2026-03-12 19:09:15.207Z,3.8152,3.8274,100,100,31.9
2026-03-12 19:09:16.201Z,3.8146,3.8264,100,100,30.9
2026-03-12 19:09:17.267Z,3.8162,3.8256,100,100,24.6
2026-03-12 19:09:18.580Z,3.8142,3.8252,100,100,28.8
2026-03-12 19:09:19.726Z,3.8158,3.8240,100,100,21.5
2026-03-12 19:09:20.240Z,3.8144,3.8254,100,100,28.8
2026-03-12 19:09:21.723Z,3.8156,3.8252,100,100,25.1
2026-03-12 19:09:22.162Z,3.8147,3.8245,100,100,25.7
2026-03-12 19:09:23.121Z,3.8146,3.8252,100,100,27.7
2026-03-12 19:09:24.158Z,3.8148,3.8252,100,100,27.2
2026-03-12 19:08:25.456Z,3.7944,3.8056,100,100,29.5
2026-03-12 19:08:26.162Z,3.7959,3.8041,100,100,21.6
2026-03-12 19:08:27.796Z,3.7949,3.8041,100,100,24.2
2026-03-12 19:08:28.655Z,3.7942,3.8046,100,100,27.4
2026-03-12 19:08:29.834Z,3.7935,3.8051,100,100,30.5
2026-03-12 19:08:30.218Z,3.7957,3.8055,100,100,25.8
2026-03-12 19:08:31.280Z,3.7954,3.8054,100,100,26.3
2026-03-12 19:08:32.688Z,3.7954,3.8050,100,100,25.3
2026-03-12 19:08:33.014Z,3.7942,3.8056,100,100,30.0
2026-03-12 19:08:34.515Z,3.7938,3.8052,100,100,30.0
2026-03-12 19:08:35.677Z,3.7947,3.8057,100,100,28.9
2026-03-12 19:08:36.543Z,3.7945,3.8039,100,100,24.7
2026-03-12 19:08:37.796Z,3.7942,3.8066,100,100,32.6
2026-03-12 19:08:38.378Z,3.7952,3.8066,100,100,30.0
2026-03-12 19:08:39.295Z,3.7930,3.8054,100,100,32.6
2026-03-12 19:08:40.114Z,3.7947,3.8057,100,100,28.9
2026-03-12 19:08:41.424Z,3.7948,3.8050,100,100,26.8
2026-03-12 19:08:42.602Z,3.7955,3.8057,100,100,26.8
2026-03-12 19:08:43.490Z,3.7944,3.8048,100,100,27.4
2026-03-12 19:08:44.085Z,3.7949,3.8041,100,100,24.2
2026-03-12 19:08:45.704Z,3.7937,3.8051,100,100,30.0
2026-03-12 19:08:46.798Z,3.7952,3.8056,100,100,27.4
2026-03-12 19:08:47.892Z,3.7948,3.8060,100,100,29.5
2026-03-12 19:08:48.357Z,3.7966,3.8054,100,100,23.2
2026-03-12 19:08:49.848Z,3.7971,3.8073,100,100,26.8
2026-03-12 19:08:50.767Z,3.7980,3.8094,100,100,30.0
2026-03-12 19:08:51.762Z,3.7994,3.8090,100,100,25.2
2026-03-12 19:08:52.552Z,3.7989,3.8079,100,100,23.7
2026-03-12 19:08:53.159Z,3.8005,3.8103,100,100,25.8
2026-03-12 19:08:54.665Z,3.8005,3.8105,100,100,26.3
2026-03-12 19:08:55.884Z,3.8008,3.8110,100,100,26.8
2026-03-12 19:08:56.331Z,3.8011,3.8139,100,100,33.6
2026-03-12 19:08:57.193Z,3.8017,3.8125,100,100,28.4
2026-03-12 19:08:58.603Z,3.8033,3.8137,100,100,27.3
2026-03-12 19:08:59.196Z,3.8033,3.8157,100,100,32.6
2026-03-12 19:09:00.623Z,3.8043,3.8153,100,100,28.9
2026-03-12 19:09:01.327Z,3.8037,3.8147,100,100,28.9
2026-03-12 19:09:02.306Z,3.8047,3.8153,100,100,27.8
2026-03-12 19:09:03.571Z,3.8041,3.8141,100,100,26.3
2026-03-12 19:09:04.472Z,3.8053,3.8147,100,100,24.7
2026-03-12 19:09:05.263Z,3.8061,3.8143,100,100,21.5
2026-03-12 19:09:06.039Z,3.8051,3.8139,100,100,23.1
2026-03-12 19:09:07.588Z,3.8024,3.8144,100,100,31.5
2026-03-12 19:09:08.481Z,3.8033,3.8157,100,100,32.6
2026-03-12 19:09:09.096Z,3.8017,3.8135,100,100,31.0
2026-03-12 19:09:10.744Z,3.8036,3.8130,100,100,24.7
2026-03-12 19:09:11.393Z,3.8026,3.8124,100,100,25.7
2026-03-12 19:09:12.281Z,3.8028,3.8122,100,100,24.7
2026-03-12 19:09:13.191Z,3.8013,3.8127,100,100,29.9
2026-03-12 19:09:14.730Z,3.8035,3.8125,100,100,23.6
2026-03-12 19:09:15.517Z,3.8023,3.8121,100,100,25.7
2026-03-12 19:09:16.525Z,3.7997,3.8115,100,100,31.0
2026-03-12 19:09:17.683Z,3.7986,3.8098,100,100,29.4
2026-03-12 19:09:18.273Z,3.7964,3.8090,100,100,33.1
2026-03-12 19:09:19.149Z,3.7963,3.8079,100,100,30.5
2026-03-12 19:09:20.310Z,3.7963,3.8061,100,100,25.8
2026-03-12 19:09:21.621Z,3.7953,3.8065,100,100,29.5
2026-03-12 19:09:22.055Z,3.7934,3.8060,100,100,33.2
2026-03-12 19:09:23.528Z,3.7951,3.8059,100,100,28.4
2026-03-12 19:09:24.519Z,3.7948,3.8052,100,100,27.4
2026-03-12 19:08:25.877Z,3.8344,3.8456,100,100,29.2
2026-03-12 19:08:26.293Z,3.8366,3.8450,100,100,21.9
2026-03-12 19:08:27.719Z,3.8349,3.8457,100,100,28.1
2026-03-12 19:08:28.779Z,3.8350,3.8460,100,100,28.6
2026-03-12 19:08:29.172Z,3.8361,3.8447,100,100,22.4
2026-03-12 19:08:30.763Z,3.8350,3.8458,100,100,28.1
2026-03-12 19:08:31.335Z,3.8339,3.8451,100,100,29.2
2026-03-12 19:08:32.686Z,3.8351,3.8463,100,100,29.2
2026-03-12 19:08:33.146Z,3.8348,3.8442,100,100,24.5
2026-03-12 19:08:34.885Z,3.8346,3.8464,100,100,30.7
2026-03-12 19:08:35.254Z,3.8361,3.8449,100,100,22.9
2026-03-12 19:08:36.734Z,3.8354,3.8448,100,100,24.5
2026-03-12 19:08:37.544Z,3.8341,3.8455,100,100,29.7
2026-03-12 19:08:38.086Z,3.8361,3.8457,100,100,25.0
2026-03-12 19:08:39.191Z,3.8364,3.8452,100,100,22.9
2026-03-12 19:08:40.864Z,3.8342,3.8456,100,100,29.7
2026-03-12 19:08:41.017Z,3.8354,3.8446,100,100,24.0
2026-03-12 19:08:42.167Z,3.8348,3.8442,100,100,24.5
2026-03-12 19:08:43.418Z,3.8343,3.8451,100,100,28.1
2026-03-12 19:08:44.324Z,3.8345,3.8443,100,100,25.5
2026-03-12 19:08:45.642Z,3.8338,3.8444,100,100,27.6
2026-03-12 19:08:46.103Z,3.8343,3.8459,100,100,30.2
2026-03-12 19:08:47.089Z,3.8338,3.8452,100,100,29.7
2026-03-12 19:08:48.264Z,3.8350,3.8454,100,100,27.1
2026-03-12 19:08:49.742Z,3.8338,3.8458,100,100,31.3
2026-03-12 19:08:50.484Z,3.8357,3.8445,100,100,22.9
2026-03-12 19:08:51.495Z,3.8332,3.8454,100,100,31.8
2026-03-12 19:08:52.374Z,3.8338,3.8456,100,100,30.7
2026-03-12 19:08:53.388Z,3.8357,3.8455,100,100,25.5
2026-03-12 19:08:54.609Z,3.8349,3.8455,100,100,27.6
2026-03-12 19:08:55.761Z,3.8347,3.8469,100,100,31.8
2026-03-12 19:08:56.693Z,3.8365,3.8447,100,100,21.4
2026-03-12 19:08:57.831Z,3.8335,3.8455,100,100,31.3
2026-03-12 19:08:58.155Z,3.8348,3.8456,100,100,28.1
2026-03-12 19:08:59.358Z,3.8335,3.8457,100,100,31.8
2026-03-12 19:09:00.422Z,3.8351,3.8461,100,100,28.6
2026-03-12 19:09:01.841Z,3.8349,3.8435,100,100,22.4
2026-03-12 19:09:02.525Z,3.8349,3.8447,100,100,25.5
2026-03-12 19:09:03.336Z,3.8349,3.8445,100,100,25.0
2026-03-12 19:09:04.534Z,3.8353,3.8439,100,100,22.4
2026-03-12 19:09:05.070Z,3.8356,3.8444,100,100,22.9
2026-03-12 19:09:06.789Z,3.8338,3.8448,100,100,28.7
2026-03-12 19:09:07.123Z,3.8344,3.8446,100,100,26.6
2026-03-12 19:09:08.810Z,3.8357,3.8455,100,100,25.5
2026-03-12 19:09:09.721Z,3.8361,3.8451,100,100,23.4
2026-03-12 19:09:10.008Z,3.8358,3.8456,100,100,25.5
2026-03-12 19:09:11.298Z,3.8351,3.8459,100,100,28.1
2026-03-12 19:09:12.720Z,3.8348,3.8454,100,100,27.6
2026-03-12 19:09:13.851Z,3.8348,3.8458,100,100,28.6
2026-03-12 19:09:14.743Z,3.8333,3.8451,100,100,30.7
2026-03-12 19:09:15.232Z,3.8353,3.8437,100,100,21.9
2026-03-12 19:09:16.750Z,3.8347,3.8465,100,100,30.7
2026-03-12 19:09:17.377Z,3.8353,3.8461,100,100,28.1
2026-03-12 19:09:18.430Z,3.8362,3.8446,100,100,21.9
2026-03-12 19:09:19.252Z,3.8337,3.8447,100,100,28.7
2026-03-12 19:09:20.057Z,3.8350,3.8466,100,100,30.2
2026-03-12 19:09:21.185Z,3.8344,3.8464,100,100,31.2
2026-03-12 19:09:22.216Z,3.8346,3.8438,100,100,24.0
2026-03-12 19:09:23.013Z,3.8342,3.8452,100,100,28.6
2026-03-12 19:09:24.230Z,3.8346,3.8454,100,100,28.1
2026-03-12 19:08:25.517Z,3.8258,3.8342,100,100,21.9
2026-03-12 19:08:26.855Z,3.8251,3.8353,100,100,26.6
2026-03-12 19:08:27.555Z,3.8237,3.8351,100,100,29.8
2026-03-12 19:08:28.070Z,3.8244,3.8364,100,100,31.3
2026-03-12 19:08:29.112Z,3.8229,3.8355,100,100,32.9
2026-03-12 19:08:30.035Z,3.8263,3.8353,100,100,23.5
2026-03-12 19:08:31.576Z,3.8228,3.8354,100,100,32.9
2026-03-12 19:08:32.073Z,3.8246,3.8372,100,100,32.9
2026-03-12 19:08:33.865Z,3.8238,3.8348,100,100,28.7
2026-03-12 19:08:34.724Z,3.8252,3.8350,100,100,25.6
2026-03-12 19:08:35.078Z,3.8252,3.8350,100,100,25.6
2026-03-12 19:08:36.563Z,3.8262,3.8356,100,100,24.5
2026-03-12 19:08:37.800Z,3.8266,3.8350,100,100,21.9
2026-03-12 19:08:38.651Z,3.8237,3.8361,100,100,32.4
2026-03-12 19:08:39.169Z,3.8241,3.8353,100,100,29.2
2026-03-12 19:08:40.508Z,3.8245,3.8337,100,100,24.0
2026-03-12 19:08:41.627Z,3.8251,3.8335,100,100,21.9
2026-03-12 19:08:42.159Z,3.8247,3.8351,100,100,27.2
2026-03-12 19:08:43.757Z,3.8255,3.8337,100,100,21.4
2026-03-12 19:08:44.789Z,3.8244,3.8350,100,100,27.7
2026-03-12 19:08:45.763Z,3.8257,3.8359,100,100,26.6
2026-03-12 19:08:46.265Z,3.8276,3.8382,100,100,27.7
2026-03-12 19:08:47.358Z,3.8290,3.8396,100,100,27.6
2026-03-12 19:08:48.710Z,3.8298,3.8404,100,100,27.6
2026-03-12 19:08:49.160Z,3.8303,3.8421,100,100,30.8
2026-03-12 19:08:50.148Z,3.8328,3.8428,100,100,26.1
2026-03-12 19:08:51.853Z,3.8337,3.8457,100,100,31.3
2026-03-12 19:08:52.253Z,3.8362,3.8484,100,100,31.8
2026-03-12 19:08:53.692Z,3.8401,3.8495,100,100,24.4
2026-03-12 19:08:54.310Z,3.8419,3.8521,100,100,26.5
2026-03-12 19:08:55.316Z,3.8453,3.8545,100,100,23.9
2026-03-12 19:08:56.040Z,3.8461,3.8573,100,100,29.1
2026-03-12 19:08:57.869Z,3.8473,3.8601,100,100,33.2
2026-03-12 19:08:58.608Z,3.8507,3.8607,100,100,25.9
2026-03-12 19:08:59.097Z,3.8518,3.8612,100,100,24.4
2026-03-12 19:09:00.073Z,3.8530,3.8638,100,100,28.0
2026-03-12 19:09:01.789Z,3.8535,3.8657,100,100,31.6
2026-03-12 19:09:02.849Z,3.8555,3.8639,100,100,21.8
2026-03-12 19:09:03.657Z,3.8537,3.8649,100,100,29.0
2026-03-12 19:09:04.781Z,3.8535,3.8655,100,100,31.1
2026-03-12 19:09:05.053Z,3.8554,3.8650,100,100,24.9
2026-03-12 19:09:06.077Z,3.8537,3.8627,100,100,23.3
2026-03-12 19:09:07.528Z,3.8537,3.8643,100,100,27.5
2026-03-12 19:09:08.087Z,3.8524,3.8622,100,100,25.4
2026-03-12 19:09:09.519Z,3.8513,3.8607,100,100,24.4
2026-03-12 19:09:10.312Z,3.8509,3.8611,100,100,26.5
2026-03-12 19:09:11.112Z,3.8489,3.8613,100,100,32.2
2026-03-12 19:09:12.503Z,3.8498,3.8604,100,100,27.5
2026-03-12 19:09:13.812Z,3.8515,3.8615,100,100,25.9
2026-03-12 19:09:14.174Z,3.8497,3.8611,100,100,29.6
2026-03-12 19:09:15.555Z,3.8489,3.8589,100,100,25.9
2026-03-12 19:09:16.754Z,3.8488,3.8612,100,100,32.2
2026-03-12 19:09:17.495Z,3.8482,3.8580,100,100,25.4
2026-03-12 19:09:18.558Z,3.8485,3.8571,100,100,22.3
2026-03-12 19:09:19.392Z,3.8488,3.8570,100,100,21.3
2026-03-12 19:09:20.235Z,3.8456,3.8572,100,100,30.1
2026-03-12 19:09:21.583Z,3.8451,3.8569,100,100,30.6
2026-03-12 19:09:22.721Z,3.8450,3.8562,100,100,29.1
2026-03-12 19:09:23.576Z,3.8438,3.8562,100,100,32.2
2026-03-12 19:09:24.619Z,3.8454,3.8546,100,100,23.9
2026-03-12 19:08:25.025Z,3.8247,3.8353,100,100,27.7
2026-03-12 19:08:26.756Z,3.8250,3.8348,100,100,25.6
2026-03-12 19:08:27.087Z,3.8247,3.8355,100,100,28.2
2026-03-12 19:08:28.345Z,3.8247,3.8355,100,100,28.2
2026-03-12 19:08:29.671Z,3.8253,3.8347,100,100,24.5
2026-03-12 19:08:30.645Z,3.8245,3.8355,100,100,28.7
2026-03-12 19:08:31.890Z,3.8246,3.8368,100,100,31.8
2026-03-12 19:08:32.515Z,3.8231,3.8355,100,100,32.4
2026-03-12 19:08:33.538Z,3.8240,3.8346,100,100,27.7
2026-03-12 19:08:34.099Z,3.8254,3.8364,100,100,28.7
2026-03-12 19:08:35.507Z,3.8250,3.8340,100,100,23.5
2026-03-12 19:08:36.600Z,3.8238,3.8354,100,100,30.3
2026-03-12 19:08:37.087Z,3.8259,3.8349,100,100,23.5
2026-03-12 19:08:38.140Z,3.8244,3.8362,100,100,30.8
2026-03-12 19:08:39.441Z,3.8262,3.8352,100,100,23.5
2026-03-12 19:08:40.064Z,3.8240,3.8350,100,100,28.7
2026-03-12 19:08:41.153Z,3.8248,3.8358,100,100,28.7
2026-03-12 19:08:42.812Z,3.8242,3.8346,100,100,27.2
2026-03-12 19:08:43.629Z,3.8259,3.8357,100,100,25.6
2026-03-12 19:08:44.391Z,3.8259,3.8361,100,100,26.6
2026-03-12 19:08:45.166Z,3.8253,3.8361,100,100,28.2
2026-03-12 19:08:46.331Z,3.8246,3.8358,100,100,29.2
2026-03-12 19:08:47.078Z,3.8265,3.8355,100,100,23.5
2026-03-12 19:08:48.418Z,3.8254,3.8376,100,100,31.8
2026-03-12 19:08:49.594Z,3.8268,3.8382,100,100,29.7
2026-03-12 19:08:50.161Z,3.8280,3.8372,100,100,24.0
2026-03-12 19:08:51.504Z,3.8282,3.8400,100,100,30.8
2026-03-12 19:08:52.477Z,3.8297,3.8397,100,100,26.1
2026-03-12 19:08:53.153Z,3.8303,3.8415,100,100,29.2
2026-03-12 19:08:54.500Z,3.8303,3.8427,100,100,32.3
2026-03-12 19:08:55.406Z,3.8308,3.8418,100,100,28.7
2026-03-12 19:08:56.405Z,3.8317,3.8441,100,100,32.3
2026-03-12 19:08:57.057Z,3.8318,3.8432,100,100,29.7
2026-03-12 19:08:58.311Z,3.8316,3.8436,100,100,31.3
2026-03-12 19:08:59.036Z,3.8336,3.8424,100,100,22.9
2026-03-12 19:09:00.025Z,3.8337,3.8465,100,100,33.3
2026-03-12 19:09:01.164Z,3.8338,3.8446,100,100,28.1
2026-03-12 19:09:02.742Z,3.8354,3.8446,100,100,24.0
2026-03-12 19:09:03.604Z,3.8347,3.8445,100,100,25.5
2026-03-12 19:09:04.342Z,3.8351,3.8439,100,100,22.9
2026-03-12 19:09:05.514Z,3.8342,3.8448,100,100,27.6
2026-03-12 19:09:06.275Z,3.8341,3.8447,100,100,27.6
2026-03-12 19:09:07.480Z,3.8338,3.8446,100,100,28.1
2026-03-12 19:09:08.443Z,3.8353,3.8437,100,100,21.9
2026-03-12 19:09:09.142Z,3.8338,3.8452,100,100,29.7
2026-03-12 19:09:10.567Z,3.8326,3.8438,100,100,29.2
2026-03-12 19:09:11.736Z,3.8337,3.8451,100,100,29.7
2026-03-12 19:09:12.475Z,3.8328,3.8442,100,100,29.7
2026-03-12 19:09:13.156Z,3.8340,3.8450,100,100,28.6
2026-03-12 19:09:14.020Z,3.8319,3.8445,100,100,32.8
2026-03-12 19:09:15.265Z,3.8332,3.8434,100,100,26.6
2026-03-12 19:09:16.666Z,3.8334,3.8442,100,100,28.1
2026-03-12 19:09:17.625Z,3.8339,3.8453,100,100,29.7
2026-03-12 19:09:18.757Z,3.8346,3.8430,100,100,21.9
2026-03-12 19:09:19.706Z,3.8339,3.8467,100,100,33.3
2026-03-12 19:09:20.473Z,3.8354,3.8446,100,100,24.0
2026-03-12 19:09:21.605Z,3.8348,3.8468,100,100,31.2
2026-03-12 19:09:22.238Z,3.8333,3.8451,100,100,30.7
2026-03-12 19:09:23.790Z,3.8346,3.8470,100,100,32.3
2026-03-12 19:09:24.390Z,3.8341,3.8459,100,100,30.7
2026-03-12 19:08:25.820Z,3.8260,3.8340,100,100,20.9
2026-03-12 19:08:26.540Z,3.8230,3.8352,100,100,31.9
2026-03-12 19:08:27.736Z,3.8257,3.8361,100,100,27.1
2026-03-12 19:08:28.242Z,3.8242,3.8352,100,100,28.7
2026-03-12 19:08:29.699Z,3.8238,3.8344,100,100,27.7
2026-03-12 19:08:30.240Z,3.8259,3.8349,100,100,23.5
2026-03-12 19:08:31.809Z,3.8251,3.8345,100,100,24.5
2026-03-12 19:08:32.068Z,3.8261,3.8343,100,100,21.4
2026-03-12 19:08:33.592Z,3.8249,3.8349,100,100,26.1
2026-03-12 19:08:34.563Z,3.8243,3.8353,100,100,28.7
2026-03-12 19:08:35.691Z,3.8242,3.8342,100,100,26.1
2026-03-12 19:08:36.287Z,3.8250,3.8356,100,100,27.7
2026-03-12 19:08:37.424Z,3.8245,3.8349,100,100,27.2
2026-03-12 19:08:38.477Z,3.8252,3.8360,100,100,28.2
2026-03-12 19:08:39.230Z,3.8254,3.8352,100,100,25.6
2026-03-12 19:08:40.273Z,3.8264,3.8346,100,100,21.4
2026-03-12 19:08:41.498Z,3.8259,3.8355,100,100,25.1
2026-03-12 19:08:42.429Z,3.8258,3.8342,100,100,21.9
2026-03-12 19:08:43.499Z,3.8240,3.8344,100,100,27.2
2026-03-12 19:08:44.132Z,3.8255,3.8359,100,100,27.1
2026-03-12 19:08:45.023Z,3.8250,3.8338,100,100,23.0
2026-03-12 19:08:46.325Z,3.8263,3.8361,100,100,25.6
2026-03-12 19:08:47.265Z,3.8272,3.8366,100,100,24.5
2026-03-12 19:08:48.093Z,3.8269,3.8379,100,100,28.7
2026-03-12 19:08:49.429Z,3.8264,3.8380,100,100,30.3
2026-03-12 19:08:50.696Z,3.8268,3.8386,100,100,30.8
2026-03-12 19:08:51.792Z,3.8295,3.8393,100,100,25.6
2026-03-12 19:08:52.424Z,3.8290,3.8398,100,100,28.2
2026-03-12 19:08:53.197Z,3.8310,3.8396,100,100,22.4
2026-03-12 19:08:54.265Z,3.8309,3.8399,100,100,23.5
2026-03-12 19:08:55.425Z,3.8314,3.8408,100,100,24.5
2026-03-12 19:08:56.120Z,3.8317,3.8417,100,100,26.1
2026-03-12 19:08:57.429Z,3.8339,3.8433,100,100,24.5
2026-03-12 19:08:58.030Z,3.8348,3.8434,100,100,22.4
2026-03-12 19:08:59.350Z,3.8320,3.8442,100,100,31.8
2026-03-12 19:09:00.360Z,3.8339,3.8429,100,100,23.4
2026-03-12 19:09:01.465Z,3.8335,3.8443,100,100,28.1
2026-03-12 19:09:02.570Z,3.8353,3.8441,100,100,22.9
2026-03-12 19:09:03.034Z,3.8346,3.8444,100,100,25.5
2026-03-12 19:09:04.051Z,3.8330,3.8452,100,100,31.8
2026-03-12 19:09:05.170Z,3.8353,3.8453,100,100,26.0
2026-03-12 19:09:06.523Z,3.8343,3.8445,100,100,26.6
2026-03-12 19:09:07.816Z,3.8337,3.8447,100,100,28.7
2026-03-12 19:09:08.763Z,3.8334,3.8430,100,100,25.0
2026-03-12 19:09:09.821Z,3.8334,3.8432,100,100,25.5
2026-03-12 19:09:10.854Z,3.8337,3.8425,100,100,22.9
2026-03-12 19:09:11.381Z,3.8324,3.8434,100,100,28.7
2026-03-12 19:09:12.135Z,3.8326,3.8420,100,100,24.5
2026-03-12 19:09:13.153Z,3.8318,3.8430,100,100,29.2
2026-03-12 19:09:14.284Z,3.8310,3.8402,100,100,24.0
2026-03-12 19:09:15.702Z,3.8297,3.8399,100,100,26.6
2026-03-12 19:09:16.691Z,3.8301,3.8395,100,100,24.5
2026-03-12 19:09:17.340Z,3.8288,3.8388,100,100,26.1
2026-03-12 19:09:18.188Z,3.8268,3.8386,100,100,30.8
2026-03-12 19:09:19.503Z,3.8284,3.8374,100,100,23.5
2026-03-12 19:09:20.110Z,3.8246,3.8370,100,100,32.4
2026-03-12 19:09:21.757Z,3.8241,3.8363,100,100,31.9
2026-03-12 19:09:22.857Z,3.8237,3.8355,100,100,30.8
2026-03-12 19:09:23.741Z,3.8252,3.8364,100,100,29.2
2026-03-12 19:09:24.725Z,3.8239,3.8361,100,100,31.9
2026-03-12 19:08:25.428Z,3.8041,3.8159,100,100,31.0
2026-03-12 19:08:26.718Z,3.8037,3.8157,100,100,31.5
2026-03-12 19:08:27.488Z,3.8041,3.8161,100,100,31.5
2026-03-12 19:08:28.257Z,3.8040,3.8130,100,100,23.6
2026-03-12 19:08:29.756Z,3.8031,3.8123,100,100,24.2
2026-03-12 19:08:30.092Z,3.8017,3.8123,100,100,27.8
2026-03-12 19:08:31.641Z,3.8003,3.8109,100,100,27.9
2026-03-12 19:08:32.173Z,3.7979,3.8089,100,100,28.9
2026-03-12 19:08:33.712Z,3.7990,3.8078,100,100,23.1
2026-03-12 19:08:34.527Z,3.7954,3.8058,100,100,27.4
2026-03-12 19:08:35.165Z,3.7946,3.8058,100,100,29.5
2026-03-12 19:08:36.259Z,3.7956,3.8044,100,100,23.2
2026-03-12 19:08:37.213Z,3.7946,3.8038,100,100,24.2
2026-03-12 19:08:38.051Z,3.7949,3.8055,100,100,27.9
2026-03-12 19:08:39.737Z,3.7971,3.8059,100,100,23.1
2026-03-12 19:08:40.589Z,3.7983,3.8067,100,100,22.1
2026-03-12 19:08:41.739Z,3.7970,3.8064,100,100,24.7
2026-03-12 19:08:42.888Z,3.7982,3.8086,100,100,27.3
2026-03-12 19:08:43.011Z,3.7981,3.8075,100,100,24.7
2026-03-12 19:08:44.507Z,3.7965,3.8081,100,100,30.5
2026-03-12 19:08:45.064Z,3.7982,3.8094,100,100,29.4
2026-03-12 19:08:46.125Z,3.7982,3.8080,100,100,25.8
2026-03-12 19:08:47.241Z,3.7974,3.8092,100,100,31.0
2026-03-12 19:08:48.898Z,3.7996,3.8104,100,100,28.4
2026-03-12 19:08:49.600Z,3.8009,3.8089,100,100,21.0
2026-03-12 19:08:50.491Z,3.7997,3.8087,100,100,23.7
2026-03-12 19:08:51.755Z,3.7990,3.8116,100,100,33.1
2026-03-12 19:08:52.193Z,3.8016,3.8106,100,100,23.6
2026-03-12 19:08:53.557Z,3.8002,3.8116,100,100,30.0
2026-03-12 19:08:54.069Z,3.8022,3.8132,100,100,28.9
2026-03-12 19:08:55.087Z,3.8009,3.8129,100,100,31.5
2026-03-12 19:08:56.062Z,3.8023,3.8129,100,100,27.8
2026-03-12 19:08:57.890Z,3.8040,3.8128,100,100,23.1
2026-03-12 19:08:58.254Z,3.8044,3.8134,100,100,23.6
2026-03-12 19:08:59.760Z,3.8044,3.8146,100,100,26.8
2026-03-12 19:09:00.768Z,3.8027,3.8149,100,100,32.0
2026-03-12 19:09:01.015Z,3.8030,3.8148,100,100,31.0
2026-03-12 19:09:02.860Z,3.8045,3.8135,100,100,23.6
2026-03-12 19:09:03.591Z,3.8041,3.8151,100,100,28.9
2026-03-12 19:09:04.442Z,3.8053,3.8163,100,100,28.9
2026-03-12 19:09:05.773Z,3.8059,3.8153,100,100,24.7
2026-03-12 19:09:06.544Z,3.8059,3.8149,100,100,23.6
2026-03-12 19:09:07.096Z,3.8053,3.8155,100,100,26.8
2026-03-12 19:09:08.049Z,3.8060,3.8150,100,100,23.6
2026-03-12 19:09:09.028Z,3.8056,3.8140,100,100,22.0
2026-03-12 19:09:10.148Z,3.8050,3.8136,100,100,22.6
2026-03-12 19:09:11.249Z,3.8050,3.8156,100,100,27.8
2026-03-12 19:09:12.633Z,3.8027,3.8155,100,100,33.6
2026-03-12 19:09:13.645Z,3.8049,3.8133,100,100,22.1
2026-03-12 19:09:14.084Z,3.8042,3.8140,100,100,25.7
2026-03-12 19:09:15.239Z,3.8053,3.8161,100,100,28.3
2026-03-12 19:09:16.759Z,3.8048,3.8148,100,100,26.2
2026-03-12 19:09:17.440Z,3.8058,3.8152,100,100,24.7
2026-03-12 19:09:18.531Z,3.8039,3.8159,100,100,31.5
2026-03-12 19:09:19.051Z,3.8059,3.8143,100,100,22.0
2026-03-12 19:09:20.820Z,3.8031,3.8153,100,100,32.0
2026-03-12 19:09:21.629Z,3.8050,3.8140,100,100,23.6
2026-03-12 19:09:22.696Z,3.8032,3.8150,100,100,31.0
2026-03-12 19:09:23.300Z,3.8064,3.8152,100,100,23.1
2026-03-12 19:09:24.390Z,3.8040,3.8160,100,100,31.5
2026-03-12 19:08:25.892Z,3.8555,3.8645,100,100,23.3
2026-03-12 19:08:26.211Z,3.8551,3.8635,100,100,21.8
2026-03-12 19:08:27.866Z,3.8540,3.8648,100,100,28.0
2026-03-12 19:08:28.365Z,3.8518,3.8638,100,100,31.1
2026-03-12 19:08:29.308Z,3.8526,3.8612,100,100,22.3
2026-03-12 19:08:30.710Z,3.8514,3.8628,100,100,29.6
2026-03-12 19:08:31.454Z,3.8484,3.8614,100,100,33.7
2026-03-12 19:08:32.525Z,3.8474,3.8584,100,100,28.5
2026-03-12 19:08:33.118Z,3.8480,3.8584,100,100,27.0
2026-03-12 19:08:34.693Z,3.8450,3.8570,100,100,31.2
2026-03-12 19:08:35.682Z,3.8443,3.8561,100,100,30.6
2026-03-12 19:08:36.825Z,3.8443,3.8541,100,100,25.5
2026-03-12 19:08:37.352Z,3.8443,3.8555,100,100,29.1
2026-03-12 19:08:38.023Z,3.8456,3.8540,100,100,21.8
2026-03-12 19:08:39.805Z,3.8446,3.8566,100,100,31.2
2026-03-12 19:08:40.687Z,3.8459,3.8587,100,100,33.2
2026-03-12 19:08:41.091Z,3.8475,3.8567,100,100,23.9
2026-03-12 19:08:42.607Z,3.8469,3.8571,100,100,26.5
2026-03-12 19:08:43.244Z,3.8485,3.8571,100,100,22.3
2026-03-12 19:08:44.379Z,3.8487,3.8575,100,100,22.8
2026-03-12 19:08:45.630Z,3.8493,3.8583,100,100,23.4
2026-03-12 19:08:46.768Z,3.8486,3.8600,100,100,29.6
2026-03-12 19:08:47.853Z,3.8499,3.8591,100,100,23.9
2026-03-12 19:08:48.095Z,3.8495,3.8593,100,100,25.4
2026-03-12 19:08:49.449Z,3.8505,3.8633,100,100,33.2
2026-03-12 19:08:50.727Z,3.8522,3.8630,100,100,28.0
2026-03-12 19:08:51.547Z,3.8539,3.8651,100,100,29.0
2026-03-12 19:08:52.829Z,3.8543,3.8659,100,100,30.1
2026-03-12 19:08:53.826Z,3.8555,3.8649,100,100,24.4
2026-03-12 19:08:54.894Z,3.8573,3.8659,100,100,22.3
2026-03-12 19:08:55.003Z,3.8580,3.8686,100,100,27.4
2026-03-12 19:08:56.763Z,3.8581,3.8701,100,100,31.1
2026-03-12 19:08:57.226Z,3.8597,3.8729,100,100,34.1
2026-03-12 19:08:58.362Z,3.8621,3.8711,100,100,23.3
2026-03-12 19:08:59.246Z,3.8618,3.8746,100,100,33.1
2026-03-12 19:09:00.131Z,3.8637,3.8743,100,100,27.4
2026-03-12 19:09:01.718Z,3.8649,3.8745,100,100,24.8
2026-03-12 19:09:02.164Z,3.8652,3.8742,100,100,23.3
2026-03-12 19:09:03.014Z,3.8643,3.8757,100,100,29.5
2026-03-12 19:09:04.854Z,3.8656,3.8758,100,100,26.4
2026-03-12 19:09:05.679Z,3.8647,3.8755,100,100,27.9
2026-03-12 19:09:06.033Z,3.8637,3.8739,100,100,26.4
2026-03-12 19:09:07.288Z,3.8635,3.8755,100,100,31.0
2026-03-12 19:09:08.851Z,3.8631,3.8737,100,100,27.4
2026-03-12 19:09:09.128Z,3.8633,3.8759,100,100,32.6
2026-03-12 19:09:10.425Z,3.8633,3.8737,100,100,26.9
2026-03-12 19:09:11.595Z,3.8642,3.8724,100,100,21.2
2026-03-12 19:09:12.179Z,3.8644,3.8732,100,100,22.7
2026-03-12 19:09:13.689Z,3.8630,3.8730,100,100,25.9
2026-03-12 19:09:14.109Z,3.8644,3.8752,100,100,27.9
2026-03-12 19:09:15.399Z,3.8643,3.8731,100,100,22.7
2026-03-12 19:09:16.696Z,3.8637,3.8745,100,100,27.9
2026-03-12 19:09:17.531Z,3.8640,3.8764,100,100,32.0
2026-03-12 19:09:18.281Z,3.8636,3.8752,100,100,30.0
2026-03-12 19:09:19.706Z,3.8650,3.8744,100,100,24.3
2026-03-12 19:09:20.653Z,3.8657,3.8749,100,100,23.8
2026-03-12 19:09:21.012Z,3.8643,3.8761,100,100,30.5
2026-03-12 19:09:22.515Z,3.8655,3.8745,100,100,23.3
2026-03-12 19:09:23.475Z,3.8653,3.8741,100,100,22.7
2026-03-12 19:09:24.725Z,3.8648,3.8752,100,100,26.9
2026-03-12 19:08:25.585Z,3.8456,3.8544,100,100,22.9
2026-03-12 19:08:26.751Z,3.8441,3.8541,100,100,26.0
