TimestampUtc,Price,Size,Exchange
2026-04-21 13:30:00.114Z,5.4213,1821,SYNTH
2026-04-21 13:30:01.255Z,5.4240,1540,SYNTH
2026-04-21 13:30:02.643Z,5.4165,1665,SYNTH
2026-04-21 13:30:03.364Z,5.4165,2053,SYNTH
2026-04-21 13:30:04.295Z,5.4206,1495,SYNTH
2026-04-21 13:30:05.739Z,5.4168,1709,SYNTH
2026-04-21 13:30:06.145Z,5.4211,1457,SYNTH
2026-04-21 13:30:07.525Z,5.4148,1861,SYNTH
2026-04-21 13:30:08.643Z,5.4205,2173,SYNTH
2026-04-21 13:30:09.673Z,5.4128,1750,SYNTH
2026-04-21 13:30:10.777Z,5.4147,1111,SYNTH
2026-04-21 13:30:11.105Z,5.4100,4577,SYNTH
2026-04-21 13:30:12.748Z,5.4146,2302,SYNTH
2026-04-21 13:30:13.581Z,5.4157,3668,SYNTH
2026-04-21 13:30:14.826Z,5.4179,1182,SYNTH
2026-04-21 13:30:15.179Z,5.4194,1759,SYNTH
2026-04-21 13:30:16.605Z,5.4194,1750,SYNTH
2026-04-21 13:30:17.083Z,5.4142,1931,SYNTH
2026-04-21 13:30:18.024Z,5.4164,1391,SYNTH
2026-04-21 13:30:19.462Z,5.4201,1539,SYNTH
2026-04-21 13:30:20.187Z,5.4249,1603,SYNTH
2026-04-21 13:30:21.480Z,5.4271,1098,SYNTH
2026-04-21 13:30:22.028Z,5.4320,1510,SYNTH
2026-04-21 13:30:23.336Z,5.4399,1687,SYNTH
2026-04-21 13:30:24.693Z,5.4484,1422,SYNTH
2026-04-21 13:30:25.404Z,5.4577,1462,SYNTH
2026-04-21 13:30:26.845Z,5.4669,1559,SYNTH
2026-04-21 13:30:27.556Z,5.4763,1218,SYNTH
2026-04-21 13:30:28.120Z,5.4867,1639,SYNTH
2026-04-21 13:30:29.361Z,5.4939,1485,SYNTH
2026-04-21 13:30:30.442Z,5.5053,1629,SYNTH
2026-04-21 13:30:31.878Z,5.5125,729,SYNTH
2026-04-21 13:30:32.221Z,5.5194,1552,SYNTH
2026-04-21 13:30:33.313Z,5.5291,1287,SYNTH
2026-04-21 13:30:34.685Z,5.5355,960,SYNTH
2026-04-21 13:30:35.453Z,5.5421,1363,SYNTH
2026-04-21 13:30:36.259Z,5.5474,1289,SYNTH
2026-04-21 13:30:37.103Z,5.5523,2558,SYNTH
2026-04-21 13:30:38.111Z,5.5537,4388,SYNTH
2026-04-21 13:30:39.845Z,5.5471,3164,SYNTH
2026-04-21 13:30:40.026Z,5.5477,3296,SYNTH
2026-04-21 13:30:41.162Z,5.5438,1110,SYNTH
2026-04-21 13:30:42.666Z,5.5408,1320,SYNTH
2026-04-21 13:30:43.194Z,5.5356,814,SYNTH
2026-04-21 13:30:44.538Z,5.5356,967,SYNTH
2026-04-21 13:30:45.816Z,5.5318,1332,SYNTH
2026-04-21 13:30:46.633Z,5.5306,2350,SYNTH
2026-04-21 13:30:47.705Z,5.5361,1730,SYNTH
2026-04-21 13:30:48.530Z,5.5352,1558,SYNTH
2026-04-21 13:30:49.003Z,5.5296,1377,SYNTH
2026-04-21 13:30:50.062Z,5.5354,1946,SYNTH
2026-04-21 13:30:51.869Z,5.5385,2104,SYNTH
2026-04-21 13:30:52.559Z,5.5318,1306,SYNTH
2026-04-21 13:30:53.756Z,5.5358,1622,SYNTH
2026-04-21 13:30:54.576Z,5.5328,1249,SYNTH
2026-04-21 13:30:55.576Z,5.5351,2012,SYNTH
2026-04-21 13:30:56.450Z,5.5370,1262,SYNTH
2026-04-21 13:30:57.246Z,5.5317,2141,SYNTH
2026-04-21 13:30:58.357Z,5.5373,1573,SYNTH
2026-04-21 13:30:59.873Z,5.5346,1338,SYNTH
2026-04-21 13:31:00.590Z,5.5378,195,SYNTH
2026-04-21 13:31:01.311Z,5.5304,243,SYNTH
2026-04-21 13:31:02.366Z,5.5316,253,SYNTH
2026-04-21 13:31:03.551Z,5.5364,111,SYNTH
2026-04-21 13:31:04.034Z,5.5384,108,SYNTH
2026-04-21 13:31:05.570Z,5.5371,217,SYNTH
2026-04-21 13:31:06.809Z,5.5340,111,SYNTH
2026-04-21 13:31:07.135Z,5.5337,221,SYNTH
2026-04-21 13:31:08.741Z,5.5388,211,SYNTH
2026-04-21 13:31:09.022Z,5.5321,102,SYNTH
2026-04-21 13:31:10.171Z,5.5328,158,SYNTH
2026-04-21 13:31:11.501Z,5.5376,496,SYNTH
2026-04-21 13:31:12.457Z,5.5400,235,SYNTH
2026-04-21 13:31:13.394Z,5.5338,532,SYNTH
2026-04-21 13:31:14.497Z,5.5372,89,SYNTH
2026-04-21 13:31:15.256Z,5.5323,125,SYNTH
2026-04-21 13:31:16.533Z,5.5365,185,SYNTH
2026-04-21 13:31:17.898Z,5.5396,323,SYNTH
2026-04-21 13:31:18.862Z,5.5339,346,SYNTH
2026-04-21 13:31:19.371Z,5.5371,186,SYNTH
2026-04-21 13:31:20.805Z,5.5276,193,SYNTH
2026-04-21 13:31:21.777Z,5.5231,144,SYNTH
2026-04-21 13:31:22.768Z,5.5149,100,SYNTH
2026-04-21 13:31:23.450Z,5.5049,118,SYNTH
2026-04-21 13:31:24.005Z,5.4966,124,SYNTH
2026-04-21 13:31:25.602Z,5.4858,178,SYNTH
2026-04-21 13:31:26.625Z,5.4747,84,SYNTH
2026-04-21 13:31:27.723Z,5.4626,100,SYNTH
2026-04-21 13:31:28.426Z,5.4512,83,SYNTH
2026-04-21 13:31:29.229Z,5.4396,148,SYNTH
2026-04-21 13:31:30.861Z,5.4262,96,SYNTH
2026-04-21 13:31:31.695Z,5.4151,170,SYNTH
2026-04-21 13:31:32.795Z,5.4060,141,SYNTH
2026-04-21 13:31:33.632Z,5.3975,152,SYNTH
2026-04-21 13:31:34.148Z,5.3873,103,SYNTH
2026-04-21 13:31:35.227Z,5.3795,162,SYNTH
2026-04-21 13:31:36.423Z,5.3756,166,SYNTH
2026-04-21 13:31:37.278Z,5.3716,240,SYNTH
2026-04-21 13:31:38.632Z,5.3695,374,SYNTH
2026-04-21 13:31:39.197Z,5.3743,244,SYNTH
2026-04-21 13:31:40.841Z,5.3750,451,SYNTH
2026-04-21 13:31:41.123Z,5.3781,110,SYNTH
2026-04-21 13:31:42.799Z,5.3828,82,SYNTH
2026-04-21 13:31:43.813Z,5.3865,153,SYNTH
2026-04-21 13:31:44.194Z,5.3920,175,SYNTH
2026-04-21 13:31:45.877Z,5.3971,221,SYNTH
2026-04-21 13:31:46.701Z,5.3926,248,SYNTH
2026-04-21 13:31:47.071Z,5.3991,217,SYNTH
2026-04-21 13:31:48.177Z,5.3903,154,SYNTH
2026-04-21 13:31:49.729Z,5.3873,96,SYNTH
2026-04-21 13:31:50.122Z,5.3873,179,SYNTH
2026-04-21 13:31:51.224Z,5.3839,192,SYNTH
2026-04-21 13:31:52.887Z,5.3831,157,SYNTH
2026-04-21 13:31:53.202Z,5.3787,249,SYNTH
2026-04-21 13:31:54.181Z,5.3744,123,SYNTH
2026-04-21 13:31:55.290Z,5.3720,248,SYNTH
2026-04-21 13:31:56.541Z,5.3707,160,SYNTH
2026-04-21 13:31:57.120Z,5.3690,113,SYNTH
2026-04-21 13:31:58.608Z,5.3700,269,SYNTH
2026-04-21 13:31:59.256Z,5.3726,186,SYNTH
2026-04-21 13:32:00.233Z,5.4215,71,SYNTH
2026-04-21 13:32:01.660Z,5.4243,83,SYNTH
2026-04-21 13:32:02.617Z,5.4190,43,SYNTH
2026-04-21 13:32:03.304Z,5.4275,97,SYNTH
2026-04-21 13:32:04.136Z,5.4264,42,SYNTH
2026-04-21 13:32:05.490Z,5.4298,61,SYNTH
2026-04-21 13:32:06.087Z,5.4302,72,SYNTH
2026-04-21 13:32:07.803Z,5.4330,74,SYNTH
2026-04-21 13:32:08.143Z,5.4388,70,SYNTH
2026-04-21 13:32:09.570Z,5.4360,70,SYNTH
2026-04-21 13:32:10.697Z,5.4416,50,SYNTH
2026-04-21 13:32:11.387Z,5.4433,111,SYNTH
2026-04-21 13:32:12.501Z,5.4426,130,SYNTH
2026-04-21 13:32:13.648Z,5.4371,104,SYNTH
2026-04-21 13:32:14.461Z,5.4359,51,SYNTH
2026-04-21 13:32:15.214Z,5.4333,59,SYNTH
2026-04-21 13:32:16.410Z,5.4289,84,SYNTH
2026-04-21 13:32:17.387Z,5.4355,96,SYNTH
2026-04-21 13:32:18.890Z,5.4347,57,SYNTH
2026-04-21 13:32:19.529Z,5.4312,76,SYNTH
2026-04-21 13:32:20.529Z,5.4299,37,SYNTH
2026-04-21 13:32:21.545Z,5.4255,52,SYNTH
2026-04-21 13:32:22.077Z,5.4342,39,SYNTH
2026-04-21 13:32:23.011Z,5.4275,64,SYNTH
2026-04-21 13:32:24.417Z,5.4260,31,SYNTH
2026-04-21 13:32:25.851Z,5.4225,35,SYNTH
2026-04-21 13:32:26.741Z,5.4247,39,SYNTH
2026-04-21 13:32:27.066Z,5.4185,38,SYNTH
2026-04-21 13:32:28.080Z,5.4186,67,SYNTH
2026-04-21 13:32:29.714Z,5.4189,62,SYNTH
2026-04-21 13:32:30.434Z,5.4145,58,SYNTH
2026-04-21 13:32:31.033Z,5.4149,46,SYNTH
2026-04-21 13:32:32.106Z,5.4141,68,SYNTH
2026-04-21 13:32:33.351Z,5.4110,43,SYNTH
2026-04-21 13:32:34.532Z,5.4115,55,SYNTH
2026-04-21 13:32:35.488Z,5.4094,66,SYNTH
2026-04-21 13:32:36.177Z,5.4091,31,SYNTH
2026-04-21 13:32:37.512Z,5.4088,78,SYNTH
2026-04-21 13:32:38.173Z,5.4131,154,SYNTH
2026-04-21 13:32:39.160Z,5.4056,81,SYNTH
2026-04-21 13:32:40.285Z,5.4130,81,SYNTH
2026-04-21 13:32:41.138Z,5.4079,72,SYNTH
2026-04-21 13:32:42.042Z,5.4150,33,SYNTH
2026-04-21 13:32:43.040Z,5.4080,64,SYNTH
2026-04-21 13:32:44.587Z,5.4148,73,SYNTH
2026-04-21 13:32:45.892Z,5.4149,117,SYNTH
2026-04-21 13:32:46.508Z,5.4069,59,SYNTH
2026-04-21 13:32:47.278Z,5.4130,72,SYNTH
2026-04-21 13:32:48.567Z,5.4085,48,SYNTH
2026-04-21 13:32:49.311Z,5.4149,63,SYNTH
2026-04-21 13:32:50.635Z,5.4074,69,SYNTH
2026-04-21 13:32:51.123Z,5.4074,67,SYNTH
2026-04-21 13:32:52.764Z,5.4139,39,SYNTH
2026-04-21 13:32:53.099Z,5.4118,79,SYNTH
2026-04-21 13:32:54.065Z,5.4137,70,SYNTH
2026-04-21 13:32:55.340Z,5.4084,57,SYNTH
2026-04-21 13:32:56.603Z,5.4078,57,SYNTH
2026-04-21 13:32:57.506Z,5.4051,58,SYNTH
2026-04-21 13:32:58.567Z,5.4115,63,SYNTH
2026-04-21 13:32:59.436Z,5.4121,52,SYNTH
2026-04-21 13:33:00.169Z,5.4335,100,SYNTH
2026-04-21 13:33:01.773Z,5.4345,169,SYNTH
2026-04-21 13:33:02.650Z,5.4284,147,SYNTH
2026-04-21 13:33:03.232Z,5.4261,89,SYNTH
2026-04-21 13:33:04.791Z,5.4232,168,SYNTH
2026-04-21 13:33:05.027Z,5.4201,68,SYNTH
2026-04-21 13:33:06.530Z,5.4181,128,SYNTH
2026-04-21 13:33:07.815Z,5.4180,122,SYNTH
2026-04-21 13:33:08.839Z,5.4121,120,SYNTH
2026-04-21 13:33:09.298Z,5.4094,151,SYNTH
2026-04-21 13:33:10.823Z,5.4140,89,SYNTH
2026-04-21 13:33:11.548Z,5.4087,236,SYNTH
2026-04-21 13:33:12.156Z,5.4152,333,SYNTH
2026-04-21 13:33:13.168Z,5.4085,176,SYNTH
2026-04-21 13:33:14.000Z,5.4089,83,SYNTH
2026-04-21 13:33:15.840Z,5.4145,57,SYNTH
2026-04-21 13:33:16.475Z,5.4164,162,SYNTH
2026-04-21 13:33:17.179Z,5.4160,133,SYNTH
2026-04-21 13:33:18.689Z,5.4120,103,SYNTH
2026-04-21 13:33:19.177Z,5.4179,121,SYNTH
2026-04-21 13:33:20.225Z,5.4162,70,SYNTH
2026-04-21 13:33:21.184Z,5.4185,50,SYNTH
2026-04-21 13:33:22.556Z,5.4185,59,SYNTH
2026-04-21 13:33:23.139Z,5.4129,62,SYNTH
2026-04-21 13:33:24.795Z,5.4189,104,SYNTH
2026-04-21 13:33:25.611Z,5.4217,90,SYNTH
2026-04-21 13:33:26.872Z,5.4200,110,SYNTH
2026-04-21 13:33:27.646Z,5.4211,78,SYNTH
2026-04-21 13:33:28.426Z,5.4240,89,SYNTH
2026-04-21 13:33:29.576Z,5.4218,108,SYNTH
2026-04-21 13:33:30.897Z,5.4272,68,SYNTH
2026-04-21 13:33:31.841Z,5.4300,61,SYNTH
2026-04-21 13:33:32.743Z,5.4231,63,SYNTH
2026-04-21 13:33:33.373Z,5.4302,106,SYNTH
2026-04-21 13:33:34.669Z,5.4263,118,SYNTH
2026-04-21 13:33:35.627Z,5.4300,101,SYNTH
2026-04-21 13:33:36.431Z,5.4290,84,SYNTH
2026-04-21 13:33:37.774Z,5.4330,188,SYNTH
2026-04-21 13:33:38.094Z,5.4268,260,SYNTH
2026-04-21 13:33:39.379Z,5.4278,281,SYNTH
2026-04-21 13:33:40.798Z,5.4336,228,SYNTH
2026-04-21 13:33:41.635Z,5.4289,56,SYNTH
2026-04-21 13:33:42.826Z,5.4278,125,SYNTH
2026-04-21 13:33:43.538Z,5.4266,120,SYNTH
2026-04-21 13:33:44.508Z,5.4248,101,SYNTH
2026-04-21 13:33:45.358Z,5.4305,195,SYNTH
2026-04-21 13:33:46.447Z,5.4327,209,SYNTH
2026-04-21 13:33:47.448Z,5.4320,203,SYNTH
2026-04-21 13:33:48.227Z,5.4259,124,SYNTH
2026-04-21 13:33:49.268Z,5.4326,90,SYNTH
2026-04-21 13:33:50.015Z,5.4319,79,SYNTH
2026-04-21 13:33:51.856Z,5.4292,139,SYNTH
2026-04-21 13:33:52.469Z,5.4265,77,SYNTH
2026-04-21 13:33:53.784Z,5.4326,160,SYNTH
2026-04-21 13:33:54.818Z,5.4278,116,SYNTH
2026-04-21 13:33:55.055Z,5.4309,140,SYNTH
2026-04-21 13:33:56.589Z,5.4319,141,SYNTH
2026-04-21 13:33:57.205Z,5.4289,101,SYNTH
2026-04-21 13:33:58.797Z,5.4317,171,SYNTH
2026-04-21 13:33:59.368Z,5.4286,92,SYNTH
2026-04-21 13:34:00.866Z,5.4012,237,SYNTH
2026-04-21 13:34:01.350Z,5.3964,130,SYNTH
2026-04-21 13:34:02.453Z,5.3957,185,SYNTH
2026-04-21 13:34:03.307Z,5.3922,191,SYNTH
2026-04-21 13:34:04.300Z,5.3899,159,SYNTH
2026-04-21 13:34:05.513Z,5.3877,184,SYNTH
2026-04-21 13:34:06.121Z,5.3827,176,SYNTH
2026-04-21 13:34:07.660Z,5.3776,151,SYNTH
2026-04-21 13:34:08.002Z,5.3727,142,SYNTH
2026-04-21 13:34:09.464Z,5.3733,104,SYNTH
2026-04-21 13:34:10.441Z,5.3701,161,SYNTH
2026-04-21 13:34:11.533Z,5.3699,308,SYNTH
2026-04-21 13:34:12.564Z,5.3740,400,SYNTH
2026-04-21 13:34:13.395Z,5.3729,253,SYNTH
2026-04-21 13:34:14.275Z,5.3748,141,SYNTH
2026-04-21 13:34:15.261Z,5.3771,133,SYNTH
2026-04-21 13:34:16.253Z,5.3790,135,SYNTH
2026-04-21 13:34:17.504Z,5.3822,181,SYNTH
2026-04-21 13:34:18.186Z,5.3738,199,SYNTH
2026-04-21 13:34:19.037Z,5.3821,202,SYNTH
2026-04-21 13:34:20.107Z,5.3817,164,SYNTH
2026-04-21 13:34:21.812Z,5.3832,148,SYNTH
2026-04-21 13:34:22.864Z,5.3861,90,SYNTH
2026-04-21 13:34:23.551Z,5.3883,71,SYNTH
2026-04-21 13:34:24.661Z,5.3940,137,SYNTH
2026-04-21 13:34:25.771Z,5.3969,152,SYNTH
2026-04-21 13:34:26.614Z,5.3980,140,SYNTH
2026-04-21 13:34:27.100Z,5.4049,130,SYNTH
2026-04-21 13:34:28.611Z,5.4066,76,SYNTH
2026-04-21 13:34:29.053Z,5.4103,73,SYNTH
2026-04-21 13:34:30.076Z,5.4142,119,SYNTH
2026-04-21 13:34:31.691Z,5.4160,106,SYNTH
2026-04-21 13:34:32.422Z,5.4197,68,SYNTH
2026-04-21 13:34:33.247Z,5.4223,115,SYNTH
2026-04-21 13:34:34.682Z,5.4265,151,SYNTH
2026-04-21 13:34:35.112Z,5.4289,64,SYNTH
2026-04-21 13:34:36.877Z,5.4314,80,SYNTH
2026-04-21 13:34:37.450Z,5.4306,306,SYNTH
2026-04-21 13:34:38.704Z,5.4348,290,SYNTH
2026-04-21 13:34:39.251Z,5.4329,202,SYNTH
2026-04-21 13:34:40.874Z,5.4260,277,SYNTH
2026-04-21 13:34:41.592Z,5.4302,125,SYNTH
2026-04-21 13:34:42.453Z,5.4267,158,SYNTH
2026-04-21 13:34:43.769Z,5.4314,108,SYNTH
2026-04-21 13:34:44.366Z,5.4319,82,SYNTH
2026-04-21 13:34:45.414Z,5.4248,123,SYNTH
2026-04-21 13:34:46.258Z,5.4326,149,SYNTH
2026-04-21 13:34:47.780Z,5.4241,275,SYNTH
2026-04-21 13:34:48.253Z,5.4238,130,SYNTH
2026-04-21 13:34:49.843Z,5.4317,81,SYNTH
2026-04-21 13:34:50.883Z,5.4318,100,SYNTH
2026-04-21 13:34:51.558Z,5.4253,142,SYNTH
2026-04-21 13:34:52.156Z,5.4269,168,SYNTH
2026-04-21 13:34:53.780Z,5.4321,141,SYNTH
2026-04-21 13:34:54.073Z,5.4309,97,SYNTH
2026-04-21 13:34:55.272Z,5.4334,164,SYNTH
2026-04-21 13:34:56.405Z,5.4331,105,SYNTH
2026-04-21 13:34:57.240Z,5.4313,128,SYNTH
2026-04-21 13:34:58.582Z,5.4288,121,SYNTH
2026-04-21 13:34:59.780Z,5.4301,207,SYNTH
2026-04-21 13:35:00.850Z,5.4260,454,SYNTH
2026-04-21 13:35:01.872Z,5.4207,415,SYNTH
2026-04-21 13:35:02.483Z,5.4215,416,SYNTH
2026-04-21 13:35:03.666Z,5.4167,388,SYNTH
2026-04-21 13:35:04.269Z,5.4180,405,SYNTH
2026-04-21 13:35:05.706Z,5.4137,265,SYNTH
2026-04-21 13:35:06.458Z,5.4092,220,SYNTH
2026-04-21 13:35:07.479Z,5.4051,196,SYNTH
2026-04-21 13:35:08.357Z,5.4037,384,SYNTH
2026-04-21 13:35:09.571Z,5.4021,230,SYNTH
2026-04-21 13:35:10.498Z,5.3984,213,SYNTH
2026-04-21 13:35:11.592Z,5.3984,497,SYNTH
2026-04-21 13:35:12.545Z,5.3974,594,SYNTH
2026-04-21 13:35:13.555Z,5.4049,806,SYNTH
2026-04-21 13:35:14.796Z,5.4039,215,SYNTH
2026-04-21 13:35:15.639Z,5.4060,143,SYNTH
2026-04-21 13:35:16.606Z,5.4060,585,SYNTH
2026-04-21 13:35:17.627Z,5.4116,532,SYNTH
2026-04-21 13:35:18.327Z,5.4105,288,SYNTH
2026-04-21 13:35:19.505Z,5.4054,249,SYNTH
2026-04-21 13:35:20.067Z,5.4140,188,SYNTH
2026-04-21 13:35:21.115Z,5.4090,162,SYNTH
2026-04-21 13:35:22.414Z,5.4155,173,SYNTH
2026-04-21 13:35:23.635Z,5.4146,129,SYNTH
2026-04-21 13:35:24.221Z,5.4212,140,SYNTH
2026-04-21 13:35:25.000Z,5.4209,185,SYNTH
2026-04-21 13:35:26.351Z,5.4244,223,SYNTH
2026-04-21 13:35:27.574Z,5.4260,215,SYNTH
2026-04-21 13:35:28.824Z,5.4297,230,SYNTH
2026-04-21 13:35:29.776Z,5.4354,287,SYNTH
2026-04-21 13:35:30.842Z,5.4371,281,SYNTH
2026-04-21 13:35:31.106Z,5.4392,125,SYNTH
2026-04-21 13:35:32.801Z,5.4415,162,SYNTH
2026-04-21 13:35:33.681Z,5.4450,153,SYNTH
2026-04-21 13:35:34.769Z,5.4470,148,SYNTH
2026-04-21 13:35:35.793Z,5.4500,310,SYNTH
2026-04-21 13:35:36.895Z,5.4469,220,SYNTH
2026-04-21 13:35:37.407Z,5.4531,557,SYNTH
2026-04-21 13:35:38.709Z,5.4542,440,SYNTH
2026-04-21 13:35:39.762Z,5.4548,524,SYNTH
2026-04-21 13:35:40.250Z,5.4484,747,SYNTH
2026-04-21 13:35:41.003Z,5.4484,326,SYNTH
2026-04-21 13:35:42.790Z,5.4483,310,SYNTH
2026-04-21 13:35:43.064Z,5.4497,189,SYNTH
2026-04-21 13:35:44.272Z,5.4457,169,SYNTH
2026-04-21 13:35:45.635Z,5.4443,433,SYNTH
2026-04-21 13:35:46.658Z,5.4507,364,SYNTH
2026-04-21 13:35:47.733Z,5.4466,516,SYNTH
2026-04-21 13:35:48.181Z,5.4434,235,SYNTH
2026-04-21 13:35:49.531Z,5.4479,164,SYNTH
2026-04-21 13:35:50.665Z,5.4446,346,SYNTH
2026-04-21 13:35:51.882Z,5.4492,196,SYNTH
2026-04-21 13:35:52.885Z,5.4424,382,SYNTH
2026-04-21 13:35:53.003Z,5.4418,194,SYNTH
2026-04-21 13:35:54.095Z,5.4423,315,SYNTH
2026-04-21 13:35:55.066Z,5.4470,267,SYNTH
2026-04-21 13:35:56.046Z,5.4429,220,SYNTH
2026-04-21 13:35:57.441Z,5.4463,332,SYNTH
2026-04-21 13:35:58.366Z,5.4432,280,SYNTH
2026-04-21 13:35:59.544Z,5.4480,402,SYNTH
2026-04-21 13:36:00.088Z,5.4475,139,SYNTH
2026-04-21 13:36:01.232Z,5.4431,212,SYNTH
2026-04-21 13:36:02.249Z,5.4444,218,SYNTH
2026-04-21 13:36:03.568Z,5.4475,193,SYNTH
2026-04-21 13:36:04.167Z,5.4428,171,SYNTH
2026-04-21 13:36:05.268Z,5.4481,238,SYNTH
2026-04-21 13:36:06.509Z,5.4418,118,SYNTH
2026-04-21 13:36:07.459Z,5.4488,136,SYNTH
2026-04-21 13:36:08.313Z,5.4429,165,SYNTH
2026-04-21 13:36:09.299Z,5.4465,98,SYNTH
2026-04-21 13:36:10.631Z,5.4426,139,SYNTH
2026-04-21 13:36:11.148Z,5.4407,287,SYNTH
2026-04-21 13:36:12.209Z,5.4463,247,SYNTH
2026-04-21 13:36:13.727Z,5.4417,400,SYNTH
2026-04-21 13:36:14.215Z,5.4410,185,SYNTH
2026-04-21 13:36:15.223Z,5.4477,187,SYNTH
2026-04-21 13:36:16.081Z,5.4498,211,SYNTH
2026-04-21 13:36:17.479Z,5.4446,144,SYNTH
2026-04-21 13:36:18.081Z,5.4457,150,SYNTH
2026-04-21 13:36:19.288Z,5.4412,202,SYNTH
2026-04-21 13:36:20.294Z,5.4396,123,SYNTH
2026-04-21 13:36:21.028Z,5.4384,80,SYNTH
2026-04-21 13:36:22.073Z,5.4371,143,SYNTH
2026-04-21 13:36:23.205Z,5.4325,113,SYNTH
2026-04-21 13:36:24.526Z,5.4327,85,SYNTH
2026-04-21 13:36:25.043Z,5.4262,162,SYNTH
2026-04-21 13:36:26.217Z,5.4224,83,SYNTH
2026-04-21 13:36:27.883Z,5.4191,90,SYNTH
2026-04-21 13:36:28.046Z,5.4157,163,SYNTH
2026-04-21 13:36:29.214Z,5.4115,127,SYNTH
2026-04-21 13:36:30.181Z,5.4075,72,SYNTH
2026-04-21 13:36:31.576Z,5.4010,74,SYNTH
2026-04-21 13:36:32.699Z,5.4007,109,SYNTH
2026-04-21 13:36:33.632Z,5.3971,145,SYNTH
2026-04-21 13:36:34.590Z,5.3963,101,SYNTH
2026-04-21 13:36:35.478Z,5.3898,77,SYNTH
2026-04-21 13:36:36.043Z,5.3908,100,SYNTH
2026-04-21 13:36:37.402Z,5.3879,352,SYNTH
2026-04-21 13:36:38.511Z,5.3889,258,SYNTH
2026-04-21 13:36:39.208Z,5.3930,201,SYNTH
2026-04-21 13:36:40.064Z,5.3944,250,SYNTH
2026-04-21 13:36:41.667Z,5.3883,130,SYNTH
2026-04-21 13:36:42.438Z,5.3949,122,SYNTH
2026-04-21 13:36:43.711Z,5.3961,80,SYNTH
2026-04-21 13:36:44.897Z,5.3954,115,SYNTH
2026-04-21 13:36:45.208Z,5.4002,243,SYNTH
2026-04-21 13:36:46.454Z,5.3913,200,SYNTH
2026-04-21 13:36:47.378Z,5.3925,234,SYNTH
2026-04-21 13:36:48.656Z,5.3928,172,SYNTH
2026-04-21 13:36:49.127Z,5.3978,100,SYNTH
2026-04-21 13:36:50.510Z,5.3896,171,SYNTH
2026-04-21 13:36:51.462Z,5.3946,112,SYNTH
2026-04-21 13:36:52.829Z,5.3917,98,SYNTH
2026-04-21 13:36:53.372Z,5.3888,202,SYNTH
2026-04-21 13:36:54.194Z,5.3879,184,SYNTH
2026-04-21 13:36:55.043Z,5.3964,180,SYNTH
2026-04-21 13:36:56.163Z,5.3879,222,SYNTH
2026-04-21 13:36:57.496Z,5.3918,119,SYNTH
2026-04-21 13:36:58.102Z,5.3922,227,SYNTH
2026-04-21 13:36:59.752Z,5.3883,185,SYNTH
2026-04-21 13:37:00.077Z,5.3714,128,SYNTH
2026-04-21 13:37:01.593Z,5.3672,66,SYNTH
2026-04-21 13:37:02.453Z,5.3719,68,SYNTH
2026-04-21 13:37:03.512Z,5.3731,93,SYNTH
2026-04-21 13:37:04.839Z,5.3693,69,SYNTH
2026-04-21 13:37:05.401Z,5.3736,64,SYNTH
2026-04-21 13:37:06.111Z,5.3775,109,SYNTH
2026-04-21 13:37:07.518Z,5.3721,53,SYNTH
2026-04-21 13:37:08.532Z,5.3756,60,SYNTH
2026-04-21 13:37:09.472Z,5.3757,43,SYNTH
2026-04-21 13:37:10.696Z,5.3714,81,SYNTH
2026-04-21 13:37:11.248Z,5.3762,112,SYNTH
2026-04-21 13:37:12.578Z,5.3789,194,SYNTH
2026-04-21 13:37:13.646Z,5.3736,206,SYNTH
2026-04-21 13:37:14.107Z,5.3744,78,SYNTH
2026-04-21 13:37:15.332Z,5.3744,45,SYNTH
2026-04-21 13:37:16.377Z,5.3717,156,SYNTH
2026-04-21 13:37:17.068Z,5.3764,111,SYNTH
2026-04-21 13:37:18.739Z,5.3738,93,SYNTH
2026-04-21 13:37:19.397Z,5.3778,121,SYNTH
2026-04-21 13:37:20.280Z,5.3710,47,SYNTH
2026-04-21 13:37:21.495Z,5.3713,80,SYNTH
2026-04-21 13:37:22.527Z,5.3748,81,SYNTH
2026-04-21 13:37:23.640Z,5.3745,70,SYNTH
2026-04-21 13:37:24.605Z,5.3688,52,SYNTH
2026-04-21 13:37:25.564Z,5.3675,49,SYNTH
2026-04-21 13:37:26.726Z,5.3683,73,SYNTH
2026-04-21 13:37:27.600Z,5.3698,55,SYNTH
2026-04-21 13:37:28.645Z,5.3668,49,SYNTH
2026-04-21 13:37:29.500Z,5.3639,39,SYNTH
2026-04-21 13:37:30.460Z,5.3620,34,SYNTH
2026-04-21 13:37:31.465Z,5.3620,58,SYNTH
2026-04-21 13:37:32.704Z,5.3610,67,SYNTH
2026-04-21 13:37:33.121Z,5.3666,40,SYNTH
2026-04-21 13:37:34.541Z,5.3601,39,SYNTH
2026-04-21 13:37:35.303Z,5.3589,62,SYNTH
2026-04-21 13:37:36.355Z,5.3566,34,SYNTH
2026-04-21 13:37:37.236Z,5.3576,205,SYNTH
2026-04-21 13:37:38.347Z,5.3608,198,SYNTH
2026-04-21 13:37:39.146Z,5.3641,87,SYNTH
2026-04-21 13:37:40.054Z,5.3630,138,SYNTH
2026-04-21 13:37:41.380Z,5.3578,60,SYNTH
2026-04-21 13:37:42.060Z,5.3612,56,SYNTH
2026-04-21 13:37:43.555Z,5.3568,52,SYNTH
2026-04-21 13:37:44.729Z,5.3637,62,SYNTH
2026-04-21 13:37:45.482Z,5.3658,109,SYNTH
2026-04-21 13:37:46.500Z,5.3660,71,SYNTH
2026-04-21 13:37:47.787Z,5.3609,86,SYNTH
2026-04-21 13:37:48.657Z,5.3597,52,SYNTH
2026-04-21 13:37:49.103Z,5.3563,74,SYNTH
2026-04-21 13:37:50.177Z,5.3617,98,SYNTH
2026-04-21 13:37:51.338Z,5.3628,65,SYNTH
2026-04-21 13:37:52.232Z,5.3591,75,SYNTH
2026-04-21 13:37:53.899Z,5.3650,85,SYNTH
2026-04-21 13:37:54.885Z,5.3578,55,SYNTH
2026-04-21 13:37:55.305Z,5.3651,63,SYNTH
2026-04-21 13:37:56.686Z,5.3554,116,SYNTH
2026-04-21 13:37:57.836Z,5.3633,68,SYNTH
2026-04-21 13:37:58.146Z,5.3631,78,SYNTH
2026-04-21 13:37:59.380Z,5.3566,73,SYNTH
2026-04-21 13:38:00.819Z,5.3821,166,SYNTH
2026-04-21 13:38:01.701Z,5.3829,110,SYNTH
2026-04-21 13:38:02.749Z,5.3798,95,SYNTH
2026-04-21 13:38:03.497Z,5.3843,197,SYNTH
2026-04-21 13:38:04.534Z,5.3763,79,SYNTH
2026-04-21 13:38:05.060Z,5.3768,136,SYNTH
2026-04-21 13:38:06.537Z,5.3830,109,SYNTH
2026-04-21 13:38:07.209Z,5.3779,138,SYNTH
2026-04-21 13:38:08.356Z,5.3833,115,SYNTH
2026-04-21 13:38:09.762Z,5.3774,74,SYNTH
2026-04-21 13:38:10.288Z,5.3765,165,SYNTH
2026-04-21 13:38:11.343Z,5.3830,317,SYNTH
2026-04-21 13:38:12.097Z,5.3761,170,SYNTH
2026-04-21 13:38:13.810Z,5.3815,307,SYNTH
2026-04-21 13:38:14.064Z,5.3847,86,SYNTH
2026-04-21 13:38:15.762Z,5.3810,71,SYNTH
2026-04-21 13:38:16.331Z,5.3775,142,SYNTH
2026-04-21 13:38:17.698Z,5.3822,271,SYNTH
2026-04-21 13:38:18.130Z,5.3779,179,SYNTH
2026-04-21 13:38:19.152Z,5.3750,240,SYNTH
2026-04-21 13:38:20.843Z,5.3813,120,SYNTH
2026-04-21 13:38:21.714Z,5.3769,82,SYNTH
2026-04-21 13:38:22.866Z,5.3834,135,SYNTH
2026-04-21 13:38:23.032Z,5.3843,106,SYNTH
2026-04-21 13:38:24.828Z,5.3842,134,SYNTH
2026-04-21 13:38:25.700Z,5.3780,125,SYNTH
2026-04-21 13:38:26.388Z,5.3802,93,SYNTH
2026-04-21 13:38:27.724Z,5.3831,78,SYNTH
2026-04-21 13:38:28.522Z,5.3866,134,SYNTH
2026-04-21 13:38:29.082Z,5.3805,91,SYNTH
2026-04-21 13:38:30.808Z,5.3861,67,SYNTH
2026-04-21 13:38:31.833Z,5.3793,64,SYNTH
2026-04-21 13:38:32.825Z,5.3840,77,SYNTH
2026-04-21 13:38:33.789Z,5.3852,130,SYNTH
2026-04-21 13:38:34.445Z,5.3803,87,SYNTH
2026-04-21 13:38:35.682Z,5.3820,132,SYNTH
2026-04-21 13:38:36.238Z,5.3890,73,SYNTH
2026-04-21 13:38:37.840Z,5.3832,181,SYNTH
2026-04-21 13:38:38.629Z,5.3862,322,SYNTH
2026-04-21 13:38:39.350Z,5.3889,217,SYNTH
2026-04-21 13:38:40.705Z,5.3824,222,SYNTH
2026-04-21 13:38:41.413Z,5.3807,89,SYNTH
2026-04-21 13:38:42.663Z,5.3882,81,SYNTH
2026-04-21 13:38:43.672Z,5.3881,86,SYNTH
2026-04-21 13:38:44.740Z,5.3817,151,SYNTH
2026-04-21 13:38:45.685Z,5.3834,145,SYNTH
2026-04-21 13:38:46.107Z,5.3813,157,SYNTH
2026-04-21 13:38:47.192Z,5.3884,151,SYNTH
2026-04-21 13:38:48.665Z,5.3846,143,SYNTH
2026-04-21 13:38:49.687Z,5.3835,136,SYNTH
2026-04-21 13:38:50.733Z,5.3818,162,SYNTH
2026-04-21 13:38:51.011Z,5.3884,158,SYNTH
2026-04-21 13:38:52.065Z,5.3828,150,SYNTH
2026-04-21 13:38:53.879Z,5.3867,101,SYNTH
2026-04-21 13:38:54.264Z,5.3895,161,SYNTH
2026-04-21 13:38:55.133Z,5.3821,112,SYNTH
2026-04-21 13:38:56.204Z,5.3861,134,SYNTH
2026-04-21 13:38:57.891Z,5.3868,166,SYNTH
2026-04-21 13:38:58.325Z,5.3830,117,SYNTH
2026-04-21 13:38:59.874Z,5.3840,191,SYNTH
2026-04-21 13:39:00.197Z,5.3728,72,SYNTH
2026-04-21 13:39:01.505Z,5.3670,89,SYNTH
2026-04-21 13:39:02.460Z,5.3715,54,SYNTH
2026-04-21 13:39:03.869Z,5.3691,48,SYNTH
2026-04-21 13:39:04.700Z,5.3684,51,SYNTH
2026-04-21 13:39:05.217Z,5.3729,60,SYNTH
2026-04-21 13:39:06.316Z,5.3693,74,SYNTH
2026-04-21 13:39:07.723Z,5.3670,71,SYNTH
2026-04-21 13:39:08.577Z,5.3674,68,SYNTH
2026-04-21 13:39:09.309Z,5.3726,44,SYNTH
2026-04-21 13:39:10.534Z,5.3709,44,SYNTH
2026-04-21 13:39:11.185Z,5.3652,138,SYNTH
2026-04-21 13:39:12.364Z,5.3728,158,SYNTH
2026-04-21 13:39:13.586Z,5.3708,114,SYNTH
2026-04-21 13:39:14.039Z,5.3655,54,SYNTH
2026-04-21 13:39:15.435Z,5.3727,61,SYNTH
2026-04-21 13:39:16.883Z,5.3725,108,SYNTH
2026-04-21 13:39:17.373Z,5.3685,121,SYNTH
2026-04-21 13:39:18.216Z,5.3720,104,SYNTH
2026-04-21 13:39:19.189Z,5.3673,63,SYNTH
2026-04-21 13:39:20.879Z,5.3745,36,SYNTH
2026-04-21 13:39:21.598Z,5.3673,35,SYNTH
2026-04-21 13:39:22.127Z,5.3698,68,SYNTH
2026-04-21 13:39:23.695Z,5.3726,58,SYNTH
2026-04-21 13:39:24.052Z,5.3741,63,SYNTH
2026-04-21 13:39:25.148Z,5.3760,33,SYNTH
2026-04-21 13:39:26.862Z,5.3752,64,SYNTH
2026-04-21 13:39:27.027Z,5.3761,61,SYNTH
2026-04-21 13:39:28.697Z,5.3735,62,SYNTH
2026-04-21 13:39:29.195Z,5.3757,42,SYNTH
2026-04-21 13:39:30.328Z,5.3789,63,SYNTH
2026-04-21 13:39:31.897Z,5.3794,58,SYNTH
2026-04-21 13:39:32.240Z,5.3755,55,SYNTH
2026-04-21 13:39:33.231Z,5.3801,45,SYNTH
2026-04-21 13:39:34.410Z,5.3811,57,SYNTH
2026-04-21 13:39:35.457Z,5.3827,63,SYNTH
2026-04-21 13:39:36.173Z,5.3781,51,SYNTH
2026-04-21 13:39:37.755Z,5.3844,78,SYNTH
2026-04-21 13:39:38.630Z,5.3783,134,SYNTH
2026-04-21 13:39:39.479Z,5.3809,82,SYNTH
2026-04-21 13:39:40.229Z,5.3839,112,SYNTH
2026-04-21 13:39:41.585Z,5.3827,38,SYNTH
2026-04-21 13:39:42.555Z,5.3837,47,SYNTH
2026-04-21 13:39:43.839Z,5.3764,63,SYNTH
2026-04-21 13:39:44.498Z,5.3818,37,SYNTH
2026-04-21 13:39:45.180Z,5.3824,111,SYNTH
2026-04-21 13:39:46.557Z,5.3765,68,SYNTH
2026-04-21 13:39:47.745Z,5.3790,60,SYNTH
2026-04-21 13:39:48.201Z,5.3772,75,SYNTH
2026-04-21 13:39:49.377Z,5.3817,45,SYNTH
2026-04-21 13:39:50.438Z,5.3775,35,SYNTH
2026-04-21 13:39:51.878Z,5.3759,73,SYNTH
2026-04-21 13:39:52.310Z,5.3767,41,SYNTH
2026-04-21 13:39:53.243Z,5.3833,55,SYNTH
2026-04-21 13:39:54.048Z,5.3785,84,SYNTH
2026-04-21 13:39:55.736Z,5.3782,74,SYNTH
2026-04-21 13:39:56.240Z,5.3821,44,SYNTH
2026-04-21 13:39:57.712Z,5.3772,53,SYNTH
2026-04-21 13:39:58.595Z,5.3759,80,SYNTH
2026-04-21 13:39:59.257Z,5.3836,86,SYNTH
2026-04-21 13:40:00.354Z,5.3867,120,SYNTH
2026-04-21 13:40:01.128Z,5.3817,191,SYNTH
2026-04-21 13:40:02.730Z,5.3826,144,SYNTH
2026-04-21 13:40:03.097Z,5.3780,155,SYNTH
2026-04-21 13:40:04.661Z,5.3760,148,SYNTH
2026-04-21 13:40:05.888Z,5.3769,105,SYNTH
2026-04-21 13:40:06.609Z,5.3755,165,SYNTH
2026-04-21 13:40:07.545Z,5.3725,77,SYNTH
2026-04-21 13:40:08.853Z,5.3706,152,SYNTH
2026-04-21 13:40:09.120Z,5.3693,115,SYNTH
2026-04-21 13:40:10.000Z,5.3686,123,SYNTH
2026-04-21 13:40:11.673Z,5.3735,341,SYNTH
2026-04-21 13:40:12.665Z,5.3689,226,SYNTH
2026-04-21 13:40:13.892Z,5.3691,246,SYNTH
2026-04-21 13:40:14.042Z,5.3741,98,SYNTH
2026-04-21 13:40:15.804Z,5.3755,102,SYNTH
2026-04-21 13:40:16.423Z,5.3692,164,SYNTH
2026-04-21 13:40:17.830Z,5.3738,165,SYNTH
2026-04-21 13:40:18.050Z,5.3768,200,SYNTH
2026-04-21 13:40:19.155Z,5.3766,117,SYNTH
2026-04-21 13:40:20.324Z,5.3712,98,SYNTH
2026-04-21 13:40:21.080Z,5.3761,124,SYNTH
2026-04-21 13:40:22.532Z,5.3786,107,SYNTH
2026-04-21 13:40:23.812Z,5.3723,124,SYNTH
2026-04-21 13:40:24.002Z,5.3801,76,SYNTH
2026-04-21 13:40:25.765Z,5.3778,79,SYNTH
2026-04-21 13:40:26.574Z,5.3808,71,SYNTH
2026-04-21 13:40:27.273Z,5.3808,93,SYNTH
2026-04-21 13:40:28.779Z,5.3837,55,SYNTH
2026-04-21 13:40:29.707Z,5.3791,58,SYNTH
2026-04-21 13:40:30.386Z,5.3827,122,SYNTH
2026-04-21 13:40:31.005Z,5.3796,119,SYNTH
2026-04-21 13:40:32.549Z,5.3840,61,SYNTH
2026-04-21 13:40:33.141Z,5.3830,101,SYNTH
2026-04-21 13:40:34.487Z,5.3826,61,SYNTH
2026-04-21 13:40:35.788Z,5.3832,125,SYNTH
2026-04-21 13:40:36.061Z,5.3869,55,SYNTH
2026-04-21 13:40:37.222Z,5.3853,185,SYNTH
2026-04-21 13:40:38.604Z,5.3899,153,SYNTH
2026-04-21 13:40:39.800Z,5.3807,206,SYNTH
2026-04-21 13:40:40.831Z,5.3895,178,SYNTH
2026-04-21 13:40:41.337Z,5.3831,77,SYNTH
2026-04-21 13:40:42.887Z,5.3869,55,SYNTH
2026-04-21 13:40:43.516Z,5.3828,104,SYNTH
2026-04-21 13:40:44.839Z,5.3805,82,SYNTH
2026-04-21 13:40:45.392Z,5.3866,169,SYNTH
2026-04-21 13:40:46.137Z,5.3815,182,SYNTH
2026-04-21 13:40:47.716Z,5.3869,206,SYNTH
2026-04-21 13:40:48.357Z,5.3824,108,SYNTH
2026-04-21 13:40:49.478Z,5.3852,110,SYNTH
2026-04-21 13:40:50.321Z,5.3867,135,SYNTH
2026-04-21 13:40:51.823Z,5.3834,85,SYNTH
2026-04-21 13:40:52.873Z,5.3862,132,SYNTH
2026-04-21 13:40:53.481Z,5.3852,138,SYNTH
2026-04-21 13:40:54.839Z,5.3879,145,SYNTH
2026-04-21 13:40:55.226Z,5.3865,142,SYNTH
2026-04-21 13:40:56.056Z,5.3815,130,SYNTH
2026-04-21 13:40:57.261Z,5.3859,86,SYNTH
2026-04-21 13:40:58.100Z,5.3835,140,SYNTH
2026-04-21 13:40:59.498Z,5.3819,147,SYNTH
2026-04-21 13:41:00.004Z,5.3818,234,SYNTH
2026-04-21 13:41:01.762Z,5.3825,173,SYNTH
2026-04-21 13:41:02.374Z,5.3797,162,SYNTH
2026-04-21 13:41:03.349Z,5.3764,223,SYNTH
2026-04-21 13:41:04.718Z,5.3806,217,SYNTH
2026-04-21 13:41:05.227Z,5.3742,202,SYNTH
2026-04-21 13:41:06.303Z,5.3726,150,SYNTH
2026-04-21 13:41:07.244Z,5.3724,197,SYNTH
2026-04-21 13:41:08.490Z,5.3721,207,SYNTH
2026-04-21 13:41:09.886Z,5.3671,164,SYNTH
2026-04-21 13:41:10.570Z,5.3667,99,SYNTH
2026-04-21 13:41:11.278Z,5.3717,435,SYNTH
2026-04-21 13:41:12.162Z,5.3664,215,SYNTH
2026-04-21 13:41:13.650Z,5.3722,421,SYNTH
2026-04-21 13:41:14.544Z,5.3686,141,SYNTH
2026-04-21 13:41:15.816Z,5.3735,152,SYNTH
2026-04-21 13:41:16.601Z,5.3689,254,SYNTH
2026-04-21 13:41:17.009Z,5.3733,152,SYNTH
2026-04-21 13:41:18.533Z,5.3685,159,SYNTH
2026-04-21 13:41:19.645Z,5.3764,278,SYNTH
2026-04-21 13:41:20.212Z,5.3699,144,SYNTH
2026-04-21 13:41:21.325Z,5.3739,71,SYNTH
2026-04-21 13:41:22.527Z,5.3710,165,SYNTH
2026-04-21 13:41:23.151Z,5.3764,137,SYNTH
2026-04-21 13:41:24.757Z,5.3717,91,SYNTH
2026-04-21 13:41:25.076Z,5.3774,99,SYNTH
2026-04-21 13:41:26.521Z,5.3768,168,SYNTH
2026-04-21 13:41:27.570Z,5.3750,125,SYNTH
2026-04-21 13:41:28.623Z,5.3768,133,SYNTH
2026-04-21 13:41:29.340Z,5.3812,142,SYNTH
2026-04-21 13:41:30.054Z,5.3812,147,SYNTH
2026-04-21 13:41:31.207Z,5.3808,164,SYNTH
2026-04-21 13:41:32.007Z,5.3800,142,SYNTH
2026-04-21 13:41:33.678Z,5.3756,162,SYNTH
2026-04-21 13:41:34.145Z,5.3826,133,SYNTH
2026-04-21 13:41:35.242Z,5.3754,118,SYNTH
2026-04-21 13:41:36.629Z,5.3822,88,SYNTH
2026-04-21 13:41:37.655Z,5.3825,258,SYNTH
2026-04-21 13:41:38.362Z,5.3775,322,SYNTH
2026-04-21 13:41:39.263Z,5.3821,201,SYNTH
2026-04-21 13:41:40.686Z,5.3779,359,SYNTH
2026-04-21 13:41:41.275Z,5.3772,173,SYNTH
2026-04-21 13:41:42.322Z,5.3836,153,SYNTH
2026-04-21 13:41:43.432Z,5.3761,161,SYNTH
2026-04-21 13:41:44.157Z,5.3770,178,SYNTH
2026-04-21 13:41:45.370Z,5.3829,128,SYNTH
2026-04-21 13:41:46.689Z,5.3816,196,SYNTH
2026-04-21 13:41:47.884Z,5.3846,275,SYNTH
2026-04-21 13:41:48.374Z,5.3776,190,SYNTH
2026-04-21 13:41:49.853Z,5.3762,98,SYNTH
2026-04-21 13:41:50.180Z,5.3803,181,SYNTH
2026-04-21 13:41:51.610Z,5.3825,187,SYNTH
2026-04-21 13:41:52.704Z,5.3780,143,SYNTH
2026-04-21 13:41:53.235Z,5.3789,160,SYNTH
2026-04-21 13:41:54.035Z,5.3834,210,SYNTH
2026-04-21 13:41:55.740Z,5.3793,239,SYNTH
2026-04-21 13:41:56.486Z,5.3783,198,SYNTH
2026-04-21 13:41:57.072Z,5.3760,192,SYNTH
2026-04-21 13:41:58.371Z,5.3817,230,SYNTH
2026-04-21 13:41:59.725Z,5.3839,233,SYNTH
2026-04-21 13:42:00.444Z,5.3702,495,SYNTH
2026-04-21 13:42:01.236Z,5.3720,628,SYNTH
2026-04-21 13:42:02.555Z,5.3684,317,SYNTH
2026-04-21 13:42:03.570Z,5.3672,519,SYNTH
2026-04-21 13:42:04.192Z,5.3747,239,SYNTH
2026-04-21 13:42:05.502Z,5.3687,431,SYNTH
2026-04-21 13:42:06.046Z,5.3711,306,SYNTH
2026-04-21 13:42:07.655Z,5.3737,462,SYNTH
2026-04-21 13:42:08.080Z,5.3743,506,SYNTH
2026-04-21 13:42:09.300Z,5.3663,489,SYNTH
2026-04-21 13:42:10.715Z,5.3664,218,SYNTH
2026-04-21 13:42:11.728Z,5.3718,592,SYNTH
2026-04-21 13:42:12.826Z,5.3678,1042,SYNTH
2026-04-21 13:42:13.537Z,5.3679,982,SYNTH
2026-04-21 13:42:14.396Z,5.3737,218,SYNTH
2026-04-21 13:42:15.372Z,5.3723,375,SYNTH
2026-04-21 13:42:16.200Z,5.3664,426,SYNTH
2026-04-21 13:42:17.533Z,5.3735,494,SYNTH
2026-04-21 13:42:18.820Z,5.3716,733,SYNTH
2026-04-21 13:42:19.733Z,5.3673,503,SYNTH
2026-04-21 13:42:20.609Z,5.3683,272,SYNTH
2026-04-21 13:42:21.142Z,5.3666,400,SYNTH
2026-04-21 13:42:22.643Z,5.3675,421,SYNTH
2026-04-21 13:42:23.079Z,5.3623,178,SYNTH
2026-04-21 13:42:24.678Z,5.3679,287,SYNTH
2026-04-21 13:42:25.225Z,5.3647,378,SYNTH
2026-04-21 13:42:26.087Z,5.3618,367,SYNTH
2026-04-21 13:42:27.635Z,5.3584,313,SYNTH
2026-04-21 13:42:28.551Z,5.3586,269,SYNTH
2026-04-21 13:42:29.198Z,5.3636,279,SYNTH
2026-04-21 13:42:30.377Z,5.3566,218,SYNTH
2026-04-21 13:42:31.044Z,5.3555,196,SYNTH
2026-04-21 13:42:32.494Z,5.3526,407,SYNTH
2026-04-21 13:42:33.828Z,5.3538,280,SYNTH
2026-04-21 13:42:34.042Z,5.3511,346,SYNTH
2026-04-21 13:42:35.105Z,5.3499,191,SYNTH
2026-04-21 13:42:36.672Z,5.3524,390,SYNTH
2026-04-21 13:42:37.690Z,5.3484,998,SYNTH
2026-04-21 13:42:38.469Z,5.3529,879,SYNTH
2026-04-21 13:42:39.711Z,5.3537,591,SYNTH
2026-04-21 13:42:40.144Z,5.3476,750,SYNTH
2026-04-21 13:42:41.838Z,5.3544,400,SYNTH
2026-04-21 13:42:42.756Z,5.3494,378,SYNTH
2026-04-21 13:42:43.441Z,5.3526,455,SYNTH
2026-04-21 13:42:44.648Z,5.3562,257,SYNTH
2026-04-21 13:42:45.765Z,5.3500,497,SYNTH
2026-04-21 13:42:46.550Z,5.3498,482,SYNTH
2026-04-21 13:42:47.797Z,5.3567,540,SYNTH
2026-04-21 13:42:48.861Z,5.3560,414,SYNTH
2026-04-21 13:42:49.045Z,5.3518,249,SYNTH
2026-04-21 13:42:50.843Z,5.3559,298,SYNTH
2026-04-21 13:42:51.785Z,5.3535,302,SYNTH
2026-04-21 13:42:52.335Z,5.3586,234,SYNTH
2026-04-21 13:42:53.757Z,5.3534,233,SYNTH
2026-04-21 13:42:54.602Z,5.3608,565,SYNTH
2026-04-21 13:42:55.567Z,5.3618,367,SYNTH
2026-04-21 13:42:56.705Z,5.3630,430,SYNTH
2026-04-21 13:42:57.659Z,5.3614,299,SYNTH
2026-04-21 13:42:58.048Z,5.3588,477,SYNTH
2026-04-21 13:42:59.391Z,5.3621,427,SYNTH
2026-04-21 13:43:00.264Z,5.3614,224,SYNTH
2026-04-21 13:43:01.498Z,5.3571,280,SYNTH
2026-04-21 13:43:02.250Z,5.3609,197,SYNTH
2026-04-21 13:43:03.500Z,5.3589,166,SYNTH
2026-04-21 13:43:04.765Z,5.3614,147,SYNTH
2026-04-21 13:43:05.166Z,5.3609,207,SYNTH
2026-04-21 13:43:06.587Z,5.3619,136,SYNTH
2026-04-21 13:43:07.610Z,5.3607,269,SYNTH
2026-04-21 13:43:08.267Z,5.3642,177,SYNTH
2026-04-21 13:43:09.147Z,5.3597,128,SYNTH
2026-04-21 13:43:10.173Z,5.3571,119,SYNTH
2026-04-21 13:43:11.646Z,5.3599,330,SYNTH
2026-04-21 13:43:12.157Z,5.3607,547,SYNTH
2026-04-21 13:43:13.485Z,5.3616,583,SYNTH
2026-04-21 13:43:14.366Z,5.3593,179,SYNTH
2026-04-21 13:43:15.502Z,5.3591,95,SYNTH
2026-04-21 13:43:16.121Z,5.3629,183,SYNTH
2026-04-21 13:43:17.479Z,5.3557,239,SYNTH
2026-04-21 13:43:18.591Z,5.3640,188,SYNTH
2026-04-21 13:43:19.771Z,5.3579,380,SYNTH
2026-04-21 13:43:20.008Z,5.3626,142,SYNTH
2026-04-21 13:43:21.433Z,5.3592,189,SYNTH
2026-04-21 13:43:22.365Z,5.3576,129,SYNTH
2026-04-21 13:43:23.242Z,5.3598,145,SYNTH
2026-04-21 13:43:24.000Z,5.3582,145,SYNTH
2026-04-21 13:43:25.089Z,5.3560,90,SYNTH
2026-04-21 13:43:26.612Z,5.3521,92,SYNTH
2026-04-21 13:43:27.194Z,5.3551,100,SYNTH
2026-04-21 13:43:28.233Z,5.3533,197,SYNTH
2026-04-21 13:43:29.235Z,5.3560,99,SYNTH
2026-04-21 13:43:30.506Z,5.3524,167,SYNTH
2026-04-21 13:43:31.021Z,5.3526,81,SYNTH
2026-04-21 13:43:32.154Z,5.3510,121,SYNTH
2026-04-21 13:43:33.192Z,5.3546,113,SYNTH
2026-04-21 13:43:34.521Z,5.3546,173,SYNTH
2026-04-21 13:43:35.822Z,5.3475,203,SYNTH
2026-04-21 13:43:36.265Z,5.3465,187,SYNTH
2026-04-21 13:43:37.291Z,5.3510,474,SYNTH
2026-04-21 13:43:38.583Z,5.3521,235,SYNTH
2026-04-21 13:43:39.130Z,5.3487,528,SYNTH
2026-04-21 13:43:40.494Z,5.3465,283,SYNTH
2026-04-21 13:43:41.527Z,5.3536,94,SYNTH
2026-04-21 13:43:42.727Z,5.3526,121,SYNTH
2026-04-21 13:43:43.088Z,5.3476,104,SYNTH
2026-04-21 13:43:44.086Z,5.3472,185,SYNTH
2026-04-21 13:43:45.022Z,5.3510,215,SYNTH
2026-04-21 13:43:46.172Z,5.3476,349,SYNTH
2026-04-21 13:43:47.746Z,5.3540,276,SYNTH
2026-04-21 13:43:48.236Z,5.3524,172,SYNTH
2026-04-21 13:43:49.451Z,5.3483,220,SYNTH
2026-04-21 13:43:50.317Z,5.3503,195,SYNTH
2026-04-21 13:43:51.317Z,5.3549,108,SYNTH
2026-04-21 13:43:52.704Z,5.3473,263,SYNTH
2026-04-21 13:43:53.396Z,5.3476,156,SYNTH
2026-04-21 13:43:54.566Z,5.3474,130,SYNTH
2026-04-21 13:43:55.156Z,5.3519,122,SYNTH
2026-04-21 13:43:56.307Z,5.3484,125,SYNTH
2026-04-21 13:43:57.415Z,5.3516,279,SYNTH
2026-04-21 13:43:58.532Z,5.3472,243,SYNTH
2026-04-21 13:43:59.523Z,5.3494,130,SYNTH
2026-04-21 13:44:00.313Z,5.3475,201,SYNTH
2026-04-21 13:44:01.436Z,5.3482,181,SYNTH
2026-04-21 13:44:02.092Z,5.3429,426,SYNTH
2026-04-21 13:44:03.072Z,5.3453,323,SYNTH
2026-04-21 13:44:04.466Z,5.3498,301,SYNTH
2026-04-21 13:44:05.760Z,5.3406,264,SYNTH
2026-04-21 13:44:06.023Z,5.3450,198,SYNTH
2026-04-21 13:44:07.390Z,5.3483,156,SYNTH
2026-04-21 13:44:08.498Z,5.3485,158,SYNTH
2026-04-21 13:44:09.513Z,5.3439,286,SYNTH
2026-04-21 13:44:10.141Z,5.3476,301,SYNTH
2026-04-21 13:44:11.274Z,5.3443,368,SYNTH
2026-04-21 13:44:12.342Z,5.3426,444,SYNTH
2026-04-21 13:44:13.547Z,5.3493,405,SYNTH
2026-04-21 13:44:14.372Z,5.3436,173,SYNTH
2026-04-21 13:44:15.847Z,5.3409,154,SYNTH
2026-04-21 13:44:16.813Z,5.3484,457,SYNTH
2026-04-21 13:44:17.355Z,5.3412,236,SYNTH
2026-04-21 13:44:18.025Z,5.3454,424,SYNTH
2026-04-21 13:44:19.484Z,5.3478,320,SYNTH
2026-04-21 13:44:20.345Z,5.3425,199,SYNTH
2026-04-21 13:44:21.156Z,5.3463,235,SYNTH
2026-04-21 13:44:22.086Z,5.3390,247,SYNTH
2026-04-21 13:44:23.515Z,5.3382,215,SYNTH
2026-04-21 13:44:24.093Z,5.3363,151,SYNTH
2026-04-21 13:44:25.883Z,5.3359,179,SYNTH
2026-04-21 13:44:26.373Z,5.3324,126,SYNTH
2026-04-21 13:44:27.667Z,5.3303,195,SYNTH
2026-04-21 13:44:28.167Z,5.3321,149,SYNTH
2026-04-21 13:44:29.238Z,5.3305,240,SYNTH
2026-04-21 13:44:30.878Z,5.3248,251,SYNTH
2026-04-21 13:44:31.228Z,5.3267,114,SYNTH
2026-04-21 13:44:32.252Z,5.3247,182,SYNTH
2026-04-21 13:44:33.673Z,5.3216,140,SYNTH
2026-04-21 13:44:34.266Z,5.3256,196,SYNTH
2026-04-21 13:44:35.828Z,5.3200,198,SYNTH
2026-04-21 13:44:36.430Z,5.3168,185,SYNTH
2026-04-21 13:44:37.620Z,5.3229,372,SYNTH
2026-04-21 13:44:38.378Z,5.3182,634,SYNTH
2026-04-21 13:44:39.871Z,5.3151,494,SYNTH
2026-04-21 13:44:40.689Z,5.3226,484,SYNTH
2026-04-21 13:44:41.847Z,5.3180,136,SYNTH
2026-04-21 13:44:42.875Z,5.3254,173,SYNTH
2026-04-21 13:44:43.798Z,5.3193,220,SYNTH
2026-04-21 13:44:44.655Z,5.3239,320,SYNTH
2026-04-21 13:44:45.261Z,5.3263,444,SYNTH
2026-04-21 13:44:46.640Z,5.3257,363,SYNTH
2026-04-21 13:44:47.174Z,5.3235,468,SYNTH
2026-04-21 13:44:48.149Z,5.3286,324,SYNTH
2026-04-21 13:44:49.849Z,5.3229,259,SYNTH
2026-04-21 13:44:50.258Z,5.3253,281,SYNTH
2026-04-21 13:44:51.241Z,5.3302,373,SYNTH
2026-04-21 13:44:52.480Z,5.3269,293,SYNTH
2026-04-21 13:44:53.288Z,5.3307,193,SYNTH
2026-04-21 13:44:54.337Z,5.3257,385,SYNTH
2026-04-21 13:44:55.561Z,5.3310,377,SYNTH
2026-04-21 13:44:56.138Z,5.3302,205,SYNTH
2026-04-21 13:44:57.410Z,5.3243,404,SYNTH
2026-04-21 13:44:58.072Z,5.3310,397,SYNTH
2026-04-21 13:44:59.756Z,5.3266,424,SYNTH
2026-04-21 13:45:00.520Z,5.3328,92,SYNTH
2026-04-21 13:45:01.330Z,5.3320,101,SYNTH
2026-04-21 13:45:02.129Z,5.3275,83,SYNTH
2026-04-21 13:45:03.002Z,5.3319,87,SYNTH
2026-04-21 13:45:04.602Z,5.3231,116,SYNTH
2026-04-21 13:45:05.703Z,5.3215,97,SYNTH
2026-04-21 13:45:06.082Z,5.3281,61,SYNTH
2026-04-21 13:45:07.491Z,5.3217,68,SYNTH
2026-04-21 13:45:08.027Z,5.3212,122,SYNTH
2026-04-21 13:45:09.259Z,5.3246,127,SYNTH
2026-04-21 13:45:10.208Z,5.3200,74,SYNTH
2026-04-21 13:45:11.030Z,5.3189,201,SYNTH
2026-04-21 13:45:12.464Z,5.3181,274,SYNTH
2026-04-21 13:45:13.578Z,5.3230,281,SYNTH
2026-04-21 13:45:14.431Z,5.3228,70,SYNTH
2026-04-21 13:45:15.338Z,5.3239,115,SYNTH
2026-04-21 13:45:16.208Z,5.3215,186,SYNTH
2026-04-21 13:45:17.302Z,5.3250,163,SYNTH
2026-04-21 13:45:18.465Z,5.3209,178,SYNTH
2026-04-21 13:45:19.253Z,5.3282,86,SYNTH
2026-04-21 13:45:20.254Z,5.3201,54,SYNTH
2026-04-21 13:45:21.262Z,5.3278,73,SYNTH
2026-04-21 13:45:22.182Z,5.3291,101,SYNTH
2026-04-21 13:45:23.499Z,5.3312,68,SYNTH
2026-04-21 13:45:24.715Z,5.3317,81,SYNTH
2026-04-21 13:45:25.174Z,5.3336,96,SYNTH
2026-04-21 13:45:26.710Z,5.3364,53,SYNTH
2026-04-21 13:45:27.183Z,5.3391,94,SYNTH
2026-04-21 13:45:28.570Z,5.3327,62,SYNTH
2026-04-21 13:45:29.335Z,5.3398,57,SYNTH
2026-04-21 13:45:30.319Z,5.3444,87,SYNTH
2026-04-21 13:45:31.622Z,5.3443,42,SYNTH
2026-04-21 13:45:32.871Z,5.3448,75,SYNTH
2026-04-21 13:45:33.005Z,5.3452,71,SYNTH
2026-04-21 13:45:34.265Z,5.3489,57,SYNTH
2026-04-21 13:45:35.494Z,5.3485,73,SYNTH
2026-04-21 13:45:36.139Z,5.3518,103,SYNTH
2026-04-21 13:45:37.273Z,5.3504,152,SYNTH
2026-04-21 13:45:38.824Z,5.3509,192,SYNTH
2026-04-21 13:45:39.678Z,5.3481,267,SYNTH
2026-04-21 13:45:40.778Z,5.3520,146,SYNTH
2026-04-21 13:45:41.340Z,5.3444,77,SYNTH
2026-04-21 13:45:42.134Z,5.3485,59,SYNTH
2026-04-21 13:45:43.647Z,5.3459,51,SYNTH
2026-04-21 13:45:44.140Z,5.3493,51,SYNTH
2026-04-21 13:45:45.604Z,5.3472,127,SYNTH
2026-04-21 13:45:46.323Z,5.3505,77,SYNTH
2026-04-21 13:45:47.878Z,5.3434,174,SYNTH
2026-04-21 13:45:48.731Z,5.3438,103,SYNTH
2026-04-21 13:45:49.164Z,5.3491,100,SYNTH
2026-04-21 13:45:50.000Z,5.3506,78,SYNTH
2026-04-21 13:45:51.883Z,5.3510,111,SYNTH
2026-04-21 13:45:52.102Z,5.3451,68,SYNTH
2026-04-21 13:45:53.373Z,5.3441,67,SYNTH
2026-04-21 13:45:54.445Z,5.3477,94,SYNTH
2026-04-21 13:45:55.478Z,5.3455,143,SYNTH
2026-04-21 13:45:56.732Z,5.3419,76,SYNTH
2026-04-21 13:45:57.364Z,5.3492,142,SYNTH
2026-04-21 13:45:58.807Z,5.3446,104,SYNTH
2026-04-21 13:45:59.448Z,5.3488,91,SYNTH
2026-04-21 13:46:00.162Z,5.3463,192,SYNTH
2026-04-21 13:46:01.252Z,5.3477,98,SYNTH
2026-04-21 13:46:02.868Z,5.3475,156,SYNTH
2026-04-21 13:46:03.846Z,5.3414,226,SYNTH
2026-04-21 13:46:04.319Z,5.3479,226,SYNTH
2026-04-21 13:46:05.647Z,5.3458,165,SYNTH
2026-04-21 13:46:06.460Z,5.3426,207,SYNTH
2026-04-21 13:46:07.223Z,5.3465,89,SYNTH
2026-04-21 13:46:08.817Z,5.3463,90,SYNTH
2026-04-21 13:46:09.309Z,5.3408,164,SYNTH
2026-04-21 13:46:10.557Z,5.3415,110,SYNTH
2026-04-21 13:46:11.222Z,5.3463,368,SYNTH
2026-04-21 13:46:12.646Z,5.3457,190,SYNTH
2026-04-21 13:46:13.340Z,5.3458,421,SYNTH
2026-04-21 13:46:14.362Z,5.3415,153,SYNTH
2026-04-21 13:46:15.743Z,5.3464,120,SYNTH
2026-04-21 13:46:16.782Z,5.3439,287,SYNTH
2026-04-21 13:46:17.119Z,5.3465,159,SYNTH
2026-04-21 13:46:18.584Z,5.3446,169,SYNTH
2026-04-21 13:46:19.258Z,5.3412,276,SYNTH
2026-04-21 13:46:20.310Z,5.3480,148,SYNTH
2026-04-21 13:46:21.264Z,5.3480,110,SYNTH
2026-04-21 13:46:22.491Z,5.3508,147,SYNTH
2026-04-21 13:46:23.382Z,5.3499,95,SYNTH
2026-04-21 13:46:24.279Z,5.3508,148,SYNTH
2026-04-21 13:46:25.796Z,5.3545,159,SYNTH
2026-04-21 13:46:26.125Z,5.3550,149,SYNTH
2026-04-21 13:46:27.635Z,5.3574,77,SYNTH
2026-04-21 13:46:28.530Z,5.3593,141,SYNTH
2026-04-21 13:46:29.879Z,5.3603,111,SYNTH
2026-04-21 13:46:30.633Z,5.3623,65,SYNTH
2026-04-21 13:46:31.805Z,5.3665,116,SYNTH
2026-04-21 13:46:32.023Z,5.3663,111,SYNTH
2026-04-21 13:46:33.248Z,5.3675,72,SYNTH
2026-04-21 13:46:34.384Z,5.3696,131,SYNTH
2026-04-21 13:46:35.458Z,5.3682,94,SYNTH
2026-04-21 13:46:36.788Z,5.3731,138,SYNTH
2026-04-21 13:46:37.552Z,5.3653,394,SYNTH
2026-04-21 13:46:38.867Z,5.3700,198,SYNTH
2026-04-21 13:46:39.068Z,5.3682,199,SYNTH
2026-04-21 13:46:40.498Z,5.3721,355,SYNTH
2026-04-21 13:46:41.535Z,5.3671,159,SYNTH
2026-04-21 13:46:42.374Z,5.3672,168,SYNTH
2026-04-21 13:46:43.073Z,5.3646,83,SYNTH
2026-04-21 13:46:44.152Z,5.3631,75,SYNTH
2026-04-21 13:46:45.438Z,5.3611,141,SYNTH
2026-04-21 13:46:46.107Z,5.3622,168,SYNTH
2026-04-21 13:46:47.036Z,5.3647,149,SYNTH
2026-04-21 13:46:48.609Z,5.3594,142,SYNTH
2026-04-21 13:46:49.561Z,5.3594,165,SYNTH
2026-04-21 13:46:50.531Z,5.3582,115,SYNTH
2026-04-21 13:46:51.879Z,5.3566,153,SYNTH
2026-04-21 13:46:52.276Z,5.3514,138,SYNTH
2026-04-21 13:46:53.231Z,5.3499,132,SYNTH
2026-04-21 13:46:54.505Z,5.3530,191,SYNTH
2026-04-21 13:46:55.681Z,5.3488,189,SYNTH
2026-04-21 13:46:56.210Z,5.3456,120,SYNTH
2026-04-21 13:46:57.351Z,5.3479,194,SYNTH
2026-04-21 13:46:58.280Z,5.3418,124,SYNTH
2026-04-21 13:46:59.463Z,5.3460,181,SYNTH
2026-04-21 13:47:00.513Z,5.3423,59,SYNTH
2026-04-21 13:47:01.240Z,5.3348,74,SYNTH
2026-04-21 13:47:02.428Z,5.3426,43,SYNTH
2026-04-21 13:47:03.865Z,5.3376,40,SYNTH
2026-04-21 13:47:04.398Z,5.3413,69,SYNTH
2026-04-21 13:47:05.899Z,5.3420,59,SYNTH
2026-04-21 13:47:06.547Z,5.3363,65,SYNTH
2026-04-21 13:47:07.381Z,5.3384,57,SYNTH
2026-04-21 13:47:08.810Z,5.3405,49,SYNTH
2026-04-21 13:47:09.011Z,5.3436,30,SYNTH
2026-04-21 13:47:10.379Z,5.3366,37,SYNTH
2026-04-21 13:47:11.508Z,5.3354,107,SYNTH
2026-04-21 13:47:12.551Z,5.3421,77,SYNTH
2026-04-21 13:47:13.687Z,5.3365,78,SYNTH
2026-04-21 13:47:14.078Z,5.3361,36,SYNTH
2026-04-21 13:47:15.458Z,5.3361,37,SYNTH
2026-04-21 13:47:16.253Z,5.3432,64,SYNTH
2026-04-21 13:47:17.531Z,5.3358,81,SYNTH
2026-04-21 13:47:18.720Z,5.3416,94,SYNTH
2026-04-21 13:47:19.853Z,5.3351,92,SYNTH
2026-04-21 13:47:20.250Z,5.3440,50,SYNTH
2026-04-21 13:47:21.581Z,5.3372,38,SYNTH
2026-04-21 13:47:22.862Z,5.3367,28,SYNTH
2026-04-21 13:47:23.472Z,5.3344,27,SYNTH
2026-04-21 13:47:24.061Z,5.3329,28,SYNTH
2026-04-21 13:47:25.647Z,5.3351,43,SYNTH
2026-04-21 13:47:26.251Z,5.3341,32,SYNTH
2026-04-21 13:47:27.464Z,5.3314,41,SYNTH
2026-04-21 13:47:28.798Z,5.3364,37,SYNTH
2026-04-21 13:47:29.291Z,5.3297,43,SYNTH
2026-04-21 13:47:30.840Z,5.3297,29,SYNTH
2026-04-21 13:47:31.777Z,5.3371,27,SYNTH
2026-04-21 13:47:32.114Z,5.3352,45,SYNTH
2026-04-21 13:47:33.724Z,5.3287,37,SYNTH
2026-04-21 13:47:34.836Z,5.3293,35,SYNTH
2026-04-21 13:47:35.293Z,5.3340,49,SYNTH
2026-04-21 13:47:36.569Z,5.3287,27,SYNTH
2026-04-21 13:47:37.842Z,5.3258,65,SYNTH
2026-04-21 13:47:38.228Z,5.3334,65,SYNTH
2026-04-21 13:47:39.511Z,5.3344,130,SYNTH
2026-04-21 13:47:40.312Z,5.3282,56,SYNTH
2026-04-21 13:47:41.698Z,5.3258,24,SYNTH
2026-04-21 13:47:42.580Z,5.3332,30,SYNTH
2026-04-21 13:47:43.357Z,5.3303,29,SYNTH
2026-04-21 13:47:44.416Z,5.3359,31,SYNTH
2026-04-21 13:47:45.124Z,5.3358,50,SYNTH
2026-04-21 13:47:46.677Z,5.3279,45,SYNTH
2026-04-21 13:47:47.155Z,5.3342,88,SYNTH
2026-04-21 13:47:48.465Z,5.3374,46,SYNTH
2026-04-21 13:47:49.769Z,5.3311,33,SYNTH
2026-04-21 13:47:50.658Z,5.3370,37,SYNTH
2026-04-21 13:47:51.545Z,5.3313,54,SYNTH
2026-04-21 13:47:52.433Z,5.3367,50,SYNTH
2026-04-21 13:47:53.797Z,5.3374,63,SYNTH
2026-04-21 13:47:54.749Z,5.3359,36,SYNTH
2026-04-21 13:47:55.594Z,5.3340,42,SYNTH
2026-04-21 13:47:56.017Z,5.3303,40,SYNTH
2026-04-21 13:47:57.802Z,5.3375,53,SYNTH
2026-04-21 13:47:58.890Z,5.3315,76,SYNTH
2026-04-21 13:47:59.100Z,5.3384,39,SYNTH
2026-04-21 13:48:00.402Z,5.3410,45,SYNTH
2026-04-21 13:48:01.703Z,5.3423,42,SYNTH
2026-04-21 13:48:02.718Z,5.3435,37,SYNTH
2026-04-21 13:48:03.518Z,5.3352,58,SYNTH
2026-04-21 13:48:04.056Z,5.3371,36,SYNTH
2026-04-21 13:48:05.624Z,5.3407,44,SYNTH
2026-04-21 13:48:06.227Z,5.3375,33,SYNTH
2026-04-21 13:48:07.311Z,5.3426,51,SYNTH
2026-04-21 13:48:08.313Z,5.3389,58,SYNTH
2026-04-21 13:48:09.893Z,5.3424,43,SYNTH
2026-04-21 13:48:10.436Z,5.3370,28,SYNTH
2026-04-21 13:48:11.208Z,5.3428,57,SYNTH
2026-04-21 13:48:12.308Z,5.3451,87,SYNTH
2026-04-21 13:48:13.392Z,5.3361,75,SYNTH
2026-04-21 13:48:14.451Z,5.3423,40,SYNTH
2026-04-21 13:48:15.308Z,5.3379,51,SYNTH
2026-04-21 13:48:16.768Z,5.3399,47,SYNTH
2026-04-21 13:48:17.168Z,5.3362,52,SYNTH
2026-04-21 13:48:18.494Z,5.3355,64,SYNTH
2026-04-21 13:48:19.187Z,5.3407,56,SYNTH
2026-04-21 13:48:20.221Z,5.3353,43,SYNTH
2026-04-21 13:48:21.064Z,5.3435,24,SYNTH
2026-04-21 13:48:22.562Z,5.3396,26,SYNTH
2026-04-21 13:48:23.120Z,5.3418,23,SYNTH
2026-04-21 13:48:24.313Z,5.3397,22,SYNTH
2026-04-21 13:48:25.300Z,5.3355,36,SYNTH
2026-04-21 13:48:26.368Z,5.3418,36,SYNTH
2026-04-21 13:48:27.695Z,5.3405,19,SYNTH
2026-04-21 13:48:28.602Z,5.3365,24,SYNTH
2026-04-21 13:48:29.804Z,5.3389,21,SYNTH
2026-04-21 13:48:30.889Z,5.3423,37,SYNTH
2026-04-21 13:48:31.665Z,5.3412,33,SYNTH
2026-04-21 13:48:32.166Z,5.3368,34,SYNTH
2026-04-21 13:48:33.842Z,5.3423,22,SYNTH
2026-04-21 13:48:34.761Z,5.3373,18,SYNTH
2026-04-21 13:48:35.636Z,5.3374,43,SYNTH
2026-04-21 13:48:36.431Z,5.3409,30,SYNTH
2026-04-21 13:48:37.221Z,5.3410,107,SYNTH
2026-04-21 13:48:38.865Z,5.3355,86,SYNTH
2026-04-21 13:48:39.741Z,5.3429,84,SYNTH
2026-04-21 13:48:40.042Z,5.3382,76,SYNTH
2026-04-21 13:48:41.750Z,5.3434,32,SYNTH
2026-04-21 13:48:42.398Z,5.3377,40,SYNTH
2026-04-21 13:48:43.881Z,5.3382,25,SYNTH
2026-04-21 13:48:44.773Z,5.3412,24,SYNTH
2026-04-21 13:48:45.227Z,5.3410,60,SYNTH
2026-04-21 13:48:46.509Z,5.3430,72,SYNTH
2026-04-21 13:48:47.645Z,5.3400,63,SYNTH
2026-04-21 13:48:48.106Z,5.3445,38,SYNTH
2026-04-21 13:48:49.135Z,5.3382,52,SYNTH
2026-04-21 13:48:50.534Z,5.3377,24,SYNTH
2026-04-21 13:48:51.353Z,5.3426,45,SYNTH
2026-04-21 13:48:52.100Z,5.3358,42,SYNTH
2026-04-21 13:48:53.851Z,5.3365,39,SYNTH
2026-04-21 13:48:54.554Z,5.3419,37,SYNTH
2026-04-21 13:48:55.241Z,5.3389,33,SYNTH
2026-04-21 13:48:56.885Z,5.3414,52,SYNTH
2026-04-21 13:48:57.624Z,5.3365,34,SYNTH
2026-04-21 13:48:58.558Z,5.3422,60,SYNTH
2026-04-21 13:48:59.101Z,5.3415,34,SYNTH
2026-04-21 13:49:00.810Z,5.3419,139,SYNTH
2026-04-21 13:49:01.013Z,5.3438,126,SYNTH
2026-04-21 13:49:02.532Z,5.3432,180,SYNTH
2026-04-21 13:49:03.496Z,5.3375,127,SYNTH
2026-04-21 13:49:04.709Z,5.3385,130,SYNTH
2026-04-21 13:49:05.824Z,5.3413,85,SYNTH
2026-04-21 13:49:06.324Z,5.3354,130,SYNTH
2026-04-21 13:49:07.235Z,5.3426,89,SYNTH
2026-04-21 13:49:08.589Z,5.3434,104,SYNTH
2026-04-21 13:49:09.297Z,5.3370,64,SYNTH
2026-04-21 13:49:10.640Z,5.3367,73,SYNTH
2026-04-21 13:49:11.261Z,5.3412,314,SYNTH
2026-04-21 13:49:12.741Z,5.3365,168,SYNTH
2026-04-21 13:49:13.891Z,5.3415,252,SYNTH
2026-04-21 13:49:14.764Z,5.3382,93,SYNTH
2026-04-21 13:49:15.578Z,5.3438,111,SYNTH
2026-04-21 13:49:16.716Z,5.3392,187,SYNTH
2026-04-21 13:49:17.671Z,5.3440,111,SYNTH
2026-04-21 13:49:18.559Z,5.3361,154,SYNTH
2026-04-21 13:49:19.114Z,5.3432,211,SYNTH
2026-04-21 13:49:20.319Z,5.3356,98,SYNTH
2026-04-21 13:49:21.594Z,5.3396,74,SYNTH
2026-04-21 13:49:22.497Z,5.3369,113,SYNTH
2026-04-21 13:49:23.344Z,5.3363,104,SYNTH
2026-04-21 13:49:24.438Z,5.3361,93,SYNTH
2026-04-21 13:49:25.233Z,5.3409,84,SYNTH
2026-04-21 13:49:26.673Z,5.3334,81,SYNTH
2026-04-21 13:49:27.606Z,5.3332,113,SYNTH
2026-04-21 13:49:28.142Z,5.3338,112,SYNTH
2026-04-21 13:49:29.293Z,5.3338,91,SYNTH
2026-04-21 13:49:30.075Z,5.3304,67,SYNTH
2026-04-21 13:49:31.144Z,5.3307,58,SYNTH
2026-04-21 13:49:32.192Z,5.3304,92,SYNTH
2026-04-21 13:49:33.718Z,5.3336,52,SYNTH
2026-04-21 13:49:34.398Z,5.3315,117,SYNTH
2026-04-21 13:49:35.573Z,5.3258,123,SYNTH
2026-04-21 13:49:36.166Z,5.3305,58,SYNTH
2026-04-21 13:49:37.295Z,5.3349,172,SYNTH
2026-04-21 13:49:38.837Z,5.3273,141,SYNTH
2026-04-21 13:49:39.118Z,5.3333,196,SYNTH
2026-04-21 13:49:40.855Z,5.3273,277,SYNTH
2026-04-21 13:49:41.198Z,5.3323,91,SYNTH
2026-04-21 13:49:42.492Z,5.3333,130,SYNTH
2026-04-21 13:49:43.459Z,5.3283,107,SYNTH
2026-04-21 13:49:44.764Z,5.3335,124,SYNTH
2026-04-21 13:49:45.705Z,5.3348,123,SYNTH
2026-04-21 13:49:46.204Z,5.3274,157,SYNTH
2026-04-21 13:49:47.172Z,5.3341,99,SYNTH
2026-04-21 13:49:48.899Z,5.3299,95,SYNTH
2026-04-21 13:49:49.534Z,5.3327,113,SYNTH
2026-04-21 13:49:50.797Z,5.3285,149,SYNTH
2026-04-21 13:49:51.006Z,5.3327,96,SYNTH
2026-04-21 13:49:52.820Z,5.3350,75,SYNTH
2026-04-21 13:49:53.004Z,5.3291,124,SYNTH
2026-04-21 13:49:54.534Z,5.3341,99,SYNTH
2026-04-21 13:49:55.817Z,5.3354,117,SYNTH
2026-04-21 13:49:56.059Z,5.3378,134,SYNTH
2026-04-21 13:49:57.142Z,5.3338,75,SYNTH
2026-04-21 13:49:58.180Z,5.3380,150,SYNTH
2026-04-21 13:49:59.051Z,5.3312,170,SYNTH
2026-04-21 13:50:00.496Z,5.3353,57,SYNTH
2026-04-21 13:50:01.052Z,5.3388,82,SYNTH
2026-04-21 13:50:02.341Z,5.3376,89,SYNTH
2026-04-21 13:50:03.108Z,5.3305,47,SYNTH
2026-04-21 13:50:04.057Z,5.3351,69,SYNTH
2026-04-21 13:50:05.181Z,5.3377,56,SYNTH
2026-04-21 13:50:06.687Z,5.3330,50,SYNTH
2026-04-21 13:50:07.447Z,5.3374,84,SYNTH
2026-04-21 13:50:08.410Z,5.3329,50,SYNTH
2026-04-21 13:50:09.477Z,5.3311,84,SYNTH
2026-04-21 13:50:10.732Z,5.3373,57,SYNTH
2026-04-21 13:50:11.836Z,5.3381,160,SYNTH
2026-04-21 13:50:12.895Z,5.3324,223,SYNTH
2026-04-21 13:50:13.585Z,5.3343,133,SYNTH
2026-04-21 13:50:14.270Z,5.3343,83,SYNTH
2026-04-21 13:50:15.394Z,5.3350,38,SYNTH
2026-04-21 13:50:16.293Z,5.3368,150,SYNTH
2026-04-21 13:50:17.771Z,5.3308,110,SYNTH
2026-04-21 13:50:18.716Z,5.3354,149,SYNTH
2026-04-21 13:50:19.177Z,5.3325,101,SYNTH
2026-04-21 13:50:20.071Z,5.3350,44,SYNTH
2026-04-21 13:50:21.703Z,5.3319,45,SYNTH
2026-04-21 13:50:22.053Z,5.3361,71,SYNTH
2026-04-21 13:50:23.332Z,5.3318,34,SYNTH
2026-04-21 13:50:24.387Z,5.3363,45,SYNTH
2026-04-21 13:50:25.058Z,5.3317,73,SYNTH
2026-04-21 13:50:26.433Z,5.3286,67,SYNTH
2026-04-21 13:50:27.787Z,5.3331,47,SYNTH
2026-04-21 13:50:28.283Z,5.3310,62,SYNTH
2026-04-21 13:50:29.061Z,5.3349,59,SYNTH
2026-04-21 13:50:30.106Z,5.3295,68,SYNTH
2026-04-21 13:50:31.423Z,5.3354,57,SYNTH
2026-04-21 13:50:32.818Z,5.3292,62,SYNTH
2026-04-21 13:50:33.138Z,5.3287,41,SYNTH
2026-04-21 13:50:34.758Z,5.3288,53,SYNTH
2026-04-21 13:50:35.269Z,5.3291,53,SYNTH
2026-04-21 13:50:36.890Z,5.3337,34,SYNTH
2026-04-21 13:50:37.667Z,5.3327,133,SYNTH
2026-04-21 13:50:38.608Z,5.3283,81,SYNTH
2026-04-21 13:50:39.551Z,5.3257,155,SYNTH
2026-04-21 13:50:40.154Z,5.3293,90,SYNTH
2026-04-21 13:50:41.726Z,5.3312,34,SYNTH
2026-04-21 13:50:42.002Z,5.3308,50,SYNTH
2026-04-21 13:50:43.717Z,5.3278,38,SYNTH
2026-04-21 13:50:44.028Z,5.3314,87,SYNTH
2026-04-21 13:50:45.324Z,5.3319,82,SYNTH
2026-04-21 13:50:46.754Z,5.3275,62,SYNTH
2026-04-21 13:50:47.590Z,5.3264,62,SYNTH
2026-04-21 13:50:48.213Z,5.3317,92,SYNTH
2026-04-21 13:50:49.798Z,5.3319,43,SYNTH
2026-04-21 13:50:50.529Z,5.3282,61,SYNTH
2026-04-21 13:50:51.007Z,5.3324,74,SYNTH
2026-04-21 13:50:52.028Z,5.3268,52,SYNTH
2026-04-21 13:50:53.788Z,5.3293,79,SYNTH
2026-04-21 13:50:54.511Z,5.3278,71,SYNTH
2026-04-21 13:50:55.640Z,5.3311,74,SYNTH
2026-04-21 13:50:56.146Z,5.3271,105,SYNTH
2026-04-21 13:50:57.272Z,5.3303,55,SYNTH
2026-04-21 13:50:58.547Z,5.3315,76,SYNTH
2026-04-21 13:50:59.534Z,5.3298,68,SYNTH
2026-04-21 13:51:00.305Z,5.3324,95,SYNTH
2026-04-21 13:51:01.582Z,5.3274,99,SYNTH
2026-04-21 13:51:02.865Z,5.3321,80,SYNTH
2026-04-21 13:51:03.086Z,5.3284,81,SYNTH
2026-04-21 13:51:04.734Z,5.3346,102,SYNTH
2026-04-21 13:51:05.034Z,5.3370,113,SYNTH
2026-04-21 13:51:06.422Z,5.3354,69,SYNTH
2026-04-21 13:51:07.778Z,5.3392,70,SYNTH
2026-04-21 13:51:08.533Z,5.3414,54,SYNTH
2026-04-21 13:51:09.821Z,5.3420,79,SYNTH
2026-04-21 13:51:10.537Z,5.3426,48,SYNTH
2026-04-21 13:51:11.530Z,5.3350,215,SYNTH
2026-04-21 13:51:12.053Z,5.3406,254,SYNTH
2026-04-21 13:51:13.475Z,5.3396,106,SYNTH
2026-04-21 13:51:14.015Z,5.3344,100,SYNTH
2026-04-21 13:51:15.780Z,5.3415,96,SYNTH
2026-04-21 13:51:16.830Z,5.3401,150,SYNTH
2026-04-21 13:51:17.738Z,5.3426,126,SYNTH
2026-04-21 13:51:18.499Z,5.3336,71,SYNTH
2026-04-21 13:51:19.457Z,5.3410,138,SYNTH
2026-04-21 13:51:20.197Z,5.3413,50,SYNTH
2026-04-21 13:51:21.695Z,5.3355,57,SYNTH
2026-04-21 13:51:22.517Z,5.3332,47,SYNTH
2026-04-21 13:51:23.343Z,5.3361,43,SYNTH
2026-04-21 13:51:24.876Z,5.3343,77,SYNTH
2026-04-21 13:51:25.632Z,5.3314,68,SYNTH
2026-04-21 13:51:26.460Z,5.3336,66,SYNTH
2026-04-21 13:51:27.223Z,5.3283,50,SYNTH
2026-04-21 13:51:28.473Z,5.3282,87,SYNTH
2026-04-21 13:51:29.334Z,5.3255,38,SYNTH
2026-04-21 13:51:30.643Z,5.3223,74,SYNTH
2026-04-21 13:51:31.659Z,5.3214,66,SYNTH
2026-04-21 13:51:32.052Z,5.3230,80,SYNTH
2026-04-21 13:51:33.339Z,5.3255,63,SYNTH
2026-04-21 13:51:34.884Z,5.3222,51,SYNTH
2026-04-21 13:51:35.847Z,5.3196,63,SYNTH
2026-04-21 13:51:36.067Z,5.3180,43,SYNTH
2026-04-21 13:51:37.489Z,5.3172,156,SYNTH
2026-04-21 13:51:38.042Z,5.3214,157,SYNTH
2026-04-21 13:51:39.594Z,5.3153,158,SYNTH
2026-04-21 13:51:40.741Z,5.3211,133,SYNTH
2026-04-21 13:51:41.635Z,5.3171,75,SYNTH
2026-04-21 13:51:42.140Z,5.3216,40,SYNTH
2026-04-21 13:51:43.138Z,5.3184,63,SYNTH
2026-04-21 13:51:44.014Z,5.3222,67,SYNTH
2026-04-21 13:51:45.782Z,5.3181,110,SYNTH
2026-04-21 13:51:46.039Z,5.3193,137,SYNTH
2026-04-21 13:51:47.362Z,5.3192,97,SYNTH
2026-04-21 13:51:48.134Z,5.3226,76,SYNTH
2026-04-21 13:51:49.695Z,5.3241,66,SYNTH
2026-04-21 13:51:50.418Z,5.3200,103,SYNTH
2026-04-21 13:51:51.409Z,5.3249,72,SYNTH
2026-04-21 13:51:52.527Z,5.3193,55,SYNTH
2026-04-21 13:51:53.593Z,5.3259,75,SYNTH
2026-04-21 13:51:54.821Z,5.3184,60,SYNTH
2026-04-21 13:51:55.566Z,5.3229,65,SYNTH
2026-04-21 13:51:56.585Z,5.3156,60,SYNTH
2026-04-21 13:51:57.313Z,5.3246,59,SYNTH
2026-04-21 13:51:58.016Z,5.3167,133,SYNTH
2026-04-21 13:51:59.397Z,5.3238,131,SYNTH
2026-04-21 13:52:00.138Z,5.3272,174,SYNTH
2026-04-21 13:52:01.651Z,5.3261,208,SYNTH
2026-04-21 13:52:02.758Z,5.3290,153,SYNTH
2026-04-21 13:52:03.044Z,5.3249,151,SYNTH
2026-04-21 13:52:04.624Z,5.3215,147,SYNTH
2026-04-21 13:52:05.063Z,5.3282,188,SYNTH
2026-04-21 13:52:06.836Z,5.3308,102,SYNTH
2026-04-21 13:52:07.257Z,5.3301,108,SYNTH
2026-04-21 13:52:08.472Z,5.3287,148,SYNTH
2026-04-21 13:52:09.164Z,5.3266,102,SYNTH
2026-04-21 13:52:10.794Z,5.3306,112,SYNTH
2026-04-21 13:52:11.883Z,5.3349,240,SYNTH
2026-04-21 13:52:12.547Z,5.3271,224,SYNTH
2026-04-21 13:52:13.683Z,5.3277,285,SYNTH
2026-04-21 13:52:14.032Z,5.3284,117,SYNTH
2026-04-21 13:52:15.542Z,5.3284,82,SYNTH
2026-04-21 13:52:16.082Z,5.3331,193,SYNTH
2026-04-21 13:52:17.770Z,5.3265,206,SYNTH
2026-04-21 13:52:18.165Z,5.3242,319,SYNTH
2026-04-21 13:52:19.649Z,5.3252,286,SYNTH
2026-04-21 13:52:20.604Z,5.3284,181,SYNTH
2026-04-21 13:52:21.030Z,5.3251,77,SYNTH
2026-04-21 13:52:22.079Z,5.3315,92,SYNTH
2026-04-21 13:52:23.752Z,5.3244,124,SYNTH
2026-04-21 13:52:24.429Z,5.3250,139,SYNTH
2026-04-21 13:52:25.339Z,5.3238,157,SYNTH
2026-04-21 13:52:26.378Z,5.3274,166,SYNTH
2026-04-21 13:52:27.102Z,5.3229,164,SYNTH
2026-04-21 13:52:28.884Z,5.3221,134,SYNTH
2026-04-21 13:52:29.066Z,5.3282,110,SYNTH
2026-04-21 13:52:30.083Z,5.3196,154,SYNTH
2026-04-21 13:52:31.197Z,5.3189,96,SYNTH
2026-04-21 13:52:32.796Z,5.3247,95,SYNTH
2026-04-21 13:52:33.784Z,5.3261,129,SYNTH
2026-04-21 13:52:34.505Z,5.3205,172,SYNTH
2026-04-21 13:52:35.877Z,5.3170,109,SYNTH
2026-04-21 13:52:36.590Z,5.3254,124,SYNTH
2026-04-21 13:52:37.789Z,5.3166,441,SYNTH
2026-04-21 13:52:38.501Z,5.3228,394,SYNTH
2026-04-21 13:52:39.686Z,5.3176,229,SYNTH
2026-04-21 13:52:40.829Z,5.3227,216,SYNTH
2026-04-21 13:52:41.467Z,5.3174,87,SYNTH
2026-04-21 13:52:42.790Z,5.3249,91,SYNTH
2026-04-21 13:52:43.520Z,5.3215,180,SYNTH
2026-04-21 13:52:44.663Z,5.3243,118,SYNTH
2026-04-21 13:52:45.164Z,5.3217,235,SYNTH
2026-04-21 13:52:46.740Z,5.3177,279,SYNTH
2026-04-21 13:52:47.727Z,5.3205,291,SYNTH
2026-04-21 13:52:48.718Z,5.3249,129,SYNTH
2026-04-21 13:52:49.848Z,5.3220,121,SYNTH
2026-04-21 13:52:50.862Z,5.3158,111,SYNTH
2026-04-21 13:52:51.578Z,5.3248,170,SYNTH
2026-04-21 13:52:52.366Z,5.3166,107,SYNTH
2026-04-21 13:52:53.850Z,5.3213,163,SYNTH
2026-04-21 13:52:54.598Z,5.3242,224,SYNTH
2026-04-21 13:52:55.592Z,5.3246,119,SYNTH
2026-04-21 13:52:56.025Z,5.3195,179,SYNTH
2026-04-21 13:52:57.364Z,5.3245,146,SYNTH
2026-04-21 13:52:58.414Z,5.3220,260,SYNTH
2026-04-21 13:52:59.693Z,5.3174,249,SYNTH
2026-04-21 13:53:00.773Z,5.3208,108,SYNTH
2026-04-21 13:53:01.661Z,5.3214,136,SYNTH
2026-04-21 13:53:02.654Z,5.3185,133,SYNTH
2026-04-21 13:53:03.068Z,5.3205,97,SYNTH
2026-04-21 13:53:04.721Z,5.3192,123,SYNTH
2026-04-21 13:53:05.841Z,5.3168,121,SYNTH
2026-04-21 13:53:06.286Z,5.3213,101,SYNTH
2026-04-21 13:53:07.766Z,5.3140,139,SYNTH
2026-04-21 13:53:08.777Z,5.3201,109,SYNTH
2026-04-21 13:53:09.881Z,5.3148,69,SYNTH
2026-04-21 13:53:10.721Z,5.3159,144,SYNTH
2026-04-21 13:53:11.758Z,5.3132,173,SYNTH
2026-04-21 13:53:12.362Z,5.3107,276,SYNTH
2026-04-21 13:53:13.284Z,5.3167,344,SYNTH
2026-04-21 13:53:14.722Z,5.3175,100,SYNTH
2026-04-21 13:53:15.257Z,5.3168,64,SYNTH
2026-04-21 13:53:16.308Z,5.3131,109,SYNTH
2026-04-21 13:53:17.880Z,5.3189,155,SYNTH
2026-04-21 13:53:18.194Z,5.3165,124,SYNTH
2026-04-21 13:53:19.867Z,5.3185,207,SYNTH
2026-04-21 13:53:20.429Z,5.3143,60,SYNTH
2026-04-21 13:53:21.585Z,5.3205,59,SYNTH
2026-04-21 13:53:22.310Z,5.3148,111,SYNTH
2026-04-21 13:53:23.380Z,5.3203,70,SYNTH
2026-04-21 13:53:24.777Z,5.3230,105,SYNTH
2026-04-21 13:53:25.238Z,5.3167,68,SYNTH
2026-04-21 13:53:26.646Z,5.3232,94,SYNTH
2026-04-21 13:53:27.882Z,5.3234,85,SYNTH
2026-04-21 13:53:28.627Z,5.3236,93,SYNTH
2026-04-21 13:53:29.690Z,5.3226,95,SYNTH
2026-04-21 13:53:30.466Z,5.3262,57,SYNTH
2026-04-21 13:53:31.355Z,5.3299,71,SYNTH
2026-04-21 13:53:32.814Z,5.3300,80,SYNTH
2026-04-21 13:53:33.507Z,5.3300,76,SYNTH
2026-04-21 13:53:34.541Z,5.3294,59,SYNTH
2026-04-21 13:53:35.379Z,5.3317,115,SYNTH
2026-04-21 13:53:36.841Z,5.3333,120,SYNTH
2026-04-21 13:53:37.487Z,5.3304,308,SYNTH
2026-04-21 13:53:38.161Z,5.3326,206,SYNTH
2026-04-21 13:53:39.329Z,5.3288,225,SYNTH
2026-04-21 13:53:40.779Z,5.3327,300,SYNTH
2026-04-21 13:53:41.539Z,5.3282,118,SYNTH
2026-04-21 13:53:42.599Z,5.3279,79,SYNTH
2026-04-21 13:53:43.296Z,5.3280,76,SYNTH
2026-04-21 13:53:44.357Z,5.3313,86,SYNTH
2026-04-21 13:53:45.186Z,5.3301,110,SYNTH
2026-04-21 13:53:46.504Z,5.3249,197,SYNTH
2026-04-21 13:53:47.827Z,5.3301,188,SYNTH
2026-04-21 13:53:48.805Z,5.3298,60,SYNTH
2026-04-21 13:53:49.504Z,5.3261,119,SYNTH
2026-04-21 13:53:50.894Z,5.3316,71,SYNTH
2026-04-21 13:53:51.223Z,5.3310,108,SYNTH
2026-04-21 13:53:52.796Z,5.3294,136,SYNTH
2026-04-21 13:53:53.643Z,5.3316,88,SYNTH
2026-04-21 13:53:54.280Z,5.3285,77,SYNTH
2026-04-21 13:53:55.387Z,5.3312,123,SYNTH
2026-04-21 13:53:56.556Z,5.3281,153,SYNTH
2026-04-21 13:53:57.182Z,5.3329,120,SYNTH
2026-04-21 13:53:58.352Z,5.3326,129,SYNTH
2026-04-21 13:53:59.477Z,5.3327,159,SYNTH
2026-04-21 13:54:00.458Z,5.3216,97,SYNTH
2026-04-21 13:54:01.785Z,5.3186,129,SYNTH
2026-04-21 13:54:02.262Z,5.3241,172,SYNTH
2026-04-21 13:54:03.858Z,5.3207,147,SYNTH
2026-04-21 13:54:04.790Z,5.3161,109,SYNTH
2026-04-21 13:54:05.689Z,5.3222,102,SYNTH
2026-04-21 13:54:06.743Z,5.3179,131,SYNTH
2026-04-21 13:54:07.682Z,5.3164,162,SYNTH
2026-04-21 13:54:08.292Z,5.3211,144,SYNTH
2026-04-21 13:54:09.126Z,5.3227,97,SYNTH
2026-04-21 13:54:10.857Z,5.3163,113,SYNTH
2026-04-21 13:54:11.162Z,5.3222,183,SYNTH
2026-04-21 13:54:12.562Z,5.3244,177,SYNTH
2026-04-21 13:54:13.519Z,5.3161,277,SYNTH
2026-04-21 13:54:14.650Z,5.3188,81,SYNTH
2026-04-21 13:54:15.684Z,5.3227,78,SYNTH
2026-04-21 13:54:16.551Z,5.3222,205,SYNTH
2026-04-21 13:54:17.211Z,5.3247,100,SYNTH
2026-04-21 13:54:18.013Z,5.3183,227,SYNTH
2026-04-21 13:54:19.588Z,5.3219,134,SYNTH
2026-04-21 13:54:20.374Z,5.3251,107,SYNTH
2026-04-21 13:54:21.350Z,5.3263,55,SYNTH
2026-04-21 13:54:22.702Z,5.3208,61,SYNTH
2026-04-21 13:54:23.818Z,5.3309,108,SYNTH
2026-04-21 13:54:24.820Z,5.3284,112,SYNTH
2026-04-21 13:54:25.190Z,5.3352,54,SYNTH
2026-04-21 13:54:26.204Z,5.3390,122,SYNTH
2026-04-21 13:54:27.170Z,5.3371,78,SYNTH
2026-04-21 13:54:28.098Z,5.3391,57,SYNTH
2026-04-21 13:54:29.668Z,5.3449,105,SYNTH
2026-04-21 13:54:30.558Z,5.3479,99,SYNTH
2026-04-21 13:54:31.772Z,5.3511,70,SYNTH
2026-04-21 13:54:32.860Z,5.3526,73,SYNTH
2026-04-21 13:54:33.253Z,5.3561,73,SYNTH
2026-04-21 13:54:34.760Z,5.3587,62,SYNTH
2026-04-21 13:54:35.322Z,5.3616,58,SYNTH
2026-04-21 13:54:36.674Z,5.3598,121,SYNTH
2026-04-21 13:54:37.132Z,5.3635,262,SYNTH
2026-04-21 13:54:38.523Z,5.3621,311,SYNTH
2026-04-21 13:54:39.120Z,5.3582,264,SYNTH
2026-04-21 13:54:40.207Z,5.3617,211,SYNTH
2026-04-21 13:54:41.577Z,5.3558,62,SYNTH
2026-04-21 13:54:42.608Z,5.3538,89,SYNTH
2026-04-21 13:54:43.446Z,5.3539,138,SYNTH
2026-04-21 13:54:44.425Z,5.3521,94,SYNTH
2026-04-21 13:54:45.059Z,5.3544,108,SYNTH
2026-04-21 13:54:46.190Z,5.3506,201,SYNTH
2026-04-21 13:54:47.781Z,5.3550,100,SYNTH
2026-04-21 13:54:48.010Z,5.3505,117,SYNTH
2026-04-21 13:54:49.596Z,5.3476,106,SYNTH
2026-04-21 13:54:50.133Z,5.3486,66,SYNTH
2026-04-21 13:54:51.020Z,5.3517,104,SYNTH
2026-04-21 13:54:52.481Z,5.3477,91,SYNTH
2026-04-21 13:54:53.094Z,5.3463,153,SYNTH
2026-04-21 13:54:54.680Z,5.3452,152,SYNTH
2026-04-21 13:54:55.426Z,5.3439,102,SYNTH
2026-04-21 13:54:56.008Z,5.3441,96,SYNTH
2026-04-21 13:54:57.141Z,5.3448,162,SYNTH
2026-04-21 13:54:58.682Z,5.3410,117,SYNTH
2026-04-21 13:54:59.526Z,5.3479,138,SYNTH
2026-04-21 13:55:00.612Z,5.3480,4,SYNTH
2026-04-21 13:55:01.317Z,5.3431,4,SYNTH
2026-04-21 13:55:02.128Z,5.3398,7,SYNTH
2026-04-21 13:55:03.829Z,5.3458,6,SYNTH
2026-04-21 13:55:04.198Z,5.3420,6,SYNTH
2026-04-21 13:55:05.781Z,5.3425,4,SYNTH
2026-04-21 13:55:06.064Z,5.3479,4,SYNTH
2026-04-21 13:55:07.778Z,5.3464,6,SYNTH
2026-04-21 13:55:08.659Z,5.3431,6,SYNTH
2026-04-21 13:55:09.332Z,5.3497,5,SYNTH
2026-04-21 13:55:10.341Z,5.3425,4,SYNTH
2026-04-21 13:55:11.264Z,5.3432,13,SYNTH
2026-04-21 13:55:12.827Z,5.3467,8,SYNTH
2026-04-21 13:55:13.673Z,5.3450,10,SYNTH
2026-04-21 13:55:14.620Z,5.3435,6,SYNTH
2026-04-21 13:55:15.638Z,5.3489,3,SYNTH
2026-04-21 13:55:16.484Z,5.3413,10,SYNTH
2026-04-21 13:55:17.071Z,5.3471,9,SYNTH
2026-04-21 13:55:18.242Z,5.3430,6,SYNTH
2026-04-21 13:55:19.536Z,5.3467,5,SYNTH
2026-04-21 13:55:20.883Z,5.3425,4,SYNTH
2026-04-21 13:55:21.004Z,5.3424,2,SYNTH
2026-04-21 13:55:22.639Z,5.3488,5,SYNTH
2026-04-21 13:55:23.677Z,5.3487,4,SYNTH
2026-04-21 13:55:24.178Z,5.3445,4,SYNTH
2026-04-21 13:55:25.437Z,5.3415,5,SYNTH
2026-04-21 13:55:26.128Z,5.3490,4,SYNTH
2026-04-21 13:55:27.651Z,5.3487,3,SYNTH
2026-04-21 13:55:28.799Z,5.3453,4,SYNTH
2026-04-21 13:55:29.086Z,5.3490,3,SYNTH
2026-04-21 13:55:30.162Z,5.3456,3,SYNTH
2026-04-21 13:55:31.460Z,5.3504,3,SYNTH
2026-04-21 13:55:32.260Z,5.3494,4,SYNTH
2026-04-21 13:55:33.020Z,5.3516,5,SYNTH
2026-04-21 13:55:34.643Z,5.3486,4,SYNTH
2026-04-21 13:55:35.741Z,5.3460,4,SYNTH
2026-04-21 13:55:36.752Z,5.3504,4,SYNTH
2026-04-21 13:55:37.628Z,5.3492,7,SYNTH
2026-04-21 13:55:38.026Z,5.3524,9,SYNTH
2026-04-21 13:55:39.820Z,5.3487,8,SYNTH
2026-04-21 13:55:40.401Z,5.3544,10,SYNTH
2026-04-21 13:55:41.085Z,5.3467,4,SYNTH
2026-04-21 13:55:42.432Z,5.3531,5,SYNTH
2026-04-21 13:55:43.414Z,5.3463,3,SYNTH
2026-04-21 13:55:44.610Z,5.3539,5,SYNTH
2026-04-21 13:55:45.502Z,5.3448,8,SYNTH
2026-04-21 13:55:46.388Z,5.3514,5,SYNTH
2026-04-21 13:55:47.027Z,5.3522,5,SYNTH
2026-04-21 13:55:48.110Z,5.3520,3,SYNTH
2026-04-21 13:55:49.029Z,5.3485,4,SYNTH
2026-04-21 13:55:50.885Z,5.3443,6,SYNTH
2026-04-21 13:55:51.683Z,5.3541,3,SYNTH
2026-04-21 13:55:52.445Z,5.3477,4,SYNTH
2026-04-21 13:55:53.296Z,5.3534,5,SYNTH
2026-04-21 13:55:54.817Z,5.3540,4,SYNTH
2026-04-21 13:55:55.354Z,5.3495,4,SYNTH
2026-04-21 13:55:56.603Z,5.3471,5,SYNTH
2026-04-21 13:55:57.606Z,5.3521,5,SYNTH
2026-04-21 13:55:58.234Z,5.3451,3,SYNTH
2026-04-21 13:55:59.036Z,5.3518,8,SYNTH
2026-04-21 13:56:00.764Z,5.3513,61,SYNTH
2026-04-21 13:56:01.025Z,5.3483,97,SYNTH
2026-04-21 13:56:02.340Z,5.3485,56,SYNTH
2026-04-21 13:56:03.439Z,5.3545,71,SYNTH
2026-04-21 13:56:04.792Z,5.3468,46,SYNTH
2026-04-21 13:56:05.672Z,5.3468,40,SYNTH
2026-04-21 13:56:06.227Z,5.3486,79,SYNTH
2026-04-21 13:56:07.804Z,5.3520,93,SYNTH
2026-04-21 13:56:08.815Z,5.3496,54,SYNTH
2026-04-21 13:56:09.167Z,5.3529,45,SYNTH
2026-04-21 13:56:10.000Z,5.3491,74,SYNTH
2026-04-21 13:56:11.566Z,5.3502,213,SYNTH
2026-04-21 13:56:12.335Z,5.3516,124,SYNTH
2026-04-21 13:56:13.149Z,5.3473,108,SYNTH
2026-04-21 13:56:14.522Z,5.3504,41,SYNTH
2026-04-21 13:56:15.686Z,5.3530,61,SYNTH
2026-04-21 13:56:16.804Z,5.3458,121,SYNTH
2026-04-21 13:56:17.692Z,5.3479,64,SYNTH
2026-04-21 13:56:18.795Z,5.3520,112,SYNTH
2026-04-21 13:56:19.800Z,5.3470,102,SYNTH
2026-04-21 13:56:20.198Z,5.3511,41,SYNTH
2026-04-21 13:56:21.435Z,5.3534,66,SYNTH
2026-04-21 13:56:22.571Z,5.3469,41,SYNTH
2026-04-21 13:56:23.642Z,5.3533,46,SYNTH
2026-04-21 13:56:24.327Z,5.3542,54,SYNTH
2026-04-21 13:56:25.868Z,5.3561,58,SYNTH
2026-04-21 13:56:26.280Z,5.3555,57,SYNTH
2026-04-21 13:56:27.231Z,5.3577,68,SYNTH
2026-04-21 13:56:28.650Z,5.3589,60,SYNTH
2026-04-21 13:56:29.573Z,5.3623,65,SYNTH
2026-04-21 13:56:30.162Z,5.3596,52,SYNTH
2026-04-21 13:56:31.649Z,5.3621,63,SYNTH
2026-04-21 13:56:32.137Z,5.3623,33,SYNTH
2026-04-21 13:56:33.367Z,5.3632,60,SYNTH
2026-04-21 13:56:34.370Z,5.3655,43,SYNTH
2026-04-21 13:56:35.688Z,5.3667,32,SYNTH
2026-04-21 13:56:36.140Z,5.3627,43,SYNTH
2026-04-21 13:56:37.559Z,5.3676,156,SYNTH
2026-04-21 13:56:38.031Z,5.3609,119,SYNTH
2026-04-21 13:56:39.701Z,5.3612,162,SYNTH
2026-04-21 13:56:40.608Z,5.3671,94,SYNTH
2026-04-21 13:56:41.549Z,5.3627,70,SYNTH
2026-04-21 13:56:42.227Z,5.3660,76,SYNTH
2026-04-21 13:56:43.658Z,5.3625,50,SYNTH
2026-04-21 13:56:44.056Z,5.3607,40,SYNTH
2026-04-21 13:56:45.086Z,5.3612,82,SYNTH
2026-04-21 13:56:46.315Z,5.3649,83,SYNTH
2026-04-21 13:56:47.350Z,5.3609,118,SYNTH
2026-04-21 13:56:48.785Z,5.3641,83,SYNTH
2026-04-21 13:56:49.580Z,5.3650,64,SYNTH
2026-04-21 13:56:50.583Z,5.3621,70,SYNTH
2026-04-21 13:56:51.890Z,5.3664,56,SYNTH
2026-04-21 13:56:52.414Z,5.3669,50,SYNTH
2026-04-21 13:56:53.006Z,5.3630,68,SYNTH
2026-04-21 13:56:54.726Z,5.3658,88,SYNTH
2026-04-21 13:56:55.465Z,5.3619,76,SYNTH
2026-04-21 13:56:56.775Z,5.3688,103,SYNTH
2026-04-21 13:56:57.365Z,5.3663,49,SYNTH
2026-04-21 13:56:58.409Z,5.3620,68,SYNTH
2026-04-21 13:56:59.317Z,5.3671,99,SYNTH
2026-04-21 13:57:00.082Z,5.3626,104,SYNTH
2026-04-21 13:57:01.468Z,5.3648,96,SYNTH
2026-04-21 13:57:02.724Z,5.3563,77,SYNTH
2026-04-21 13:57:03.772Z,5.3568,107,SYNTH
2026-04-21 13:57:04.566Z,5.3611,55,SYNTH
2026-04-21 13:57:05.613Z,5.3611,81,SYNTH
2026-04-21 13:57:06.299Z,5.3576,72,SYNTH
2026-04-21 13:57:07.387Z,5.3560,56,SYNTH
2026-04-21 13:57:08.761Z,5.3636,88,SYNTH
2026-04-21 13:57:09.371Z,5.3579,61,SYNTH
2026-04-21 13:57:10.557Z,5.3622,82,SYNTH
2026-04-21 13:57:11.324Z,5.3592,222,SYNTH
2026-04-21 13:57:12.854Z,5.3613,148,SYNTH
2026-04-21 13:57:13.644Z,5.3594,165,SYNTH
2026-04-21 13:57:14.472Z,5.3612,48,SYNTH
2026-04-21 13:57:15.205Z,5.3580,43,SYNTH
2026-04-21 13:57:16.718Z,5.3635,90,SYNTH
2026-04-21 13:57:17.877Z,5.3591,61,SYNTH
2026-04-21 13:57:18.402Z,5.3623,62,SYNTH
2026-04-21 13:57:19.259Z,5.3593,83,SYNTH
2026-04-21 13:57:20.041Z,5.3639,69,SYNTH
2026-04-21 13:57:21.283Z,5.3578,32,SYNTH
2026-04-21 13:57:22.348Z,5.3578,46,SYNTH
2026-04-21 13:57:23.444Z,5.3599,43,SYNTH
2026-04-21 13:57:24.517Z,5.3543,35,SYNTH
2026-04-21 13:57:25.894Z,5.3551,38,SYNTH
2026-04-21 13:57:26.022Z,5.3540,58,SYNTH
2026-04-21 13:57:27.806Z,5.3585,57,SYNTH
2026-04-21 13:57:28.259Z,5.3528,70,SYNTH
2026-04-21 13:57:29.489Z,5.3502,31,SYNTH
2026-04-21 13:57:30.361Z,5.3551,71,SYNTH
2026-04-21 13:57:31.496Z,5.3513,70,SYNTH
2026-04-21 13:57:32.232Z,5.3570,57,SYNTH
2026-04-21 13:57:33.885Z,5.3487,53,SYNTH
2026-04-21 13:57:34.760Z,5.3497,72,SYNTH
2026-04-21 13:57:35.120Z,5.3483,73,SYNTH
2026-04-21 13:57:36.329Z,5.3533,30,SYNTH
2026-04-21 13:57:37.366Z,5.3507,156,SYNTH
2026-04-21 13:57:38.267Z,5.3497,82,SYNTH
2026-04-21 13:57:39.671Z,5.3473,153,SYNTH
2026-04-21 13:57:40.073Z,5.3503,150,SYNTH
2026-04-21 13:57:41.101Z,5.3530,47,SYNTH
2026-04-21 13:57:42.365Z,5.3524,37,SYNTH
2026-04-21 13:57:43.561Z,5.3460,75,SYNTH
2026-04-21 13:57:44.197Z,5.3516,62,SYNTH
2026-04-21 13:57:45.377Z,5.3538,72,SYNTH
2026-04-21 13:57:46.438Z,5.3485,94,SYNTH
2026-04-21 13:57:47.646Z,5.3471,84,SYNTH
2026-04-21 13:57:48.471Z,5.3466,67,SYNTH
2026-04-21 13:57:49.430Z,5.3526,82,SYNTH
2026-04-21 13:57:50.812Z,5.3488,73,SYNTH
2026-04-21 13:57:51.544Z,5.3544,52,SYNTH
2026-04-21 13:57:52.499Z,5.3474,83,SYNTH
2026-04-21 13:57:53.197Z,5.3509,69,SYNTH
2026-04-21 13:57:54.885Z,5.3526,93,SYNTH
2026-04-21 13:57:55.877Z,5.3524,105,SYNTH
2026-04-21 13:57:56.303Z,5.3475,70,SYNTH
2026-04-21 13:57:57.079Z,5.3530,68,SYNTH
2026-04-21 13:57:58.367Z,5.3473,85,SYNTH
2026-04-21 13:57:59.644Z,5.3509,99,SYNTH
2026-04-21 13:58:00.428Z,5.3525,54,SYNTH
2026-04-21 13:58:01.638Z,5.3472,23,SYNTH
2026-04-21 13:58:02.796Z,5.3515,51,SYNTH
2026-04-21 13:58:03.251Z,5.3515,29,SYNTH
2026-04-21 13:58:04.423Z,5.3473,32,SYNTH
2026-04-21 13:58:05.162Z,5.3480,35,SYNTH
2026-04-21 13:58:06.609Z,5.3507,28,SYNTH
2026-04-21 13:58:07.806Z,5.3540,40,SYNTH
2026-04-21 13:58:08.049Z,5.3479,26,SYNTH
2026-04-21 13:58:09.119Z,5.3512,29,SYNTH
2026-04-21 13:58:10.505Z,5.3493,22,SYNTH
2026-04-21 13:58:11.896Z,5.3482,67,SYNTH
2026-04-21 13:58:12.312Z,5.3517,102,SYNTH
2026-04-21 13:58:13.143Z,5.3525,104,SYNTH
2026-04-21 13:58:14.862Z,5.3485,29,SYNTH
2026-04-21 13:58:15.468Z,5.3487,29,SYNTH
2026-04-21 13:58:16.476Z,5.3527,37,SYNTH
2026-04-21 13:58:17.304Z,5.3455,65,SYNTH
2026-04-21 13:58:18.429Z,5.3525,56,SYNTH
2026-04-21 13:58:19.583Z,5.3514,30,SYNTH
2026-04-21 13:58:20.550Z,5.3485,24,SYNTH
2026-04-21 13:58:21.688Z,5.3541,23,SYNTH
2026-04-21 13:58:22.518Z,5.3463,23,SYNTH
2026-04-21 13:58:23.689Z,5.3483,35,SYNTH
2026-04-21 13:58:24.705Z,5.3484,29,SYNTH
2026-04-21 13:58:25.416Z,5.3487,17,SYNTH
2026-04-21 13:58:26.638Z,5.3533,23,SYNTH
2026-04-21 13:58:27.201Z,5.3536,31,SYNTH
2026-04-21 13:58:28.742Z,5.3518,26,SYNTH
2026-04-21 13:58:29.244Z,5.3470,32,SYNTH
2026-04-21 13:58:30.074Z,5.3531,33,SYNTH
2026-04-21 13:58:31.737Z,5.3478,17,SYNTH
2026-04-21 13:58:32.675Z,5.3473,28,SYNTH
2026-04-21 13:58:33.439Z,5.3525,34,SYNTH
2026-04-21 13:58:34.528Z,5.3515,28,SYNTH
2026-04-21 13:58:35.360Z,5.3480,22,SYNTH
2026-04-21 13:58:36.545Z,5.3538,24,SYNTH
2026-04-21 13:58:37.850Z,5.3535,86,SYNTH
2026-04-21 13:58:38.342Z,5.3488,45,SYNTH
2026-04-21 13:58:39.348Z,5.3457,44,SYNTH
2026-04-21 13:58:40.227Z,5.3534,96,SYNTH
2026-04-21 13:58:41.222Z,5.3476,23,SYNTH
2026-04-21 13:58:42.537Z,5.3522,34,SYNTH
2026-04-21 13:58:43.697Z,5.3506,17,SYNTH
2026-04-21 13:58:44.599Z,5.3517,36,SYNTH
2026-04-21 13:58:45.001Z,5.3467,30,SYNTH
2026-04-21 13:58:46.028Z,5.3516,39,SYNTH
2026-04-21 13:58:47.361Z,5.3532,64,SYNTH
2026-04-21 13:58:48.088Z,5.3546,38,SYNTH
2026-04-21 13:58:49.314Z,5.3475,27,SYNTH
2026-04-21 13:58:50.046Z,5.3518,28,SYNTH
2026-04-21 13:58:51.450Z,5.3485,25,SYNTH
2026-04-21 13:58:52.798Z,5.3514,35,SYNTH
2026-04-21 13:58:53.024Z,5.3484,39,SYNTH
2026-04-21 13:58:54.354Z,5.3471,30,SYNTH
2026-04-21 13:58:55.163Z,5.3498,40,SYNTH
2026-04-21 13:58:56.620Z,5.3520,48,SYNTH
2026-04-21 13:58:57.739Z,5.3523,49,SYNTH
2026-04-21 13:58:58.353Z,5.3481,46,SYNTH
2026-04-21 13:58:59.203Z,5.3500,33,SYNTH
2026-04-21 13:59:00.443Z,5.3433,3,SYNTH
2026-04-21 13:59:01.414Z,5.3407,6,SYNTH
2026-04-21 13:59:02.752Z,5.3364,5,SYNTH
2026-04-21 13:59:03.222Z,5.3411,6,SYNTH
2026-04-21 13:59:04.547Z,5.3405,3,SYNTH
2026-04-21 13:59:05.586Z,5.3414,6,SYNTH
2026-04-21 13:59:06.838Z,5.3358,7,SYNTH
2026-04-21 13:59:07.318Z,5.3416,6,SYNTH
2026-04-21 13:59:08.845Z,5.3372,4,SYNTH
2026-04-21 13:59:09.390Z,5.3443,4,SYNTH
2026-04-21 13:59:10.439Z,5.3348,4,SYNTH
2026-04-21 13:59:11.306Z,5.3438,15,SYNTH
2026-04-21 13:59:12.078Z,5.3441,14,SYNTH
2026-04-21 13:59:13.006Z,5.3437,7,SYNTH
2026-04-21 13:59:14.260Z,5.3389,5,SYNTH
2026-04-21 13:59:15.766Z,5.3427,4,SYNTH
2026-04-21 13:59:16.396Z,5.3385,5,SYNTH
2026-04-21 13:59:17.116Z,5.3430,9,SYNTH
2026-04-21 13:59:18.114Z,5.3409,7,SYNTH
2026-04-21 13:59:19.703Z,5.3366,9,SYNTH
2026-04-21 13:59:20.773Z,5.3437,5,SYNTH
2026-04-21 13:59:21.501Z,5.3424,3,SYNTH
2026-04-21 13:59:22.840Z,5.3379,4,SYNTH
2026-04-21 13:59:23.259Z,5.3366,3,SYNTH
2026-04-21 13:59:24.523Z,5.3427,4,SYNTH
2026-04-21 13:59:25.594Z,5.3358,2,SYNTH
2026-04-21 13:59:26.010Z,5.3422,2,SYNTH
2026-04-21 13:59:27.477Z,5.3371,2,SYNTH
2026-04-21 13:59:28.264Z,5.3447,5,SYNTH
2026-04-21 13:59:29.787Z,5.3387,4,SYNTH
2026-04-21 13:59:30.683Z,5.3451,3,SYNTH
2026-04-21 13:59:31.634Z,5.3385,2,SYNTH
2026-04-21 13:59:32.162Z,5.3412,3,SYNTH
2026-04-21 13:59:33.531Z,5.3375,3,SYNTH
2026-04-21 13:59:34.780Z,5.3374,4,SYNTH
2026-04-21 13:59:35.118Z,5.3369,4,SYNTH
2026-04-21 13:59:36.076Z,5.3431,2,SYNTH
2026-04-21 13:59:37.341Z,5.3426,6,SYNTH
2026-04-21 13:59:38.600Z,5.3386,6,SYNTH
2026-04-21 13:59:39.500Z,5.3382,7,SYNTH
2026-04-21 13:59:40.647Z,5.3408,6,SYNTH
2026-04-21 13:59:41.740Z,5.3412,4,SYNTH
2026-04-21 13:59:42.285Z,5.3373,3,SYNTH
2026-04-21 13:59:43.162Z,5.3421,6,SYNTH
2026-04-21 13:59:44.293Z,5.3398,5,SYNTH
2026-04-21 13:59:45.002Z,5.3423,7,SYNTH
2026-04-21 13:59:46.666Z,5.3373,5,SYNTH
2026-04-21 13:59:47.786Z,5.3437,5,SYNTH
2026-04-21 13:59:48.783Z,5.3368,4,SYNTH
2026-04-21 13:59:49.769Z,5.3389,4,SYNTH
2026-04-21 13:59:50.367Z,5.3420,4,SYNTH
2026-04-21 13:59:51.084Z,5.3435,3,SYNTH
2026-04-21 13:59:52.698Z,5.3384,6,SYNTH
2026-04-21 13:59:53.587Z,5.3409,6,SYNTH
2026-04-21 13:59:54.239Z,5.3359,3,SYNTH
2026-04-21 13:59:55.770Z,5.3419,7,SYNTH
2026-04-21 13:59:56.282Z,5.3443,6,SYNTH
2026-04-21 13:59:57.300Z,5.3352,7,SYNTH
2026-04-21 13:59:58.198Z,5.3408,6,SYNTH
2026-04-21 13:59:59.541Z,5.3408,8,SYNTH
2026-04-21 14:00:00.444Z,5.3432,159,SYNTH
2026-04-21 14:00:01.106Z,5.3373,122,SYNTH
2026-04-21 14:00:02.826Z,5.3440,84,SYNTH
2026-04-21 14:00:03.342Z,5.3380,84,SYNTH
2026-04-21 14:00:04.768Z,5.3425,134,SYNTH
2026-04-21 14:00:05.110Z,5.3436,101,SYNTH
2026-04-21 14:00:06.258Z,5.3385,147,SYNTH
2026-04-21 14:00:07.073Z,5.3412,87,SYNTH
2026-04-21 14:00:08.590Z,5.3380,142,SYNTH
2026-04-21 14:00:09.376Z,5.3362,81,SYNTH
2026-04-21 14:00:10.888Z,5.3409,136,SYNTH
2026-04-21 14:00:11.162Z,5.3380,159,SYNTH
2026-04-21 14:00:12.053Z,5.3438,287,SYNTH
2026-04-21 14:00:13.045Z,5.3400,295,SYNTH
2026-04-21 14:00:14.865Z,5.3370,115,SYNTH
2026-04-21 14:00:15.601Z,5.3358,124,SYNTH
2026-04-21 14:00:16.337Z,5.3451,164,SYNTH
2026-04-21 14:00:17.468Z,5.3385,135,SYNTH
2026-04-21 14:00:18.492Z,5.3410,190,SYNTH
2026-04-21 14:00:19.160Z,5.3386,198,SYNTH
2026-04-21 14:00:20.884Z,5.3397,97,SYNTH
2026-04-21 14:00:21.314Z,5.3377,117,SYNTH
2026-04-21 14:00:22.539Z,5.3334,61,SYNTH
2026-04-21 14:00:23.309Z,5.3334,68,SYNTH
2026-04-21 14:00:24.264Z,5.3329,115,SYNTH
2026-04-21 14:00:25.442Z,5.3306,50,SYNTH
2026-04-21 14:00:26.089Z,5.3296,96,SYNTH
2026-04-21 14:00:27.663Z,5.3272,103,SYNTH
2026-04-21 14:00:28.092Z,5.3249,112,SYNTH
2026-04-21 14:00:29.747Z,5.3228,106,SYNTH
2026-04-21 14:00:30.649Z,5.3226,79,SYNTH
2026-04-21 14:00:31.071Z,5.3188,85,SYNTH
2026-04-21 14:00:32.310Z,5.3192,111,SYNTH
2026-04-21 14:00:33.191Z,5.3163,106,SYNTH
2026-04-21 14:00:34.138Z,5.3141,91,SYNTH
2026-04-21 14:00:35.777Z,5.3186,105,SYNTH
2026-04-21 14:00:36.157Z,5.3111,70,SYNTH
2026-04-21 14:00:37.028Z,5.3119,259,SYNTH
2026-04-21 14:00:38.596Z,5.3162,223,SYNTH
2026-04-21 14:00:39.798Z,5.3142,146,SYNTH
2026-04-21 14:00:40.522Z,5.3150,179,SYNTH
2026-04-21 14:00:41.680Z,5.3179,66,SYNTH
2026-04-21 14:00:42.400Z,5.3161,109,SYNTH
2026-04-21 14:00:43.251Z,5.3215,89,SYNTH
2026-04-21 14:00:44.867Z,5.3208,92,SYNTH
2026-04-21 14:00:45.224Z,5.3223,122,SYNTH
2026-04-21 14:00:46.401Z,5.3167,185,SYNTH
2026-04-21 14:00:47.674Z,5.3253,139,SYNTH
2026-04-21 14:00:48.719Z,5.3177,75,SYNTH
2026-04-21 14:00:49.843Z,5.3246,139,SYNTH
2026-04-21 14:00:50.774Z,5.3234,66,SYNTH
2026-04-21 14:00:51.270Z,5.3243,144,SYNTH
2026-04-21 14:00:52.240Z,5.3269,98,SYNTH
2026-04-21 14:00:53.371Z,5.3280,95,SYNTH
2026-04-21 14:00:54.856Z,5.3303,121,SYNTH
2026-04-21 14:00:55.403Z,5.3309,140,SYNTH
2026-04-21 14:00:56.095Z,5.3254,137,SYNTH
2026-04-21 14:00:57.194Z,5.3303,141,SYNTH
2026-04-21 14:00:58.325Z,5.3308,149,SYNTH
2026-04-21 14:00:59.278Z,5.3274,155,SYNTH
2026-04-21 14:01:00.674Z,5.3207,20,SYNTH
2026-04-21 14:01:01.066Z,5.3225,33,SYNTH
2026-04-21 14:01:02.654Z,5.3184,38,SYNTH
2026-04-21 14:01:03.443Z,5.3211,19,SYNTH
2026-04-21 14:01:04.595Z,5.3228,28,SYNTH
2026-04-21 14:01:05.799Z,5.3181,26,SYNTH
2026-04-21 14:01:06.305Z,5.3231,35,SYNTH
2026-04-21 14:01:07.712Z,5.3165,30,SYNTH
2026-04-21 14:01:08.677Z,5.3205,30,SYNTH
2026-04-21 14:01:09.328Z,5.3221,17,SYNTH
2026-04-21 14:01:10.135Z,5.3246,28,SYNTH
2026-04-21 14:01:11.610Z,5.3170,67,SYNTH
2026-04-21 14:01:12.240Z,5.3241,80,SYNTH
2026-04-21 14:01:13.386Z,5.3186,61,SYNTH
2026-04-21 14:01:14.277Z,5.3160,15,SYNTH
2026-04-21 14:01:15.377Z,5.3210,26,SYNTH
2026-04-21 14:01:16.709Z,5.3162,23,SYNTH
2026-04-21 14:01:17.416Z,5.3211,27,SYNTH
2026-04-21 14:01:18.696Z,5.3205,33,SYNTH
2026-04-21 14:01:19.629Z,5.3204,36,SYNTH
2026-04-21 14:01:20.343Z,5.3217,22,SYNTH
2026-04-21 14:01:21.854Z,5.3238,14,SYNTH
2026-04-21 14:01:22.250Z,5.3228,13,SYNTH
2026-04-21 14:01:23.514Z,5.3176,12,SYNTH
2026-04-21 14:01:24.632Z,5.3235,15,SYNTH
2026-04-21 14:01:25.154Z,5.3238,26,SYNTH
2026-04-21 14:01:26.024Z,5.3263,27,SYNTH
2026-04-21 14:01:27.239Z,5.3193,15,SYNTH
2026-04-21 14:01:28.036Z,5.3260,18,SYNTH
2026-04-21 14:01:29.048Z,5.3252,17,SYNTH
2026-04-21 14:01:30.768Z,5.3277,21,SYNTH
2026-04-21 14:01:31.608Z,5.3312,24,SYNTH
2026-04-21 14:01:32.694Z,5.3311,16,SYNTH
2026-04-21 14:01:33.183Z,5.3313,19,SYNTH
2026-04-21 14:01:34.893Z,5.3305,25,SYNTH
2026-04-21 14:01:35.751Z,5.3242,26,SYNTH
2026-04-21 14:01:36.719Z,5.3342,12,SYNTH
2026-04-21 14:01:37.238Z,5.3340,50,SYNTH
2026-04-21 14:01:38.019Z,5.3296,45,SYNTH
2026-04-21 14:01:39.718Z,5.3281,71,SYNTH
2026-04-21 14:01:40.145Z,5.3294,45,SYNTH
2026-04-21 14:01:41.355Z,5.3271,28,SYNTH
2026-04-21 14:01:42.013Z,5.3311,23,SYNTH
2026-04-21 14:01:43.316Z,5.3265,30,SYNTH
2026-04-21 14:01:44.800Z,5.3307,17,SYNTH
2026-04-21 14:01:45.636Z,5.3263,28,SYNTH
2026-04-21 14:01:46.499Z,5.3279,36,SYNTH
2026-04-21 14:01:47.343Z,5.3301,22,SYNTH
2026-04-21 14:01:48.548Z,5.3315,20,SYNTH
2026-04-21 14:01:49.462Z,5.3317,20,SYNTH
2026-04-21 14:01:50.823Z,5.3257,24,SYNTH
2026-04-21 14:01:51.285Z,5.3322,19,SYNTH
2026-04-21 14:01:52.086Z,5.3322,19,SYNTH
2026-04-21 14:01:53.431Z,5.3297,16,SYNTH
2026-04-21 14:01:54.362Z,5.3269,38,SYNTH
2026-04-21 14:01:55.293Z,5.3316,31,SYNTH
2026-04-21 14:01:56.023Z,5.3276,35,SYNTH
2026-04-21 14:01:57.093Z,5.3259,31,SYNTH
2026-04-21 14:01:58.705Z,5.3306,42,SYNTH
2026-04-21 14:01:59.854Z,5.3316,36,SYNTH
2026-04-21 14:02:00.261Z,5.3385,122,SYNTH
2026-04-21 14:02:01.064Z,5.3336,124,SYNTH
2026-04-21 14:02:02.284Z,5.3346,65,SYNTH
2026-04-21 14:02:03.577Z,5.3316,112,SYNTH
2026-04-21 14:02:04.700Z,5.3363,119,SYNTH
2026-04-21 14:02:05.403Z,5.3336,112,SYNTH
2026-04-21 14:02:06.111Z,5.3359,87,SYNTH
2026-04-21 14:02:07.302Z,5.3321,98,SYNTH
2026-04-21 14:02:08.760Z,5.3354,83,SYNTH
2026-04-21 14:02:09.372Z,5.3318,81,SYNTH
2026-04-21 14:02:10.861Z,5.3349,80,SYNTH
2026-04-21 14:02:11.091Z,5.3311,250,SYNTH
2026-04-21 14:02:12.207Z,5.3368,113,SYNTH
2026-04-21 14:02:13.725Z,5.3327,139,SYNTH
2026-04-21 14:02:14.800Z,5.3323,61,SYNTH
2026-04-21 14:02:15.105Z,5.3383,43,SYNTH
2026-04-21 14:02:16.528Z,5.3312,107,SYNTH
2026-04-21 14:02:17.054Z,5.3337,99,SYNTH
2026-04-21 14:02:18.776Z,5.3321,93,SYNTH
2026-04-21 14:02:19.739Z,5.3394,123,SYNTH
2026-04-21 14:02:20.114Z,5.3336,53,SYNTH
2026-04-21 14:02:21.848Z,5.3340,88,SYNTH
2026-04-21 14:02:22.661Z,5.3284,66,SYNTH
2026-04-21 14:02:23.472Z,5.3268,70,SYNTH
2026-04-21 14:02:24.879Z,5.3277,77,SYNTH
2026-04-21 14:02:25.122Z,5.3261,81,SYNTH
2026-04-21 14:02:26.412Z,5.3270,60,SYNTH
2026-04-21 14:02:27.487Z,5.3233,56,SYNTH
2026-04-21 14:02:28.883Z,5.3235,35,SYNTH
2026-04-21 14:02:29.372Z,5.3216,71,SYNTH
2026-04-21 14:02:30.217Z,5.3195,50,SYNTH
2026-04-21 14:02:31.395Z,5.3159,83,SYNTH
2026-04-21 14:02:32.762Z,5.3136,50,SYNTH
2026-04-21 14:02:33.885Z,5.3105,84,SYNTH
2026-04-21 14:02:34.727Z,5.3115,80,SYNTH
2026-04-21 14:02:35.460Z,5.3133,74,SYNTH
2026-04-21 14:02:36.042Z,5.3057,72,SYNTH
2026-04-21 14:02:37.753Z,5.3154,213,SYNTH
2026-04-21 14:02:38.852Z,5.3058,137,SYNTH
2026-04-21 14:02:39.041Z,5.3138,199,SYNTH
2026-04-21 14:02:40.624Z,5.3132,131,SYNTH
2026-04-21 14:02:41.134Z,5.3100,86,SYNTH
2026-04-21 14:02:42.351Z,5.3132,39,SYNTH
2026-04-21 14:02:43.775Z,5.3159,88,SYNTH
2026-04-21 14:02:44.779Z,5.3159,82,SYNTH
2026-04-21 14:02:45.241Z,5.3164,108,SYNTH
2026-04-21 14:02:46.850Z,5.3130,105,SYNTH
2026-04-21 14:02:47.274Z,5.3172,126,SYNTH
2026-04-21 14:02:48.646Z,5.3133,78,SYNTH
2026-04-21 14:02:49.517Z,5.3200,47,SYNTH
2026-04-21 14:02:50.055Z,5.3202,105,SYNTH
2026-04-21 14:02:51.217Z,5.3239,87,SYNTH
2026-04-21 14:02:52.556Z,5.3233,89,SYNTH
2026-04-21 14:02:53.785Z,5.3247,110,SYNTH
2026-04-21 14:02:54.456Z,5.3279,99,SYNTH
2026-04-21 14:02:55.198Z,5.3289,119,SYNTH
2026-04-21 14:02:56.879Z,5.3294,92,SYNTH
2026-04-21 14:02:57.458Z,5.3265,98,SYNTH
2026-04-21 14:02:58.199Z,5.3321,64,SYNTH
2026-04-21 14:02:59.079Z,5.3319,58,SYNTH
2026-04-21 14:03:00.085Z,5.3302,11,SYNTH
2026-04-21 14:03:01.633Z,5.3258,7,SYNTH
2026-04-21 14:03:02.642Z,5.3268,5,SYNTH
2026-04-21 14:03:03.495Z,5.3342,5,SYNTH
2026-04-21 14:03:04.647Z,5.3279,10,SYNTH
2026-04-21 14:03:05.097Z,5.3309,6,SYNTH
2026-04-21 14:03:06.093Z,5.3344,9,SYNTH
2026-04-21 14:03:07.693Z,5.3272,5,SYNTH
2026-04-21 14:03:08.511Z,5.3298,4,SYNTH
2026-04-21 14:03:09.423Z,5.3283,6,SYNTH
2026-04-21 14:03:10.096Z,5.3329,7,SYNTH
2026-04-21 14:03:11.139Z,5.3287,15,SYNTH
2026-04-21 14:03:12.709Z,5.3274,18,SYNTH
2026-04-21 14:03:13.278Z,5.3317,14,SYNTH
2026-04-21 14:03:14.421Z,5.3277,6,SYNTH
2026-04-21 14:03:15.151Z,5.3309,7,SYNTH
2026-04-21 14:03:16.863Z,5.3296,6,SYNTH
2026-04-21 14:03:17.459Z,5.3310,14,SYNTH
2026-04-21 14:03:18.674Z,5.3317,9,SYNTH
2026-04-21 14:03:19.883Z,5.3288,14,SYNTH
2026-04-21 14:03:20.704Z,5.3323,7,SYNTH
2026-04-21 14:03:21.466Z,5.3258,5,SYNTH
2026-04-21 14:03:22.868Z,5.3292,5,SYNTH
2026-04-21 14:03:23.608Z,5.3323,5,SYNTH
2026-04-21 14:03:24.269Z,5.3343,7,SYNTH
2026-04-21 14:03:25.503Z,5.3297,6,SYNTH
2026-04-21 14:03:26.580Z,5.3317,3,SYNTH
2026-04-21 14:03:27.627Z,5.3268,6,SYNTH
2026-04-21 14:03:28.031Z,5.3312,3,SYNTH
2026-04-21 14:03:29.593Z,5.3258,6,SYNTH
2026-04-21 14:03:30.886Z,5.3268,7,SYNTH
2026-04-21 14:03:31.031Z,5.3318,7,SYNTH
2026-04-21 14:03:32.643Z,5.3302,6,SYNTH
2026-04-21 14:03:33.897Z,5.3276,3,SYNTH
2026-04-21 14:03:34.053Z,5.3315,3,SYNTH
2026-04-21 14:03:35.134Z,5.3312,7,SYNTH
2026-04-21 14:03:36.492Z,5.3304,3,SYNTH
2026-04-21 14:03:37.645Z,5.3250,13,SYNTH
2026-04-21 14:03:38.762Z,5.3341,17,SYNTH
2026-04-21 14:03:39.326Z,5.3271,16,SYNTH
2026-04-21 14:03:40.599Z,5.3261,12,SYNTH
2026-04-21 14:03:41.560Z,5.3316,7,SYNTH
2026-04-21 14:03:42.446Z,5.3258,4,SYNTH
2026-04-21 14:03:43.535Z,5.3308,4,SYNTH
2026-04-21 14:03:44.615Z,5.3252,5,SYNTH
2026-04-21 14:03:45.558Z,5.3321,12,SYNTH
2026-04-21 14:03:46.754Z,5.3321,5,SYNTH
2026-04-21 14:03:47.408Z,5.3265,12,SYNTH
2026-04-21 14:03:48.809Z,5.3283,4,SYNTH
2026-04-21 14:03:49.848Z,5.3310,9,SYNTH
2026-04-21 14:03:50.389Z,5.3266,5,SYNTH
2026-04-21 14:03:51.439Z,5.3249,5,SYNTH
2026-04-21 14:03:52.043Z,5.3298,8,SYNTH
2026-04-21 14:03:53.810Z,5.3311,6,SYNTH
2026-04-21 14:03:54.200Z,5.3326,6,SYNTH
2026-04-21 14:03:55.262Z,5.3342,7,SYNTH
2026-04-21 14:03:56.207Z,5.3267,7,SYNTH
2026-04-21 14:03:57.430Z,5.3322,6,SYNTH
2026-04-21 14:03:58.119Z,5.3270,9,SYNTH
2026-04-21 14:03:59.870Z,5.3306,8,SYNTH
2026-04-21 14:04:00.702Z,5.3263,81,SYNTH
2026-04-21 14:04:01.424Z,5.3221,33,SYNTH
2026-04-21 14:04:02.164Z,5.3288,34,SYNTH
2026-04-21 14:04:03.626Z,5.3268,46,SYNTH
2026-04-21 14:04:04.445Z,5.3193,48,SYNTH
2026-04-21 14:04:05.066Z,5.3277,71,SYNTH
2026-04-21 14:04:06.035Z,5.3198,40,SYNTH
2026-04-21 14:04:07.361Z,5.3195,37,SYNTH
2026-04-21 14:04:08.833Z,5.3176,62,SYNTH
2026-04-21 14:04:09.036Z,5.3190,55,SYNTH
2026-04-21 14:04:10.583Z,5.3216,49,SYNTH
2026-04-21 14:04:11.685Z,5.3208,75,SYNTH
2026-04-21 14:04:12.408Z,5.3198,114,SYNTH
2026-04-21 14:04:13.076Z,5.3179,149,SYNTH
2026-04-21 14:04:14.662Z,5.3213,36,SYNTH
2026-04-21 14:04:15.535Z,5.3206,32,SYNTH
2026-04-21 14:04:16.400Z,5.3221,57,SYNTH
2026-04-21 14:04:17.791Z,5.3252,45,SYNTH
2026-04-21 14:04:18.579Z,5.3226,81,SYNTH
2026-04-21 14:04:19.311Z,5.3246,52,SYNTH
2026-04-21 14:04:20.390Z,5.3239,51,SYNTH
2026-04-21 14:04:21.807Z,5.3237,23,SYNTH
2026-04-21 14:04:22.248Z,5.3197,51,SYNTH
2026-04-21 14:04:23.563Z,5.3243,52,SYNTH
2026-04-21 14:04:24.518Z,5.3271,35,SYNTH
2026-04-21 14:04:25.566Z,5.3198,45,SYNTH
2026-04-21 14:04:26.618Z,5.3293,45,SYNTH
2026-04-21 14:04:27.294Z,5.3229,22,SYNTH
2026-04-21 14:04:28.300Z,5.3297,23,SYNTH
2026-04-21 14:04:29.599Z,5.3235,41,SYNTH
2026-04-21 14:04:30.736Z,5.3228,41,SYNTH
2026-04-21 14:04:31.769Z,5.3279,39,SYNTH
2026-04-21 14:04:32.637Z,5.3278,21,SYNTH
2026-04-21 14:04:33.749Z,5.3226,40,SYNTH
2026-04-21 14:04:34.831Z,5.3300,49,SYNTH
2026-04-21 14:04:35.125Z,5.3271,34,SYNTH
2026-04-21 14:04:36.704Z,5.3242,46,SYNTH
2026-04-21 14:04:37.098Z,5.3297,65,SYNTH
2026-04-21 14:04:38.621Z,5.3297,94,SYNTH
2026-04-21 14:04:39.578Z,5.3263,83,SYNTH
2026-04-21 14:04:40.546Z,5.3319,66,SYNTH
2026-04-21 14:04:41.571Z,5.3326,37,SYNTH
2026-04-21 14:04:42.581Z,5.3271,52,SYNTH
2026-04-21 14:04:43.471Z,5.3294,46,SYNTH
2026-04-21 14:04:44.359Z,5.3307,56,SYNTH
2026-04-21 14:04:45.452Z,5.3312,83,SYNTH
2026-04-21 14:04:46.751Z,5.3332,48,SYNTH
2026-04-21 14:04:47.214Z,5.3283,47,SYNTH
2026-04-21 14:04:48.655Z,5.3264,44,SYNTH
2026-04-21 14:04:49.608Z,5.3235,53,SYNTH
2026-04-21 14:04:50.223Z,5.3295,56,SYNTH
2026-04-21 14:04:51.255Z,5.3228,65,SYNTH
2026-04-21 14:04:52.031Z,5.3297,53,SYNTH
2026-04-21 14:04:53.779Z,5.3249,61,SYNTH
2026-04-21 14:04:54.501Z,5.3224,38,SYNTH
2026-04-21 14:04:55.663Z,5.3275,54,SYNTH
2026-04-21 14:04:56.490Z,5.3303,66,SYNTH
2026-04-21 14:04:57.448Z,5.3253,69,SYNTH
2026-04-21 14:04:58.087Z,5.3274,50,SYNTH
2026-04-21 14:04:59.471Z,5.3233,52,SYNTH
2026-04-21 14:05:00.508Z,5.3231,59,SYNTH
2026-04-21 14:05:01.033Z,5.3217,39,SYNTH
2026-04-21 14:05:02.436Z,5.3249,44,SYNTH
2026-04-21 14:05:03.412Z,5.3169,48,SYNTH
2026-04-21 14:05:04.774Z,5.3191,38,SYNTH
2026-04-21 14:05:05.643Z,5.3238,50,SYNTH
2026-04-21 14:05:06.296Z,5.3165,34,SYNTH
2026-04-21 14:05:07.693Z,5.3155,38,SYNTH
2026-04-21 14:05:08.634Z,5.3231,34,SYNTH
2026-04-21 14:05:09.026Z,5.3214,43,SYNTH
2026-04-21 14:05:10.153Z,5.3221,33,SYNTH
2026-04-21 14:05:11.113Z,5.3216,62,SYNTH
2026-04-21 14:05:12.217Z,5.3178,55,SYNTH
2026-04-21 14:05:13.579Z,5.3202,87,SYNTH
2026-04-21 14:05:14.639Z,5.3249,29,SYNTH
2026-04-21 14:05:15.820Z,5.3173,30,SYNTH
2026-04-21 14:05:16.056Z,5.3228,46,SYNTH
2026-04-21 14:05:17.266Z,5.3199,72,SYNTH
2026-04-21 14:05:18.766Z,5.3250,61,SYNTH
2026-04-21 14:05:19.660Z,5.3189,62,SYNTH
2026-04-21 14:05:20.147Z,5.3220,22,SYNTH
2026-04-21 14:05:21.672Z,5.3179,31,SYNTH
2026-04-21 14:05:22.021Z,5.3171,39,SYNTH
2026-04-21 14:05:23.430Z,5.3225,26,SYNTH
2026-04-21 14:05:24.687Z,5.3214,20,SYNTH
2026-04-21 14:05:25.298Z,5.3215,29,SYNTH
2026-04-21 14:05:26.133Z,5.3191,24,SYNTH
2026-04-21 14:05:27.372Z,5.3232,17,SYNTH
2026-04-21 14:05:28.862Z,5.3155,32,SYNTH
2026-04-21 14:05:29.262Z,5.3219,18,SYNTH
2026-04-21 14:05:30.533Z,5.3181,36,SYNTH
2026-04-21 14:05:31.770Z,5.3191,15,SYNTH
2026-04-21 14:05:32.164Z,5.3174,29,SYNTH
2026-04-21 14:05:33.241Z,5.3224,17,SYNTH
2026-04-21 14:05:34.592Z,5.3193,16,SYNTH
2026-04-21 14:05:35.420Z,5.3234,24,SYNTH
2026-04-21 14:05:36.880Z,5.3252,30,SYNTH
2026-04-21 14:05:37.627Z,5.3196,60,SYNTH
2026-04-21 14:05:38.150Z,5.3222,96,SYNTH
2026-04-21 14:05:39.115Z,5.3165,69,SYNTH
2026-04-21 14:05:40.686Z,5.3234,48,SYNTH
2026-04-21 14:05:41.306Z,5.3220,29,SYNTH
2026-04-21 14:05:42.124Z,5.3251,17,SYNTH
2026-04-21 14:05:43.735Z,5.3151,26,SYNTH
2026-04-21 14:05:44.495Z,5.3216,42,SYNTH
2026-04-21 14:05:45.262Z,5.3191,55,SYNTH
2026-04-21 14:05:46.579Z,5.3221,32,SYNTH
2026-04-21 14:05:47.217Z,5.3176,51,SYNTH
2026-04-21 14:05:48.829Z,5.3190,39,SYNTH
2026-04-21 14:05:49.688Z,5.3228,23,SYNTH
2026-04-21 14:05:50.400Z,5.3193,27,SYNTH
2026-04-21 14:05:51.039Z,5.3242,38,SYNTH
2026-04-21 14:05:52.670Z,5.3170,37,SYNTH
2026-04-21 14:05:53.223Z,5.3215,38,SYNTH
2026-04-21 14:05:54.323Z,5.3190,44,SYNTH
2026-04-21 14:05:55.835Z,5.3187,29,SYNTH
2026-04-21 14:05:56.626Z,5.3171,35,SYNTH
2026-04-21 14:05:57.062Z,5.3205,44,SYNTH
2026-04-21 14:05:58.779Z,5.3186,42,SYNTH
2026-04-21 14:05:59.276Z,5.3214,48,SYNTH
2026-04-21 14:06:00.802Z,5.3269,41,SYNTH
2026-04-21 14:06:01.225Z,5.3270,73,SYNTH
2026-04-21 14:06:02.485Z,5.3209,73,SYNTH
2026-04-21 14:06:03.853Z,5.3231,53,SYNTH
2026-04-21 14:06:04.111Z,5.3275,49,SYNTH
2026-04-21 14:06:05.494Z,5.3224,43,SYNTH
2026-04-21 14:06:06.745Z,5.3213,65,SYNTH
2026-04-21 14:06:07.420Z,5.3242,36,SYNTH
2026-04-21 14:06:08.703Z,5.3202,28,SYNTH
2026-04-21 14:06:09.510Z,5.3282,57,SYNTH
2026-04-21 14:06:10.891Z,5.3228,58,SYNTH
2026-04-21 14:06:11.048Z,5.3252,66,SYNTH
2026-04-21 14:06:12.863Z,5.3277,142,SYNTH
2026-04-21 14:06:13.829Z,5.3272,80,SYNTH
2026-04-21 14:06:14.738Z,5.3223,54,SYNTH
2026-04-21 14:06:15.357Z,5.3257,53,SYNTH
2026-04-21 14:06:16.885Z,5.3269,65,SYNTH
2026-04-21 14:06:17.178Z,5.3278,85,SYNTH
2026-04-21 14:06:18.436Z,5.3241,92,SYNTH
2026-04-21 14:06:19.271Z,5.3216,64,SYNTH
2026-04-21 14:06:20.237Z,5.3260,34,SYNTH
2026-04-21 14:06:21.006Z,5.3279,30,SYNTH
2026-04-21 14:06:22.373Z,5.3241,48,SYNTH
2026-04-21 14:06:23.897Z,5.3275,49,SYNTH
2026-04-21 14:06:24.320Z,5.3306,42,SYNTH
2026-04-21 14:06:25.271Z,5.3304,29,SYNTH
2026-04-21 14:06:26.222Z,5.3335,22,SYNTH
2026-04-21 14:06:27.369Z,5.3356,43,SYNTH
2026-04-21 14:06:28.283Z,5.3355,47,SYNTH
2026-04-21 14:06:29.490Z,5.3332,22,SYNTH
2026-04-21 14:06:30.679Z,5.3383,21,SYNTH
2026-04-21 14:06:31.436Z,5.3393,44,SYNTH
2026-04-21 14:06:32.232Z,5.3366,33,SYNTH
2026-04-21 14:06:33.669Z,5.3411,31,SYNTH
2026-04-21 14:06:34.541Z,5.3373,29,SYNTH
2026-04-21 14:06:35.419Z,5.3397,23,SYNTH
2026-04-21 14:06:36.866Z,5.3428,25,SYNTH
2026-04-21 14:06:37.681Z,5.3411,74,SYNTH
2026-04-21 14:06:38.817Z,5.3373,108,SYNTH
2026-04-21 14:06:39.157Z,5.3418,118,SYNTH
2026-04-21 14:06:40.539Z,5.3377,98,SYNTH
2026-04-21 14:06:41.680Z,5.3407,38,SYNTH
2026-04-21 14:06:42.352Z,5.3386,33,SYNTH
2026-04-21 14:06:43.476Z,5.3337,35,SYNTH
2026-04-21 14:06:44.439Z,5.3410,45,SYNTH
2026-04-21 14:06:45.756Z,5.3352,81,SYNTH
2026-04-21 14:06:46.889Z,5.3400,52,SYNTH
2026-04-21 14:06:47.657Z,5.3343,69,SYNTH
2026-04-21 14:06:48.505Z,5.3410,45,SYNTH
2026-04-21 14:06:49.151Z,5.3347,56,SYNTH
2026-04-21 14:06:50.159Z,5.3404,56,SYNTH
2026-04-21 14:06:51.360Z,5.3405,36,SYNTH
2026-04-21 14:06:52.243Z,5.3413,51,SYNTH
2026-04-21 14:06:53.036Z,5.3432,54,SYNTH
2026-04-21 14:06:54.729Z,5.3382,44,SYNTH
2026-04-21 14:06:55.533Z,5.3429,33,SYNTH
2026-04-21 14:06:56.602Z,5.3379,42,SYNTH
2026-04-21 14:06:57.193Z,5.3414,42,SYNTH
2026-04-21 14:06:58.501Z,5.3366,50,SYNTH
2026-04-21 14:06:59.562Z,5.3424,64,SYNTH
2026-04-21 14:07:00.872Z,5.3484,29,SYNTH
2026-04-21 14:07:01.574Z,5.3495,42,SYNTH
2026-04-21 14:07:02.822Z,5.3473,27,SYNTH
2026-04-21 14:07:03.445Z,5.3452,25,SYNTH
2026-04-21 14:07:04.434Z,5.3440,44,SYNTH
2026-04-21 14:07:05.800Z,5.3464,44,SYNTH
2026-04-21 14:07:06.493Z,5.3404,38,SYNTH
2026-04-21 14:07:07.860Z,5.3460,33,SYNTH
2026-04-21 14:07:08.678Z,5.3419,21,SYNTH
2026-04-21 14:07:09.037Z,5.3483,41,SYNTH
2026-04-21 14:07:10.497Z,5.3420,17,SYNTH
2026-04-21 14:07:11.322Z,5.3492,87,SYNTH
2026-04-21 14:07:12.529Z,5.3403,41,SYNTH
2026-04-21 14:07:13.280Z,5.3480,86,SYNTH
2026-04-21 14:07:14.352Z,5.3461,28,SYNTH
2026-04-21 14:07:15.107Z,5.3407,24,SYNTH
2026-04-21 14:07:16.152Z,5.3472,43,SYNTH
2026-04-21 14:07:17.444Z,5.3411,48,SYNTH
2026-04-21 14:07:18.452Z,5.3412,55,SYNTH
2026-04-21 14:07:19.279Z,5.3458,34,SYNTH
2026-04-21 14:07:20.754Z,5.3463,31,SYNTH
2026-04-21 14:07:21.135Z,5.3435,24,SYNTH
2026-04-21 14:07:22.323Z,5.3464,23,SYNTH
2026-04-21 14:07:23.334Z,5.3482,23,SYNTH
2026-04-21 14:07:24.670Z,5.3492,15,SYNTH
2026-04-21 14:07:25.304Z,5.3502,14,SYNTH
2026-04-21 14:07:26.003Z,5.3428,31,SYNTH
2026-04-21 14:07:27.323Z,5.3487,22,SYNTH
2026-04-21 14:07:28.313Z,5.3503,19,SYNTH
2026-04-21 14:07:29.704Z,5.3487,15,SYNTH
2026-04-21 14:07:30.665Z,5.3440,23,SYNTH
2026-04-21 14:07:31.175Z,5.3512,29,SYNTH
2026-04-21 14:07:32.831Z,5.3474,24,SYNTH
2026-04-21 14:07:33.420Z,5.3523,15,SYNTH
2026-04-21 14:07:34.390Z,5.3513,25,SYNTH
2026-04-21 14:07:35.231Z,5.3482,21,SYNTH
2026-04-21 14:07:36.133Z,5.3504,21,SYNTH
2026-04-21 14:07:37.189Z,5.3515,75,SYNTH
2026-04-21 14:07:38.771Z,5.3518,69,SYNTH
2026-04-21 14:07:39.747Z,5.3464,47,SYNTH
2026-04-21 14:07:40.105Z,5.3518,40,SYNTH
2026-04-21 14:07:41.846Z,5.3506,17,SYNTH
2026-04-21 14:07:42.572Z,5.3462,25,SYNTH
2026-04-21 14:07:43.182Z,5.3478,23,SYNTH
2026-04-21 14:07:44.449Z,5.3541,31,SYNTH
2026-04-21 14:07:45.322Z,5.3483,52,SYNTH
2026-04-21 14:07:46.517Z,5.3480,43,SYNTH
2026-04-21 14:07:47.240Z,5.3495,54,SYNTH
2026-04-21 14:07:48.851Z,5.3521,22,SYNTH
2026-04-21 14:07:49.777Z,5.3510,32,SYNTH
2026-04-21 14:07:50.800Z,5.3490,37,SYNTH
2026-04-21 14:07:51.882Z,5.3516,37,SYNTH
2026-04-21 14:07:52.055Z,5.3478,31,SYNTH
2026-04-21 14:07:53.594Z,5.3543,38,SYNTH
2026-04-21 14:07:54.313Z,5.3499,34,SYNTH
2026-04-21 14:07:55.212Z,5.3468,46,SYNTH
2026-04-21 14:07:56.550Z,5.3530,37,SYNTH
2026-04-21 14:07:57.755Z,5.3479,38,SYNTH
2026-04-21 14:07:58.774Z,5.3514,46,SYNTH
2026-04-21 14:07:59.045Z,5.3484,48,SYNTH
2026-04-21 14:08:00.737Z,5.3505,94,SYNTH
2026-04-21 14:08:01.227Z,5.3526,159,SYNTH
2026-04-21 14:08:02.411Z,5.3525,94,SYNTH
2026-04-21 14:08:03.324Z,5.3476,178,SYNTH
2026-04-21 14:08:04.535Z,5.3470,168,SYNTH
2026-04-21 14:08:05.637Z,5.3526,101,SYNTH
2026-04-21 14:08:06.856Z,5.3520,114,SYNTH
2026-04-21 14:08:07.344Z,5.3493,109,SYNTH
2026-04-21 14:08:08.736Z,5.3527,131,SYNTH
2026-04-21 14:08:09.368Z,5.3478,133,SYNTH
2026-04-21 14:08:10.578Z,5.3507,140,SYNTH
2026-04-21 14:08:11.356Z,5.3505,298,SYNTH
2026-04-21 14:08:12.836Z,5.3460,286,SYNTH
2026-04-21 14:08:13.817Z,5.3506,191,SYNTH
2026-04-21 14:08:14.434Z,5.3517,70,SYNTH
2026-04-21 14:08:15.811Z,5.3512,118,SYNTH
2026-04-21 14:08:16.366Z,5.3488,136,SYNTH
2026-04-21 14:08:17.380Z,5.3527,154,SYNTH
2026-04-21 14:08:18.604Z,5.3471,215,SYNTH
2026-04-21 14:08:19.434Z,5.3518,215,SYNTH
2026-04-21 14:08:20.568Z,5.3536,103,SYNTH
2026-04-21 14:08:21.621Z,5.3471,127,SYNTH
2026-04-21 14:08:22.614Z,5.3542,71,SYNTH
2026-04-21 14:08:23.851Z,5.3484,120,SYNTH
2026-04-21 14:08:24.144Z,5.3552,101,SYNTH
2026-04-21 14:08:25.281Z,5.3566,115,SYNTH
2026-04-21 14:08:26.756Z,5.3568,123,SYNTH
2026-04-21 14:08:27.769Z,5.3560,81,SYNTH
2026-04-21 14:08:28.139Z,5.3530,67,SYNTH
2026-04-21 14:08:29.306Z,5.3568,111,SYNTH
2026-04-21 14:08:30.043Z,5.3525,94,SYNTH
2026-04-21 14:08:31.104Z,5.3573,124,SYNTH
2026-04-21 14:08:32.446Z,5.3543,69,SYNTH
2026-04-21 14:08:33.731Z,5.3628,90,SYNTH
2026-04-21 14:08:34.574Z,5.3579,57,SYNTH
2026-04-21 14:08:35.004Z,5.3615,109,SYNTH
2026-04-21 14:08:36.438Z,5.3592,118,SYNTH
2026-04-21 14:08:37.870Z,5.3629,297,SYNTH
2026-04-21 14:08:38.790Z,5.3625,218,SYNTH
2026-04-21 14:08:39.682Z,5.3596,277,SYNTH
2026-04-21 14:08:40.604Z,5.3616,181,SYNTH
2026-04-21 14:08:41.508Z,5.3580,66,SYNTH
2026-04-21 14:08:42.267Z,5.3603,119,SYNTH
2026-04-21 14:08:43.056Z,5.3558,86,SYNTH
2026-04-21 14:08:44.379Z,5.3600,108,SYNTH
2026-04-21 14:08:45.157Z,5.3560,104,SYNTH
2026-04-21 14:08:46.191Z,5.3592,132,SYNTH
2026-04-21 14:08:47.650Z,5.3601,99,SYNTH
2026-04-21 14:08:48.318Z,5.3634,137,SYNTH
2026-04-21 14:08:49.641Z,5.3559,131,SYNTH
2026-04-21 14:08:50.784Z,5.3572,144,SYNTH
2026-04-21 14:08:51.616Z,5.3626,146,SYNTH
2026-04-21 14:08:52.108Z,5.3607,93,SYNTH
2026-04-21 14:08:53.399Z,5.3602,165,SYNTH
2026-04-21 14:08:54.223Z,5.3635,164,SYNTH
2026-04-21 14:08:55.232Z,5.3635,86,SYNTH
2026-04-21 14:08:56.259Z,5.3576,163,SYNTH
2026-04-21 14:08:57.446Z,5.3577,180,SYNTH
2026-04-21 14:08:58.524Z,5.3614,87,SYNTH
2026-04-21 14:08:59.548Z,5.3579,102,SYNTH
2026-04-21 14:09:00.413Z,5.3601,93,SYNTH
2026-04-21 14:09:01.810Z,5.3584,100,SYNTH
2026-04-21 14:09:02.465Z,5.3596,87,SYNTH
2026-04-21 14:09:03.239Z,5.3617,74,SYNTH
2026-04-21 14:09:04.268Z,5.3580,67,SYNTH
2026-04-21 14:09:05.400Z,5.3591,88,SYNTH
2026-04-21 14:09:06.172Z,5.3598,89,SYNTH
2026-04-21 14:09:07.078Z,5.3583,49,SYNTH
2026-04-21 14:09:08.820Z,5.3570,79,SYNTH
2026-04-21 14:09:09.392Z,5.3533,38,SYNTH
2026-04-21 14:09:10.018Z,5.3554,54,SYNTH
2026-04-21 14:09:11.625Z,5.3619,106,SYNTH
2026-04-21 14:09:12.422Z,5.3576,189,SYNTH
2026-04-21 14:09:13.364Z,5.3564,180,SYNTH
2026-04-21 14:09:14.387Z,5.3614,70,SYNTH
2026-04-21 14:09:15.065Z,5.3547,61,SYNTH
2026-04-21 14:09:16.626Z,5.3624,85,SYNTH
2026-04-21 14:09:17.376Z,5.3531,66,SYNTH
2026-04-21 14:09:18.023Z,5.3604,119,SYNTH
2026-04-21 14:09:19.150Z,5.3596,114,SYNTH
2026-04-21 14:09:20.090Z,5.3569,46,SYNTH
2026-04-21 14:09:21.039Z,5.3594,50,SYNTH
2026-04-21 14:09:22.371Z,5.3622,59,SYNTH
2026-04-21 14:09:23.616Z,5.3589,29,SYNTH
2026-04-21 14:09:24.050Z,5.3634,30,SYNTH
2026-04-21 14:09:25.308Z,5.3595,47,SYNTH
2026-04-21 14:09:26.552Z,5.3637,32,SYNTH
2026-04-21 14:09:27.476Z,5.3660,54,SYNTH
2026-04-21 14:09:28.317Z,5.3605,37,SYNTH
2026-04-21 14:09:29.151Z,5.3677,62,SYNTH
2026-04-21 14:09:30.126Z,5.3655,39,SYNTH
2026-04-21 14:09:31.779Z,5.3673,34,SYNTH
2026-04-21 14:09:32.378Z,5.3706,65,SYNTH
2026-04-21 14:09:33.512Z,5.3700,34,SYNTH
2026-04-21 14:09:34.540Z,5.3672,49,SYNTH
2026-04-21 14:09:35.866Z,5.3712,44,SYNTH
2026-04-21 14:09:36.496Z,5.3739,39,SYNTH
2026-04-21 14:09:37.727Z,5.3666,102,SYNTH
2026-04-21 14:09:38.033Z,5.3661,105,SYNTH
2026-04-21 14:09:39.425Z,5.3710,91,SYNTH
2026-04-21 14:09:40.803Z,5.3739,115,SYNTH
2026-04-21 14:09:41.454Z,5.3689,48,SYNTH
2026-04-21 14:09:42.361Z,5.3736,68,SYNTH
2026-04-21 14:09:43.370Z,5.3657,57,SYNTH
2026-04-21 14:09:44.140Z,5.3671,49,SYNTH
2026-04-21 14:09:45.643Z,5.3646,48,SYNTH
2026-04-21 14:09:46.887Z,5.3696,54,SYNTH
2026-04-21 14:09:47.546Z,5.3680,50,SYNTH
2026-04-21 14:09:48.082Z,5.3679,53,SYNTH
2026-04-21 14:09:49.550Z,5.3635,76,SYNTH
2026-04-21 14:09:50.121Z,5.3637,74,SYNTH
2026-04-21 14:09:51.375Z,5.3623,68,SYNTH
2026-04-21 14:09:52.355Z,5.3613,55,SYNTH
2026-04-21 14:09:53.586Z,5.3610,67,SYNTH
2026-04-21 14:09:54.061Z,5.3609,68,SYNTH
2026-04-21 14:09:55.588Z,5.3594,58,SYNTH
2026-04-21 14:09:56.754Z,5.3621,56,SYNTH
2026-04-21 14:09:57.719Z,5.3597,96,SYNTH
2026-04-21 14:09:58.252Z,5.3616,62,SYNTH
2026-04-21 14:09:59.239Z,5.3571,60,SYNTH
2026-04-21 14:10:00.774Z,5.3609,242,SYNTH
2026-04-21 14:10:01.116Z,5.3582,382,SYNTH
2026-04-21 14:10:02.183Z,5.3576,314,SYNTH
2026-04-21 14:10:03.211Z,5.3619,286,SYNTH
2026-04-21 14:10:04.001Z,5.3624,236,SYNTH
2026-04-21 14:10:05.814Z,5.3597,354,SYNTH
2026-04-21 14:10:06.536Z,5.3565,356,SYNTH
2026-04-21 14:10:07.098Z,5.3607,325,SYNTH
2026-04-21 14:10:08.207Z,5.3636,227,SYNTH
2026-04-21 14:10:09.272Z,5.3565,281,SYNTH
2026-04-21 14:10:10.387Z,5.3609,212,SYNTH
2026-04-21 14:10:11.374Z,5.3609,802,SYNTH
2026-04-21 14:10:12.873Z,5.3628,701,SYNTH
2026-04-21 14:10:13.725Z,5.3555,369,SYNTH
