TimestampUtc,Bid,Ask,BidSize,AskSize,SpreadBps
2026-03-13 13:30:00.217Z,0.5472,0.5528,159107,77922,101.8
2026-03-13 13:30:01.155Z,0.5475,0.5519,130153,287605,80.0
2026-03-13 13:30:02.630Z,0.5461,0.5523,48931,187264,112.9
2026-03-13 13:30:03.578Z,0.5454,0.5512,93637,166218,105.8
2026-03-13 13:30:04.794Z,0.5441,0.5505,58585,166196,116.9
2026-03-13 13:30:05.623Z,0.5427,0.5493,129801,143766,120.9
2026-03-13 13:30:06.489Z,0.5427,0.5471,68252,127271,80.7
2026-03-13 13:30:07.631Z,0.5408,0.5462,52776,81277,99.4
2026-03-13 13:30:08.584Z,0.5404,0.5448,35951,140548,81.1
2026-03-13 13:30:09.522Z,0.5392,0.5438,28758,95469,84.9
2026-03-13 13:30:10.533Z,0.5382,0.5432,34613,81804,92.5
2026-03-13 13:30:11.259Z,0.5374,0.5428,133857,328478,100.0
2026-03-13 13:30:12.258Z,0.5374,0.5424,127666,215750,92.6
2026-03-13 13:30:13.621Z,0.5378,0.5428,312004,195783,92.5
2026-03-13 13:30:14.226Z,0.5384,0.5434,89716,65746,92.4
2026-03-13 13:30:15.756Z,0.5385,0.5445,145124,110882,110.8
2026-03-13 13:30:16.566Z,0.5391,0.5449,166768,102378,107.0
2026-03-13 13:30:17.188Z,0.5394,0.5454,178761,121088,110.6
2026-03-13 13:30:18.122Z,0.5404,0.5446,226936,127647,77.4
2026-03-13 13:30:19.134Z,0.5402,0.5454,224933,73323,95.8
2026-03-13 13:30:20.178Z,0.5407,0.5455,53277,36481,88.4
2026-03-13 13:30:21.199Z,0.5414,0.5460,83820,58596,84.6
2026-03-13 13:30:22.403Z,0.5420,0.5468,112968,64223,88.2
2026-03-13 13:30:23.436Z,0.5428,0.5482,146251,94591,99.0
2026-03-13 13:30:24.728Z,0.5441,0.5487,107389,104022,84.2
2026-03-13 13:30:25.195Z,0.5446,0.5506,109401,38151,109.6
2026-03-13 13:30:26.315Z,0.5465,0.5511,102403,68607,83.8
2026-03-13 13:30:27.262Z,0.5472,0.5528,116481,58491,101.8
2026-03-13 13:30:28.061Z,0.5489,0.5539,74807,42933,90.7
2026-03-13 13:30:29.820Z,0.5500,0.5552,43307,50142,94.1
2026-03-13 13:30:30.650Z,0.5514,0.5560,111756,84945,83.1
2026-03-13 13:30:31.106Z,0.5527,0.5575,128897,79062,86.5
2026-03-13 13:30:32.522Z,0.5532,0.5588,87376,56361,100.7
2026-03-13 13:30:33.351Z,0.5539,0.5605,97294,88812,118.4
2026-03-13 13:30:34.857Z,0.5550,0.5610,72843,42954,107.5
2026-03-13 13:30:35.574Z,0.5558,0.5618,99660,41864,107.4
2026-03-13 13:30:36.792Z,0.5567,0.5621,94336,33394,96.5
2026-03-13 13:30:37.280Z,0.5568,0.5626,403291,263668,103.6
2026-03-13 13:30:38.201Z,0.5577,0.5621,190231,193581,78.6
2026-03-13 13:30:39.414Z,0.5573,0.5623,138679,281348,89.3
2026-03-13 13:30:40.839Z,0.5577,0.5617,114937,292160,71.5
2026-03-13 13:30:41.843Z,0.5576,0.5616,41964,154084,71.5
2026-03-13 13:30:42.328Z,0.5571,0.5615,74778,94813,78.7
2026-03-13 13:30:43.027Z,0.5559,0.5621,47964,83201,110.9
2026-03-13 13:30:44.497Z,0.5564,0.5610,78973,142411,82.3
2026-03-13 13:30:45.691Z,0.5560,0.5612,79910,165063,93.1
2026-03-13 13:30:46.155Z,0.5562,0.5608,110332,211953,82.4
2026-03-13 13:30:47.777Z,0.5559,0.5607,99786,180603,86.0
2026-03-13 13:30:48.262Z,0.5550,0.5606,67207,73782,100.4
2026-03-13 13:30:49.121Z,0.5546,0.5596,113962,153611,89.8
2026-03-13 13:30:50.444Z,0.5534,0.5594,49169,211318,107.8
2026-03-13 13:30:51.633Z,0.5529,0.5585,77260,87488,100.8
2026-03-13 13:30:52.365Z,0.5513,0.5579,35238,131204,119.0
2026-03-13 13:30:53.091Z,0.5510,0.5566,73813,101644,101.1
2026-03-13 13:30:54.603Z,0.5498,0.5558,84969,231302,108.5
2026-03-13 13:30:55.828Z,0.5491,0.5545,57384,82780,97.9
2026-03-13 13:30:56.409Z,0.5485,0.5539,98906,126026,98.0
2026-03-13 13:30:57.296Z,0.5482,0.5528,67301,182011,83.6
2026-03-13 13:30:58.232Z,0.5477,0.5527,41931,177928,90.9
2026-03-13 13:30:59.281Z,0.5475,0.5525,156469,227566,90.9
2026-03-13 13:31:00.372Z,0.5376,0.5424,2289,1115,88.9
2026-03-13 13:31:01.336Z,0.5374,0.5428,2318,1430,100.0
2026-03-13 13:31:02.894Z,0.5371,0.5427,1228,1448,103.7
2026-03-13 13:31:03.408Z,0.5373,0.5429,2647,2130,103.7
2026-03-13 13:31:04.078Z,0.5377,0.5423,715,1658,85.2
2026-03-13 13:31:05.824Z,0.5374,0.5424,765,981,92.6
2026-03-13 13:31:06.795Z,0.5380,0.5422,3036,1009,77.8
2026-03-13 13:31:07.115Z,0.5379,0.5421,1157,2369,77.8
2026-03-13 13:31:08.322Z,0.5372,0.5426,837,2200,100.0
2026-03-13 13:31:09.227Z,0.5369,0.5429,1219,1085,111.1
2026-03-13 13:31:10.797Z,0.5374,0.5428,1471,1143,100.0
2026-03-13 13:31:11.163Z,0.5375,0.5423,3534,7625,88.9
2026-03-13 13:31:12.837Z,0.5378,0.5424,2863,3591,85.2
2026-03-13 13:31:13.842Z,0.5372,0.5430,5867,3300,107.4
2026-03-13 13:31:14.320Z,0.5371,0.5429,933,2508,107.4
2026-03-13 13:31:15.349Z,0.5369,0.5429,734,2212,111.1
2026-03-13 13:31:16.845Z,0.5378,0.5422,2641,1344,81.5
2026-03-13 13:31:17.242Z,0.5373,0.5427,1731,3052,100.0
2026-03-13 13:31:18.693Z,0.5378,0.5424,5480,1563,85.2
2026-03-13 13:31:19.096Z,0.5367,0.5423,1914,6059,103.8
2026-03-13 13:31:20.279Z,0.5366,0.5414,705,1204,89.1
2026-03-13 13:31:21.020Z,0.5356,0.5404,1148,1691,89.2
2026-03-13 13:31:22.222Z,0.5332,0.5400,1660,3659,126.7
2026-03-13 13:31:23.634Z,0.5316,0.5384,1763,3186,127.1
2026-03-13 13:31:24.247Z,0.5301,0.5367,736,777,123.7
2026-03-13 13:31:25.037Z,0.5280,0.5348,1109,3320,128.0
2026-03-13 13:31:26.659Z,0.5264,0.5326,987,2554,117.1
2026-03-13 13:31:27.561Z,0.5248,0.5298,541,1529,94.8
2026-03-13 13:31:28.114Z,0.5224,0.5276,988,1766,99.0
2026-03-13 13:31:29.743Z,0.5199,0.5259,460,1166,114.7
2026-03-13 13:31:30.182Z,0.5175,0.5243,1269,2462,130.5
2026-03-13 13:31:31.414Z,0.5159,0.5217,766,2825,111.8
2026-03-13 13:31:32.141Z,0.5135,0.5201,1291,2785,127.7
2026-03-13 13:31:33.608Z,0.5120,0.5180,496,1340,116.5
2026-03-13 13:31:34.589Z,0.5105,0.5165,814,2246,116.8
2026-03-13 13:31:35.135Z,0.5089,0.5155,963,2412,128.9
2026-03-13 13:31:36.491Z,0.5081,0.5143,502,1644,121.3
2026-03-13 13:31:37.837Z,0.5074,0.5136,3148,6445,121.4
2026-03-13 13:31:38.212Z,0.5071,0.5133,3033,4827,121.5
2026-03-13 13:31:39.328Z,0.5075,0.5125,1937,4808,98.0
2026-03-13 13:31:40.288Z,0.5080,0.5132,5545,1729,101.8
2026-03-13 13:31:41.559Z,0.5083,0.5139,2212,1472,109.6
2026-03-13 13:31:42.470Z,0.5096,0.5142,2868,1199,89.9
2026-03-13 13:31:43.313Z,0.5100,0.5158,2860,1171,113.1
2026-03-13 13:31:44.719Z,0.5106,0.5164,1252,682,113.0
2026-03-13 13:31:45.594Z,0.5110,0.5172,2372,983,120.6
2026-03-13 13:31:46.589Z,0.5114,0.5168,3614,2759,105.0
2026-03-13 13:31:47.099Z,0.5119,0.5161,1041,2045,81.7
2026-03-13 13:31:48.221Z,0.5115,0.5167,1322,526,101.1
2026-03-13 13:31:49.062Z,0.5111,0.5161,755,1597,97.4
2026-03-13 13:31:50.659Z,0.5107,0.5159,890,958,101.3
2026-03-13 13:31:51.565Z,0.5104,0.5150,1619,2005,89.7
2026-03-13 13:31:52.591Z,0.5093,0.5153,1509,2356,117.1
2026-03-13 13:31:53.713Z,0.5093,0.5143,816,1427,97.7
2026-03-13 13:31:54.244Z,0.5086,0.5140,1403,2677,105.6
2026-03-13 13:31:55.175Z,0.5085,0.5133,1149,3125,94.0
2026-03-13 13:31:56.252Z,0.5078,0.5132,1722,4281,105.8
2026-03-13 13:31:57.114Z,0.5070,0.5132,1189,1589,121.5
2026-03-13 13:31:58.827Z,0.5075,0.5125,1088,2457,98.0
2026-03-13 13:31:59.327Z,0.5073,0.5127,2792,2835,105.9
2026-03-13 13:32:00.611Z,0.5072,0.5128,4140,3555,109.8
2026-03-13 13:32:01.689Z,0.5072,0.5120,3050,2956,94.2
2026-03-13 13:32:02.864Z,0.5062,0.5108,3475,4709,90.5
2026-03-13 13:32:03.340Z,0.5033,0.5101,5731,5552,134.2
2026-03-13 13:32:04.015Z,0.5017,0.5077,4181,5672,118.9
2026-03-13 13:32:05.806Z,0.4999,0.5049,1689,3417,99.5
2026-03-13 13:32:06.341Z,0.4968,0.5030,3082,4864,124.0
2026-03-13 13:32:07.117Z,0.4944,0.4998,2871,8457,108.6
2026-03-13 13:32:08.648Z,0.4917,0.4979,2674,5735,125.3
2026-03-13 13:32:09.435Z,0.4903,0.4957,2767,7388,109.5
2026-03-13 13:32:10.310Z,0.4883,0.4939,1572,2620,114.0
2026-03-13 13:32:11.165Z,0.4879,0.4925,6404,15609,93.8
2026-03-13 13:32:12.672Z,0.4879,0.4923,7877,12469,89.8
2026-03-13 13:32:13.463Z,0.4876,0.4936,16436,10406,122.3
2026-03-13 13:32:14.213Z,0.4893,0.4951,7549,3745,117.8
2026-03-13 13:32:15.440Z,0.4911,0.4965,5441,3471,109.4
2026-03-13 13:32:16.535Z,0.4922,0.4986,6690,5019,129.2
2026-03-13 13:32:17.029Z,0.4941,0.4989,7492,7414,96.7
2026-03-13 13:32:18.038Z,0.4942,0.4996,7194,4762,108.7
2026-03-13 13:32:19.471Z,0.4944,0.5000,9271,4545,112.6
2026-03-13 13:32:20.576Z,0.4952,0.5010,3380,1317,116.4
2026-03-13 13:32:21.792Z,0.4965,0.5017,5898,4160,104.2
2026-03-13 13:32:22.762Z,0.4977,0.5035,7012,3093,115.9
2026-03-13 13:32:23.871Z,0.4992,0.5054,3921,1357,123.4
2026-03-13 13:32:24.294Z,0.5010,0.5074,7058,3146,126.9
2026-03-13 13:32:25.547Z,0.5030,0.5098,2406,1354,134.3
2026-03-13 13:32:26.688Z,0.5055,0.5119,3037,2802,125.8
2026-03-13 13:32:27.836Z,0.5082,0.5138,2417,1982,109.6
2026-03-13 13:32:28.563Z,0.5102,0.5166,4141,1744,124.7
2026-03-13 13:32:29.455Z,0.5123,0.5191,2655,1725,131.9
2026-03-13 13:32:30.766Z,0.5146,0.5216,4854,3509,135.1
2026-03-13 13:32:31.854Z,0.5170,0.5238,2287,2428,130.7
2026-03-13 13:32:32.095Z,0.5196,0.5252,3053,1243,107.2
2026-03-13 13:32:33.193Z,0.5215,0.5273,3630,3170,110.6
2026-03-13 13:32:34.628Z,0.5235,0.5287,3125,3910,98.8
2026-03-13 13:32:35.655Z,0.5249,0.5305,5793,1724,106.1
2026-03-13 13:32:36.755Z,0.5259,0.5315,5764,2581,105.9
2026-03-13 13:32:37.879Z,0.5273,0.5321,6951,5802,90.6
2026-03-13 13:32:38.126Z,0.5277,0.5323,10015,5021,86.8
2026-03-13 13:32:39.270Z,0.5280,0.5322,5038,2488,79.2
2026-03-13 13:32:40.061Z,0.5271,0.5323,7629,19250,98.2
2026-03-13 13:32:41.562Z,0.5259,0.5319,3235,7000,113.4
2026-03-13 13:32:42.504Z,0.5251,0.5313,4524,8007,117.4
2026-03-13 13:32:43.514Z,0.5250,0.5304,2461,5697,102.3
2026-03-13 13:32:44.045Z,0.5248,0.5292,1618,2196,83.5
2026-03-13 13:32:45.415Z,0.5242,0.5292,5064,11979,94.9
2026-03-13 13:32:46.613Z,0.5241,0.5287,4374,8964,87.4
2026-03-13 13:32:47.322Z,0.5241,0.5283,3831,5222,79.8
2026-03-13 13:32:48.197Z,0.5227,0.5283,2587,5553,106.6
2026-03-13 13:32:49.207Z,0.5215,0.5267,1779,3587,99.2
2026-03-13 13:32:50.644Z,0.5194,0.5260,3623,7987,126.3
2026-03-13 13:32:51.889Z,0.5188,0.5234,3463,6422,88.3
2026-03-13 13:32:52.170Z,0.5162,0.5218,3432,6825,107.9
2026-03-13 13:32:53.298Z,0.5148,0.5196,1339,5340,92.8
2026-03-13 13:32:54.445Z,0.5124,0.5184,3775,4200,116.4
2026-03-13 13:32:55.408Z,0.5111,0.5165,2748,6471,105.1
2026-03-13 13:32:56.170Z,0.5096,0.5150,2337,3073,105.4
2026-03-13 13:32:57.724Z,0.5084,0.5138,3422,6372,105.7
2026-03-13 13:32:58.315Z,0.5074,0.5132,2229,5200,113.7
2026-03-13 13:32:59.841Z,0.5072,0.5128,3414,5172,109.8
2026-03-13 13:33:00.172Z,0.5080,0.5120,3769,5446,78.4
2026-03-13 13:33:01.493Z,0.5079,0.5123,4621,2993,86.3
2026-03-13 13:33:02.175Z,0.5072,0.5126,5008,10275,105.9
2026-03-13 13:33:03.832Z,0.5077,0.5121,1644,2006,86.3
2026-03-13 13:33:04.270Z,0.5072,0.5126,2467,2827,105.9
2026-03-13 13:33:05.117Z,0.5073,0.5129,5216,2364,109.8
2026-03-13 13:33:06.708Z,0.5077,0.5121,1520,2485,86.3
2026-03-13 13:33:07.532Z,0.5078,0.5122,2730,3114,86.3
2026-03-13 13:33:08.074Z,0.5074,0.5126,5105,3573,102.0
2026-03-13 13:33:09.628Z,0.5075,0.5125,3920,2738,98.0
2026-03-13 13:33:10.699Z,0.5075,0.5125,2604,2043,98.0
2026-03-13 13:33:11.398Z,0.5073,0.5125,7500,19401,102.0
2026-03-13 13:33:12.711Z,0.5075,0.5125,9931,9780,98.0
2026-03-13 13:33:13.060Z,0.5079,0.5123,10378,4459,86.3
2026-03-13 13:33:14.681Z,0.5080,0.5122,2167,4297,82.3
2026-03-13 13:33:15.651Z,0.5072,0.5130,1723,2243,113.7
2026-03-13 13:33:16.571Z,0.5072,0.5130,5535,5199,113.7
2026-03-13 13:33:17.218Z,0.5077,0.5123,6514,11728,90.2
2026-03-13 13:33:18.039Z,0.5074,0.5128,6403,3306,105.9
2026-03-13 13:33:19.532Z,0.5072,0.5122,2089,3689,98.1
2026-03-13 13:33:20.446Z,0.5063,0.5123,1762,2860,117.8
2026-03-13 13:33:21.635Z,0.5059,0.5111,3230,4553,102.3
2026-03-13 13:33:22.525Z,0.5052,0.5104,1783,6198,102.4
2026-03-13 13:33:23.842Z,0.5043,0.5093,3673,6168,98.7
2026-03-13 13:33:24.671Z,0.5031,0.5081,2327,2510,98.9
2026-03-13 13:33:25.062Z,0.5013,0.5075,2279,3508,122.9
2026-03-13 13:33:26.253Z,0.4997,0.5059,912,1941,123.3
2026-03-13 13:33:27.672Z,0.4992,0.5040,1450,2845,95.7
2026-03-13 13:33:28.729Z,0.4973,0.5029,1522,1838,112.0
2026-03-13 13:33:29.514Z,0.4957,0.5015,1206,1595,116.3
2026-03-13 13:33:30.320Z,0.4942,0.5000,1863,5011,116.7
2026-03-13 13:33:31.249Z,0.4934,0.4980,2031,3553,92.8
2026-03-13 13:33:32.837Z,0.4916,0.4972,1888,5712,113.3
2026-03-13 13:33:33.803Z,0.4905,0.4959,1178,2928,109.5
2026-03-13 13:33:34.676Z,0.4896,0.4948,1718,4070,105.6
2026-03-13 13:33:35.242Z,0.4886,0.4942,2040,3491,114.0
2026-03-13 13:33:36.485Z,0.4884,0.4932,1725,1696,97.8
2026-03-13 13:33:37.700Z,0.4881,0.4927,2294,7183,93.8
2026-03-13 13:33:38.618Z,0.4874,0.4928,6852,14222,110.2
2026-03-13 13:33:39.297Z,0.4879,0.4923,11247,10009,89.8
2026-03-13 13:33:40.117Z,0.4878,0.4928,8148,7198,102.0
2026-03-13 13:33:41.897Z,0.4880,0.4928,2596,2100,97.9
2026-03-13 13:33:42.620Z,0.4884,0.4932,2860,3580,97.8
2026-03-13 13:33:43.588Z,0.4884,0.4936,4002,3251,105.9
2026-03-13 13:33:44.655Z,0.4890,0.4938,5149,1847,97.7
2026-03-13 13:33:45.137Z,0.4887,0.4947,5256,3564,122.0
2026-03-13 13:33:46.094Z,0.4890,0.4946,2681,2893,113.9
2026-03-13 13:33:47.091Z,0.4896,0.4938,2532,5798,85.4
2026-03-13 13:33:48.361Z,0.4887,0.4945,2371,4212,118.0
2026-03-13 13:33:49.349Z,0.4891,0.4941,3512,4163,101.7
2026-03-13 13:33:50.667Z,0.4883,0.4943,1568,6116,122.1
2026-03-13 13:33:51.709Z,0.4884,0.4942,2286,1910,118.1
2026-03-13 13:33:52.109Z,0.4883,0.4939,2944,7139,114.0
2026-03-13 13:33:53.820Z,0.4884,0.4930,1221,3700,93.7
2026-03-13 13:33:54.541Z,0.4883,0.4931,3312,2360,97.8
2026-03-13 13:33:55.742Z,0.4873,0.4933,3016,7706,122.4
2026-03-13 13:33:56.559Z,0.4877,0.4925,3894,3791,97.9
2026-03-13 13:33:57.188Z,0.4875,0.4927,4175,7740,106.1
2026-03-13 13:33:58.183Z,0.4871,0.4929,2463,8176,118.4
2026-03-13 13:33:59.581Z,0.4875,0.4925,6521,3859,102.0
2026-03-13 13:34:00.350Z,0.4972,0.5028,1033,929,112.0
2026-03-13 13:34:01.152Z,0.4969,0.5025,448,1671,112.1
2026-03-13 13:34:02.487Z,0.4962,0.5022,1745,2194,120.2
2026-03-13 13:34:03.368Z,0.4950,0.5016,870,3286,132.5
2026-03-13 13:34:04.202Z,0.4947,0.5001,940,2900,108.6
2026-03-13 13:34:05.493Z,0.4934,0.4990,1325,2467,112.9
2026-03-13 13:34:06.871Z,0.4920,0.4978,1168,1591,117.2
2026-03-13 13:34:07.817Z,0.4903,0.4967,1375,2776,129.7
2026-03-13 13:34:08.063Z,0.4897,0.4953,549,967,113.7
2026-03-13 13:34:09.075Z,0.4885,0.4945,542,712,122.1
2026-03-13 13:34:10.143Z,0.4883,0.4931,1002,1472,97.8
2026-03-13 13:34:11.810Z,0.4876,0.4928,1959,3329,106.1
2026-03-13 13:34:12.564Z,0.4879,0.4923,2434,3350,89.8
2026-03-13 13:34:13.887Z,0.4880,0.4926,4121,1827,93.8
2026-03-13 13:34:14.554Z,0.4887,0.4931,1210,951,89.6
2026-03-13 13:34:15.594Z,0.4890,0.4936,1118,565,93.6
2026-03-13 13:34:16.778Z,0.4898,0.4940,2789,1923,85.4
2026-03-13 13:34:17.680Z,0.4893,0.4955,2981,2166,125.9
2026-03-13 13:34:18.425Z,0.4900,0.4948,2429,2267,97.5
2026-03-13 13:34:19.798Z,0.4894,0.4954,1801,2979,121.9
2026-03-13 13:34:20.719Z,0.4897,0.4955,898,997,117.7
2026-03-13 13:34:21.093Z,0.4908,0.4950,641,497,85.2
2026-03-13 13:34:22.659Z,0.4910,0.4956,1441,801,93.2
2026-03-13 13:34:23.553Z,0.4909,0.4965,1393,771,113.4
2026-03-13 13:34:24.071Z,0.4910,0.4970,1189,856,121.5
2026-03-13 13:34:25.183Z,0.4921,0.4969,1670,1177,97.1
2026-03-13 13:34:26.606Z,0.4919,0.4983,1149,533,129.3
2026-03-13 13:34:27.018Z,0.4926,0.4988,1903,1043,125.1
2026-03-13 13:34:28.653Z,0.4933,0.4991,1431,743,116.9
2026-03-13 13:34:29.197Z,0.4944,0.4988,1717,818,88.6
2026-03-13 13:34:30.177Z,0.4950,0.4994,876,402,88.5
2026-03-13 13:34:31.775Z,0.4951,0.5007,1259,432,112.5
2026-03-13 13:34:32.708Z,0.4956,0.5008,1413,947,104.4
2026-03-13 13:34:33.666Z,0.4957,0.5017,1028,586,120.3
2026-03-13 13:34:34.624Z,0.4971,0.5013,1246,869,84.1
2026-03-13 13:34:35.300Z,0.4974,0.5016,1063,466,84.1
2026-03-13 13:34:36.114Z,0.4969,0.5027,636,517,116.0
2026-03-13 13:34:37.510Z,0.4974,0.5026,3170,2024,104.0
2026-03-13 13:34:38.376Z,0.4976,0.5022,2646,5458,92.0
2026-03-13 13:34:39.213Z,0.4977,0.5025,2415,1548,96.0
2026-03-13 13:34:40.333Z,0.4971,0.5029,1826,5529,116.0
2026-03-13 13:34:41.155Z,0.4973,0.5029,1174,414,112.0
2026-03-13 13:34:42.743Z,0.4979,0.5021,477,1035,84.0
2026-03-13 13:34:43.845Z,0.4978,0.5022,1468,1602,88.0
2026-03-13 13:34:44.132Z,0.4973,0.5025,971,2041,104.0
2026-03-13 13:34:45.364Z,0.4976,0.5024,3206,1027,96.0
2026-03-13 13:34:46.865Z,0.4974,0.5028,1578,1655,108.0
2026-03-13 13:34:47.205Z,0.4975,0.5025,1697,3047,100.0
2026-03-13 13:34:48.700Z,0.4974,0.5028,999,1218,108.0
2026-03-13 13:34:49.324Z,0.4970,0.5028,548,2029,116.0
2026-03-13 13:34:50.053Z,0.4973,0.5027,2420,1679,108.0
2026-03-13 13:34:51.706Z,0.4978,0.5020,971,2704,84.0
2026-03-13 13:34:52.687Z,0.4979,0.5021,2831,1356,84.0
2026-03-13 13:34:53.153Z,0.4969,0.5029,840,1239,120.0
2026-03-13 13:34:54.374Z,0.4973,0.5029,1098,587,112.0
2026-03-13 13:34:55.400Z,0.4974,0.5026,934,1327,104.0
2026-03-13 13:34:56.484Z,0.4977,0.5023,1535,1178,92.0
2026-03-13 13:34:57.227Z,0.4979,0.5021,1127,1230,84.0
2026-03-13 13:34:58.149Z,0.4978,0.5020,777,1285,84.0
2026-03-13 13:34:59.610Z,0.4971,0.5029,2443,1290,116.0
2026-03-13 13:35:00.707Z,0.4876,0.4924,5786,5643,98.0
2026-03-13 13:35:01.382Z,0.4874,0.4928,8997,4396,110.2
2026-03-13 13:35:02.757Z,0.4878,0.4936,5623,3856,118.2
2026-03-13 13:35:03.243Z,0.4886,0.4946,5262,2643,122.1
2026-03-13 13:35:04.752Z,0.4901,0.4951,4867,3908,101.5
2026-03-13 13:35:05.260Z,0.4915,0.4961,7229,3260,93.2
2026-03-13 13:35:06.521Z,0.4918,0.4986,2762,2080,137.3
2026-03-13 13:35:07.791Z,0.4938,0.4992,4187,1107,108.8
2026-03-13 13:35:08.214Z,0.4944,0.5006,5314,3572,124.6
2026-03-13 13:35:09.362Z,0.4955,0.5015,5629,4234,120.4
2026-03-13 13:35:10.876Z,0.4972,0.5018,2715,2202,92.1
2026-03-13 13:35:11.483Z,0.4977,0.5019,14283,10602,84.0
2026-03-13 13:35:12.352Z,0.4979,0.5021,10668,6109,84.0
2026-03-13 13:35:13.811Z,0.4973,0.5021,3428,10726,96.1
2026-03-13 13:35:14.764Z,0.4961,0.5021,2947,4980,120.2
2026-03-13 13:35:15.882Z,0.4962,0.5006,2116,8391,88.3
2026-03-13 13:35:16.468Z,0.4953,0.5005,5568,8507,104.4
2026-03-13 13:35:17.465Z,0.4947,0.4999,3194,7562,104.6
2026-03-13 13:35:18.779Z,0.4942,0.5000,4304,6130,116.7
2026-03-13 13:35:19.189Z,0.4947,0.4993,5557,6316,92.6
2026-03-13 13:35:20.032Z,0.4934,0.4992,985,2515,116.9
2026-03-13 13:35:21.103Z,0.4932,0.4978,1869,3045,92.8
2026-03-13 13:35:22.441Z,0.4909,0.4975,3043,6846,133.5
2026-03-13 13:35:23.846Z,0.4901,0.4955,1153,2797,109.6
2026-03-13 13:35:24.417Z,0.4876,0.4946,2024,4340,142.5
2026-03-13 13:35:25.026Z,0.4859,0.4927,2027,5976,139.0
2026-03-13 13:35:26.624Z,0.4848,0.4904,749,3012,114.8
2026-03-13 13:35:27.716Z,0.4828,0.4884,1904,3342,115.3
2026-03-13 13:35:28.336Z,0.4806,0.4868,2887,4514,128.2
2026-03-13 13:35:29.837Z,0.4791,0.4841,1474,4264,103.8
2026-03-13 13:35:30.757Z,0.4774,0.4822,1950,4189,100.0
2026-03-13 13:35:31.070Z,0.4751,0.4805,2325,4676,113.0
2026-03-13 13:35:32.228Z,0.4729,0.4793,1600,2159,134.4
2026-03-13 13:35:33.107Z,0.4711,0.4779,2830,5550,143.3
2026-03-13 13:35:34.542Z,0.4708,0.4754,1727,5276,97.2
2026-03-13 13:35:35.807Z,0.4696,0.4742,2973,2811,97.5
2026-03-13 13:35:36.857Z,0.4679,0.4739,1937,2323,127.4
2026-03-13 13:35:37.601Z,0.4680,0.4726,3625,4608,97.8
2026-03-13 13:35:38.469Z,0.4673,0.4729,6906,7827,119.1
2026-03-13 13:35:39.612Z,0.4674,0.4728,6350,4071,114.9
2026-03-13 13:35:40.023Z,0.4681,0.4723,6395,3865,89.3
2026-03-13 13:35:41.723Z,0.4675,0.4735,6221,4059,127.5
2026-03-13 13:35:42.886Z,0.4683,0.4731,3705,2541,102.0
2026-03-13 13:35:43.441Z,0.4682,0.4738,5869,4372,118.9
2026-03-13 13:35:44.875Z,0.4691,0.4735,5027,3349,93.4
2026-03-13 13:35:45.781Z,0.4692,0.4740,5174,6287,101.8
2026-03-13 13:35:46.196Z,0.4692,0.4744,10277,5357,110.2
2026-03-13 13:35:47.748Z,0.4690,0.4742,5468,6797,110.3
2026-03-13 13:35:48.654Z,0.4692,0.4740,3433,2602,101.8
2026-03-13 13:35:49.190Z,0.4693,0.4737,4440,8830,93.3
2026-03-13 13:35:50.887Z,0.4692,0.4734,1903,3166,89.1
2026-03-13 13:35:51.790Z,0.4687,0.4735,2125,5538,101.9
2026-03-13 13:35:52.460Z,0.4679,0.4739,3787,4193,127.4
2026-03-13 13:35:53.380Z,0.4684,0.4732,3381,7391,102.0
2026-03-13 13:35:54.845Z,0.4676,0.4736,2111,4160,127.5
2026-03-13 13:35:55.496Z,0.4682,0.4728,2956,4457,97.8
2026-03-13 13:35:56.621Z,0.4679,0.4727,2758,9202,102.1
2026-03-13 13:35:57.134Z,0.4672,0.4732,2323,3861,127.6
2026-03-13 13:35:58.427Z,0.4677,0.4723,2740,9596,97.9
2026-03-13 13:35:59.709Z,0.4675,0.4725,7364,3764,106.4
2026-03-13 13:36:00.323Z,0.4674,0.4726,6022,5829,110.6
2026-03-13 13:36:01.321Z,0.4673,0.4723,1818,4309,106.4
2026-03-13 13:36:02.269Z,0.4665,0.4719,4564,6101,115.1
2026-03-13 13:36:03.797Z,0.4655,0.4711,2270,4569,119.6
2026-03-13 13:36:04.690Z,0.4642,0.4706,3194,9188,136.9
2026-03-13 13:36:05.277Z,0.4631,0.4691,3206,6008,128.7
2026-03-13 13:36:06.383Z,0.4615,0.4681,2219,4464,142.0
2026-03-13 13:36:07.203Z,0.4608,0.4666,1757,4454,125.1
2026-03-13 13:36:08.067Z,0.4598,0.4652,4381,9499,116.8
2026-03-13 13:36:09.591Z,0.4585,0.4641,2826,3575,121.4
2026-03-13 13:36:10.733Z,0.4575,0.4637,920,1949,134.6
2026-03-13 13:36:11.400Z,0.4576,0.4624,8597,13124,104.3
2026-03-13 13:36:12.649Z,0.4570,0.4630,7065,14780,130.4
2026-03-13 13:36:13.365Z,0.4582,0.4624,10858,6068,91.2
2026-03-13 13:36:14.216Z,0.4589,0.4635,3155,1732,99.7
2026-03-13 13:36:15.320Z,0.4598,0.4642,2347,1364,95.2
2026-03-13 13:36:16.715Z,0.4598,0.4660,7267,4063,133.9
2026-03-13 13:36:17.450Z,0.4604,0.4664,6109,2430,129.5
2026-03-13 13:36:18.006Z,0.4606,0.4666,4984,3550,129.4
2026-03-13 13:36:19.070Z,0.4616,0.4664,9047,5717,103.4
2026-03-13 13:36:20.515Z,0.4623,0.4667,2340,1779,94.7
2026-03-13 13:36:21.637Z,0.4623,0.4683,5126,2028,128.9
2026-03-13 13:36:22.345Z,0.4635,0.4697,2662,2342,132.9
2026-03-13 13:36:23.758Z,0.4649,0.4711,6483,2165,132.5
2026-03-13 13:36:24.491Z,0.4664,0.4726,2696,2214,132.1
2026-03-13 13:36:25.286Z,0.4688,0.4736,5230,1488,101.9
2026-03-13 13:36:26.022Z,0.4703,0.4755,3177,1758,110.0
2026-03-13 13:36:27.625Z,0.4719,0.4777,4476,2196,122.2
2026-03-13 13:36:28.632Z,0.4732,0.4800,5372,3129,142.7
2026-03-13 13:36:29.198Z,0.4755,0.4819,2526,1976,133.7
2026-03-13 13:36:30.316Z,0.4776,0.4834,4738,2412,120.7
2026-03-13 13:36:31.778Z,0.4791,0.4855,4329,2058,132.7
2026-03-13 13:36:32.606Z,0.4807,0.4875,4058,2235,140.5
2026-03-13 13:36:33.172Z,0.4829,0.4883,4379,2500,111.2
2026-03-13 13:36:34.334Z,0.4844,0.4894,5369,1941,102.7
2026-03-13 13:36:35.589Z,0.4850,0.4912,2577,1889,127.0
2026-03-13 13:36:36.633Z,0.4860,0.4920,3797,3374,122.7
2026-03-13 13:36:37.504Z,0.4870,0.4924,9850,5607,110.3
2026-03-13 13:36:38.899Z,0.4870,0.4930,8071,7188,122.4
2026-03-13 13:36:39.711Z,0.4870,0.4930,4424,8097,122.4
2026-03-13 13:36:40.800Z,0.4868,0.4924,6016,14650,114.4
2026-03-13 13:36:41.142Z,0.4862,0.4922,1808,3872,122.6
2026-03-13 13:36:42.122Z,0.4862,0.4910,3725,4035,98.2
2026-03-13 13:36:43.798Z,0.4852,0.4908,1420,4666,114.8
2026-03-13 13:36:44.634Z,0.4849,0.4899,929,3672,102.6
2026-03-13 13:36:45.410Z,0.4841,0.4901,4341,7632,123.2
2026-03-13 13:36:46.626Z,0.4844,0.4896,4595,11462,106.8
2026-03-13 13:36:47.020Z,0.4846,0.4894,5823,3126,98.6
2026-03-13 13:36:48.583Z,0.4838,0.4896,1633,2753,119.2
2026-03-13 13:36:49.682Z,0.4838,0.4882,2129,7700,90.5
2026-03-13 13:36:50.176Z,0.4823,0.4885,1921,3535,127.7
2026-03-13 13:36:51.460Z,0.4820,0.4876,2373,4933,115.5
2026-03-13 13:36:52.178Z,0.4815,0.4861,1023,3878,95.1
2026-03-13 13:36:53.510Z,0.4803,0.4861,4849,8527,120.0
2026-03-13 13:36:54.427Z,0.4793,0.4855,1022,3342,128.5
2026-03-13 13:36:55.790Z,0.4794,0.4840,3378,6278,95.5
2026-03-13 13:36:56.317Z,0.4780,0.4840,4819,4574,124.7
2026-03-13 13:36:57.734Z,0.4774,0.4836,2557,8439,129.0
2026-03-13 13:36:58.345Z,0.4772,0.4830,2611,8883,120.8
2026-03-13 13:36:59.502Z,0.4772,0.4828,2207,6116,116.7
2026-03-13 13:37:00.597Z,0.4675,0.4725,2241,1822,106.4
2026-03-13 13:37:01.444Z,0.4675,0.4727,4307,1438,110.6
2026-03-13 13:37:02.064Z,0.4672,0.4726,1618,3906,114.9
2026-03-13 13:37:03.668Z,0.4673,0.4727,4270,2677,114.9
2026-03-13 13:37:04.208Z,0.4676,0.4726,3555,2913,106.4
2026-03-13 13:37:05.595Z,0.4671,0.4727,1361,3504,119.2
2026-03-13 13:37:06.515Z,0.4678,0.4722,2055,979,93.6
2026-03-13 13:37:07.891Z,0.4673,0.4727,2904,3291,114.9
2026-03-13 13:37:08.371Z,0.4676,0.4724,4845,2775,102.1
2026-03-13 13:37:09.276Z,0.4678,0.4722,1033,2320,93.6
2026-03-13 13:37:10.565Z,0.4671,0.4731,1505,991,127.6
2026-03-13 13:37:11.157Z,0.4679,0.4721,3530,5782,89.4
2026-03-13 13:37:12.715Z,0.4676,0.4722,2675,9601,97.9
2026-03-13 13:37:13.825Z,0.4675,0.4725,8268,5672,106.4
2026-03-13 13:37:14.060Z,0.4677,0.4721,1441,1956,93.6
2026-03-13 13:37:15.773Z,0.4674,0.4724,1075,1257,106.4
2026-03-13 13:37:16.408Z,0.4674,0.4728,4311,2969,114.9
2026-03-13 13:37:17.519Z,0.4671,0.4729,4035,4798,123.4
2026-03-13 13:37:18.838Z,0.4677,0.4723,3291,4079,97.9
2026-03-13 13:37:19.147Z,0.4681,0.4725,1759,2046,93.6
2026-03-13 13:37:20.782Z,0.4679,0.4735,2456,1627,119.0
2026-03-13 13:37:21.363Z,0.4693,0.4737,2337,1191,93.3
2026-03-13 13:37:22.607Z,0.4691,0.4753,4485,1918,131.3
2026-03-13 13:37:23.104Z,0.4701,0.4765,2429,1158,135.2
2026-03-13 13:37:24.033Z,0.4716,0.4774,1506,1279,122.2
2026-03-13 13:37:25.666Z,0.4724,0.4790,2203,1921,138.7
2026-03-13 13:37:26.638Z,0.4743,0.4799,2558,1915,117.4
2026-03-13 13:37:27.691Z,0.4758,0.4812,3963,1778,112.9
2026-03-13 13:37:28.475Z,0.4765,0.4833,1857,1081,141.7
2026-03-13 13:37:29.061Z,0.4788,0.4842,4078,2691,112.1
2026-03-13 13:37:30.262Z,0.4799,0.4855,2569,1787,116.0
2026-03-13 13:37:31.265Z,0.4815,0.4869,2499,1835,111.5
2026-03-13 13:37:32.432Z,0.4824,0.4884,4423,1316,123.6
2026-03-13 13:37:33.180Z,0.4839,0.4893,1942,1707,111.0
2026-03-13 13:37:34.661Z,0.4845,0.4909,1684,1110,131.2
2026-03-13 13:37:35.046Z,0.4861,0.4913,1176,1009,106.4
2026-03-13 13:37:36.365Z,0.4871,0.4917,1422,975,94.0
2026-03-13 13:37:37.198Z,0.4868,0.4926,8005,3276,118.4
2026-03-13 13:37:38.372Z,0.4871,0.4931,3265,2153,122.4
2026-03-13 13:37:39.787Z,0.4881,0.4921,4058,7901,81.6
2026-03-13 13:37:40.560Z,0.4877,0.4919,2173,5112,85.7
2026-03-13 13:37:41.338Z,0.4871,0.4919,1816,4012,98.1
2026-03-13 13:37:42.826Z,0.4869,0.4915,1939,2307,94.0
2026-03-13 13:37:43.311Z,0.4867,0.4913,1049,3122,94.1
2026-03-13 13:37:44.328Z,0.4854,0.4916,1248,3056,126.9
2026-03-13 13:37:45.763Z,0.4857,0.4913,2458,1956,114.6
2026-03-13 13:37:46.020Z,0.4861,0.4907,1474,3722,94.2
2026-03-13 13:37:47.304Z,0.4863,0.4905,1949,1475,86.0
2026-03-13 13:37:48.764Z,0.4860,0.4908,1154,2036,98.3
2026-03-13 13:37:49.187Z,0.4856,0.4916,4492,1812,122.8
2026-03-13 13:37:50.585Z,0.4860,0.4914,1421,1312,110.5
2026-03-13 13:37:51.642Z,0.4859,0.4919,4713,2822,122.7
2026-03-13 13:37:52.557Z,0.4865,0.4917,5565,1561,106.3
2026-03-13 13:37:53.566Z,0.4862,0.4922,3244,1703,122.6
2026-03-13 13:37:54.220Z,0.4865,0.4925,3736,3529,122.6
2026-03-13 13:37:55.857Z,0.4867,0.4925,2909,2042,118.5
2026-03-13 13:37:56.812Z,0.4869,0.4927,3575,1626,118.4
2026-03-13 13:37:57.302Z,0.4878,0.4920,4748,3656,85.7
2026-03-13 13:37:58.355Z,0.4876,0.4924,3931,1890,98.0
2026-03-13 13:37:59.298Z,0.4875,0.4925,2714,1310,102.0
2026-03-13 13:38:00.533Z,0.4875,0.4925,2158,2104,102.0
2026-03-13 13:38:01.699Z,0.4879,0.4923,2251,1451,89.8
2026-03-13 13:38:02.630Z,0.4877,0.4921,578,1222,89.8
2026-03-13 13:38:03.520Z,0.4878,0.4924,2907,1363,93.9
2026-03-13 13:38:04.746Z,0.4879,0.4921,1733,1758,85.7
2026-03-13 13:38:05.298Z,0.4878,0.4920,378,1576,85.7
2026-03-13 13:38:06.129Z,0.4878,0.4922,2054,1085,89.8
2026-03-13 13:38:07.748Z,0.4880,0.4922,2076,711,85.7
2026-03-13 13:38:08.487Z,0.4880,0.4922,1534,1573,85.7
2026-03-13 13:38:09.604Z,0.4876,0.4924,798,1837,98.0
2026-03-13 13:38:10.108Z,0.4878,0.4924,1206,911,93.9
2026-03-13 13:38:11.488Z,0.4874,0.4926,1560,1718,106.1
2026-03-13 13:38:12.593Z,0.4879,0.4923,3153,2201,89.8
2026-03-13 13:38:13.486Z,0.4876,0.4926,3843,3514,102.0
2026-03-13 13:38:14.486Z,0.4875,0.4923,820,1088,98.0
2026-03-13 13:38:15.652Z,0.4878,0.4924,944,726,93.9
2026-03-13 13:38:16.859Z,0.4873,0.4925,1279,3414,106.1
2026-03-13 13:38:17.796Z,0.4869,0.4929,1028,1679,122.5
2026-03-13 13:38:18.237Z,0.4878,0.4922,2885,815,89.8
2026-03-13 13:38:19.347Z,0.4874,0.4922,1420,2498,98.0
2026-03-13 13:38:20.143Z,0.4864,0.4922,431,1346,118.5
2026-03-13 13:38:21.723Z,0.4856,0.4914,322,1065,118.7
2026-03-13 13:38:22.233Z,0.4851,0.4903,710,887,106.6
2026-03-13 13:38:23.068Z,0.4837,0.4899,465,1363,127.4
2026-03-13 13:38:24.494Z,0.4830,0.4880,513,796,103.0
2026-03-13 13:38:25.339Z,0.4814,0.4870,666,1185,115.7
2026-03-13 13:38:26.316Z,0.4801,0.4857,683,1043,116.0
2026-03-13 13:38:27.201Z,0.4787,0.4845,580,551,120.4
2026-03-13 13:38:28.156Z,0.4766,0.4834,704,1762,141.7
2026-03-13 13:38:29.742Z,0.4757,0.4817,911,1728,125.3
2026-03-13 13:38:30.514Z,0.4744,0.4798,743,1290,113.2
2026-03-13 13:38:31.815Z,0.4726,0.4792,899,1517,138.7
2026-03-13 13:38:32.306Z,0.4721,0.4771,961,1194,105.4
2026-03-13 13:38:33.670Z,0.4701,0.4765,558,905,135.2
2026-03-13 13:38:34.450Z,0.4690,0.4754,268,969,135.5
2026-03-13 13:38:35.570Z,0.4686,0.4742,574,981,118.8
2026-03-13 13:38:36.629Z,0.4678,0.4734,1011,1957,119.0
2026-03-13 13:38:37.030Z,0.4680,0.4724,1440,3614,93.6
2026-03-13 13:38:38.216Z,0.4671,0.4731,2430,5789,127.6
2026-03-13 13:38:39.896Z,0.4679,0.4723,1971,1823,93.6
2026-03-13 13:38:40.858Z,0.4679,0.4729,3336,1812,106.3
2026-03-13 13:38:41.621Z,0.4682,0.4728,872,261,97.8
2026-03-13 13:38:42.292Z,0.4687,0.4733,1192,764,97.7
2026-03-13 13:38:43.651Z,0.4691,0.4741,2325,798,106.0
2026-03-13 13:38:44.535Z,0.4693,0.4745,1037,779,110.2
2026-03-13 13:38:45.488Z,0.4699,0.4747,1965,1064,101.6
2026-03-13 13:38:46.383Z,0.4703,0.4743,1589,1676,84.7
2026-03-13 13:38:47.242Z,0.4694,0.4750,781,2410,118.6
2026-03-13 13:38:48.663Z,0.4697,0.4745,510,1317,101.7
2026-03-13 13:38:49.010Z,0.4691,0.4749,645,1120,122.9
2026-03-13 13:38:50.556Z,0.4695,0.4741,873,2897,97.5
2026-03-13 13:38:51.409Z,0.4687,0.4745,1082,2268,123.0
2026-03-13 13:38:52.323Z,0.4691,0.4733,1086,2614,89.1
2026-03-13 13:38:53.251Z,0.4682,0.4740,1311,3035,123.1
2026-03-13 13:38:54.818Z,0.4685,0.4731,1015,1454,97.7
2026-03-13 13:38:55.173Z,0.4683,0.4727,1157,1387,93.5
2026-03-13 13:38:56.626Z,0.4674,0.4734,371,1129,127.6
2026-03-13 13:38:57.185Z,0.4672,0.4730,986,2782,123.4
2026-03-13 13:38:58.412Z,0.4670,0.4730,1000,3444,127.7
2026-03-13 13:38:59.623Z,0.4672,0.4728,1431,950,119.1
2026-03-13 13:39:00.795Z,0.4778,0.4822,2783,2266,91.7
2026-03-13 13:39:01.698Z,0.4779,0.4823,1466,588,91.6
2026-03-13 13:39:02.813Z,0.4772,0.4830,2122,2390,120.8
2026-03-13 13:39:03.605Z,0.4777,0.4823,1154,2301,95.8
2026-03-13 13:39:04.229Z,0.4772,0.4830,3025,1531,120.8
2026-03-13 13:39:05.222Z,0.4776,0.4822,865,1555,95.9
2026-03-13 13:39:06.503Z,0.4777,0.4821,944,1280,91.7
2026-03-13 13:39:07.593Z,0.4772,0.4828,1824,548,116.7
2026-03-13 13:39:08.058Z,0.4770,0.4830,1763,1320,125.0
2026-03-13 13:39:09.644Z,0.4778,0.4824,2232,1363,95.8
2026-03-13 13:39:10.813Z,0.4779,0.4821,999,1501,87.5
2026-03-13 13:39:11.006Z,0.4775,0.4823,1072,1510,100.0
2026-03-13 13:39:12.434Z,0.4771,0.4831,5942,3870,125.0
2026-03-13 13:39:13.617Z,0.4774,0.4826,3442,7378,108.3
2026-03-13 13:39:14.809Z,0.4778,0.4824,1031,435,95.8
2026-03-13 13:39:15.265Z,0.4776,0.4822,681,1582,95.9
2026-03-13 13:39:16.013Z,0.4773,0.4825,2167,2701,108.4
2026-03-13 13:39:17.390Z,0.4776,0.4824,2463,704,100.0
2026-03-13 13:39:18.218Z,0.4776,0.4824,2294,1868,100.0
2026-03-13 13:39:19.091Z,0.4777,0.4821,1810,3895,91.7
2026-03-13 13:39:20.125Z,0.4774,0.4822,715,1233,100.0
2026-03-13 13:39:21.519Z,0.4763,0.4821,985,1615,121.0
2026-03-13 13:39:22.693Z,0.4760,0.4820,696,870,125.3
2026-03-13 13:39:23.764Z,0.4759,0.4811,1009,1388,108.7
2026-03-13 13:39:24.236Z,0.4751,0.4807,676,810,117.2
2026-03-13 13:39:25.453Z,0.4745,0.4797,533,629,109.0
2026-03-13 13:39:26.082Z,0.4737,0.4791,980,1691,113.4
2026-03-13 13:39:27.603Z,0.4724,0.4788,285,873,134.6
2026-03-13 13:39:28.663Z,0.4721,0.4779,585,1367,122.1
2026-03-13 13:39:29.299Z,0.4714,0.4772,594,678,122.3
2026-03-13 13:39:30.603Z,0.4713,0.4761,367,1019,101.3
2026-03-13 13:39:31.459Z,0.4703,0.4757,776,1522,114.2
2026-03-13 13:39:32.130Z,0.4692,0.4754,847,1748,131.3
2026-03-13 13:39:33.238Z,0.4694,0.4740,314,746,97.5
2026-03-13 13:39:34.813Z,0.4687,0.4737,664,1324,106.1
2026-03-13 13:39:35.485Z,0.4684,0.4728,334,718,93.5
2026-03-13 13:39:36.727Z,0.4677,0.4731,795,914,114.8
2026-03-13 13:39:37.715Z,0.4679,0.4723,2716,4220,93.6
2026-03-13 13:39:38.128Z,0.4675,0.4725,1997,4107,106.4
2026-03-13 13:39:39.793Z,0.4678,0.4722,3925,2727,93.6
2026-03-13 13:39:40.107Z,0.4675,0.4725,2906,2641,106.4
2026-03-13 13:39:41.275Z,0.4673,0.4731,2118,887,123.4
2026-03-13 13:39:42.374Z,0.4679,0.4729,1248,1018,106.3
2026-03-13 13:39:43.421Z,0.4685,0.4727,1659,906,89.2
2026-03-13 13:39:44.112Z,0.4684,0.4730,1147,419,97.7
2026-03-13 13:39:45.429Z,0.4679,0.4735,1601,1360,119.0
2026-03-13 13:39:46.311Z,0.4686,0.4728,2323,1885,89.2
2026-03-13 13:39:47.304Z,0.4685,0.4731,3017,2425,97.7
2026-03-13 13:39:48.838Z,0.4686,0.4730,937,671,93.5
2026-03-13 13:39:49.640Z,0.4688,0.4728,1784,1503,85.0
2026-03-13 13:39:50.698Z,0.4678,0.4734,1018,2599,119.0
2026-03-13 13:39:51.751Z,0.4678,0.4734,1209,1658,119.0
2026-03-13 13:39:52.485Z,0.4686,0.4726,1045,730,85.0
2026-03-13 13:39:53.278Z,0.4676,0.4732,576,1586,119.0
2026-03-13 13:39:54.145Z,0.4675,0.4729,1262,2448,114.8
2026-03-13 13:39:55.850Z,0.4673,0.4729,691,1138,119.1
2026-03-13 13:39:56.386Z,0.4670,0.4730,882,1736,127.7
2026-03-13 13:39:57.532Z,0.4676,0.4726,1660,1047,106.4
2026-03-13 13:39:58.510Z,0.4679,0.4721,1225,1486,89.4
2026-03-13 13:39:59.803Z,0.4672,0.4728,1860,1276,119.1
2026-03-13 13:40:00.861Z,0.4677,0.4723,773,1048,97.9
2026-03-13 13:40:01.124Z,0.4673,0.4729,2737,1258,119.1
2026-03-13 13:40:02.654Z,0.4670,0.4728,671,2566,123.4
2026-03-13 13:40:03.214Z,0.4673,0.4725,1731,1940,110.7
2026-03-13 13:40:04.400Z,0.4679,0.4719,1459,945,85.1
2026-03-13 13:40:05.791Z,0.4672,0.4726,568,1008,114.9
2026-03-13 13:40:06.060Z,0.4676,0.4724,2063,1364,102.1
2026-03-13 13:40:07.392Z,0.4672,0.4728,1000,1314,119.1
2026-03-13 13:40:08.320Z,0.4671,0.4727,650,898,119.2
2026-03-13 13:40:09.275Z,0.4671,0.4727,900,783,119.2
2026-03-13 13:40:10.130Z,0.4674,0.4728,732,393,114.9
2026-03-13 13:40:11.821Z,0.4671,0.4729,2067,4387,123.4
2026-03-13 13:40:12.363Z,0.4672,0.4726,1754,3660,114.9
2026-03-13 13:40:13.293Z,0.4679,0.4721,2647,2511,89.4
2026-03-13 13:40:14.392Z,0.4675,0.4727,1801,1059,110.6
2026-03-13 13:40:15.619Z,0.4675,0.4723,429,847,102.1
2026-03-13 13:40:16.062Z,0.4676,0.4724,4000,1652,102.1
2026-03-13 13:40:17.418Z,0.4678,0.4722,2476,2459,93.6
2026-03-13 13:40:18.552Z,0.4675,0.4727,3680,1980,110.6
2026-03-13 13:40:19.586Z,0.4670,0.4728,1361,2791,123.4
2026-03-13 13:40:20.237Z,0.4672,0.4726,951,1109,114.9
2026-03-13 13:40:21.478Z,0.4678,0.4722,1264,515,93.6
2026-03-13 13:40:22.513Z,0.4673,0.4725,423,1061,110.7
2026-03-13 13:40:23.060Z,0.4670,0.4728,963,1075,123.4
2026-03-13 13:40:24.122Z,0.4676,0.4726,1041,592,106.4
2026-03-13 13:40:25.790Z,0.4670,0.4728,1101,1610,123.4
2026-03-13 13:40:26.800Z,0.4673,0.4725,635,721,110.7
2026-03-13 13:40:27.362Z,0.4674,0.4726,1256,524,110.6
2026-03-13 13:40:28.266Z,0.4675,0.4723,593,846,102.1
2026-03-13 13:40:29.018Z,0.4675,0.4725,1152,411,106.4
2026-03-13 13:40:30.721Z,0.4678,0.4722,1528,1257,93.6
2026-03-13 13:40:31.773Z,0.4679,0.4723,1293,792,93.6
2026-03-13 13:40:32.591Z,0.4675,0.4723,373,590,102.1
2026-03-13 13:40:33.841Z,0.4679,0.4721,959,607,89.4
2026-03-13 13:40:34.400Z,0.4670,0.4730,491,409,127.7
2026-03-13 13:40:35.658Z,0.4679,0.4721,826,1030,89.4
2026-03-13 13:40:36.332Z,0.4675,0.4723,810,1213,102.1
2026-03-13 13:40:37.608Z,0.4673,0.4727,2430,950,114.9
2026-03-13 13:40:38.226Z,0.4676,0.4724,3017,2395,102.1
2026-03-13 13:40:39.860Z,0.4679,0.4719,810,1803,85.1
2026-03-13 13:40:40.847Z,0.4678,0.4720,1889,3613,89.4
2026-03-13 13:40:41.762Z,0.4679,0.4719,858,837,85.1
2026-03-13 13:40:42.706Z,0.4673,0.4727,1401,971,114.9
2026-03-13 13:40:43.261Z,0.4675,0.4725,772,1574,106.4
2026-03-13 13:40:44.238Z,0.4677,0.4721,500,1599,93.6
2026-03-13 13:40:45.062Z,0.4676,0.4722,1429,1531,97.9
2026-03-13 13:40:46.656Z,0.4672,0.4730,1620,834,123.4
2026-03-13 13:40:47.201Z,0.4678,0.4724,646,1385,97.9
2026-03-13 13:40:48.574Z,0.4671,0.4727,1350,2294,119.2
2026-03-13 13:40:49.550Z,0.4670,0.4730,2170,1015,127.7
2026-03-13 13:40:50.394Z,0.4679,0.4719,502,854,85.1
2026-03-13 13:40:51.645Z,0.4679,0.4721,2168,1590,89.4
2026-03-13 13:40:52.455Z,0.4678,0.4722,1272,623,93.6
2026-03-13 13:40:53.807Z,0.4677,0.4725,1942,1795,102.1
2026-03-13 13:40:54.893Z,0.4676,0.4726,1001,1151,106.4
2026-03-13 13:40:55.486Z,0.4678,0.4724,1478,1444,97.9
2026-03-13 13:40:56.108Z,0.4676,0.4724,604,1185,102.1
2026-03-13 13:40:57.656Z,0.4674,0.4724,385,1438,106.4
2026-03-13 13:40:58.118Z,0.4672,0.4728,1064,826,119.1
2026-03-13 13:40:59.396Z,0.4673,0.4727,2251,2114,114.9
2026-03-13 13:41:00.726Z,0.4679,0.4721,2058,2775,89.4
2026-03-13 13:41:01.482Z,0.4675,0.4723,1649,3422,102.1
2026-03-13 13:41:02.203Z,0.4672,0.4730,1489,678,123.4
2026-03-13 13:41:03.410Z,0.4677,0.4725,1288,846,102.1
2026-03-13 13:41:04.748Z,0.4676,0.4726,1072,921,106.4
2026-03-13 13:41:05.399Z,0.4678,0.4720,501,1122,89.4
2026-03-13 13:41:06.097Z,0.4676,0.4726,2330,971,106.4
2026-03-13 13:41:07.022Z,0.4672,0.4730,1544,2649,123.4
2026-03-13 13:41:08.362Z,0.4673,0.4727,929,3683,114.9
2026-03-13 13:41:09.862Z,0.4677,0.4723,1961,1305,97.9
2026-03-13 13:41:10.082Z,0.4675,0.4723,1142,1365,102.1
2026-03-13 13:41:11.256Z,0.4674,0.4726,4933,1968,110.6
2026-03-13 13:41:12.426Z,0.4677,0.4723,2526,3215,97.9
2026-03-13 13:41:13.703Z,0.4669,0.4729,1095,3231,127.7
2026-03-13 13:41:14.541Z,0.4679,0.4723,1596,620,93.6
2026-03-13 13:41:15.179Z,0.4677,0.4725,1867,1723,102.1
2026-03-13 13:41:16.136Z,0.4676,0.4726,1227,1505,106.4
2026-03-13 13:41:17.677Z,0.4673,0.4725,2331,3256,110.7
2026-03-13 13:41:18.437Z,0.4671,0.4729,4260,2457,123.4
2026-03-13 13:41:19.129Z,0.4678,0.4724,3300,1750,97.9
2026-03-13 13:41:20.871Z,0.4682,0.4726,2315,1022,93.5
2026-03-13 13:41:21.846Z,0.4683,0.4733,1322,534,106.2
2026-03-13 13:41:22.799Z,0.4681,0.4741,1378,534,127.4
2026-03-13 13:41:23.863Z,0.4693,0.4739,1415,1439,97.5
2026-03-13 13:41:24.170Z,0.4697,0.4747,1699,581,105.9
2026-03-13 13:41:25.622Z,0.4704,0.4754,661,703,105.7
2026-03-13 13:41:26.846Z,0.4704,0.4766,999,661,130.9
2026-03-13 13:41:27.048Z,0.4716,0.4772,1190,847,118.0
2026-03-13 13:41:28.336Z,0.4728,0.4774,1503,672,96.8
2026-03-13 13:41:29.537Z,0.4730,0.4784,1247,722,113.5
2026-03-13 13:41:30.827Z,0.4742,0.4788,1298,667,96.5
2026-03-13 13:41:31.564Z,0.4748,0.4792,2146,1009,92.2
2026-03-13 13:41:32.585Z,0.4753,0.4801,2050,786,100.5
2026-03-13 13:41:33.844Z,0.4756,0.4810,2308,1075,112.9
2026-03-13 13:41:34.341Z,0.4760,0.4816,1238,1073,117.0
2026-03-13 13:41:35.060Z,0.4763,0.4821,1597,971,121.0
2026-03-13 13:41:36.165Z,0.4771,0.4821,1446,852,104.3
2026-03-13 13:41:37.759Z,0.4775,0.4823,4963,2356,100.0
2026-03-13 13:41:38.848Z,0.4771,0.4831,2344,1253,125.0
2026-03-13 13:41:39.136Z,0.4773,0.4825,1868,3102,108.4
2026-03-13 13:41:40.032Z,0.4772,0.4824,1190,3883,108.4
2026-03-13 13:41:41.198Z,0.4770,0.4824,739,1730,112.6
2026-03-13 13:41:42.768Z,0.4770,0.4818,1585,3166,100.1
2026-03-13 13:41:43.193Z,0.4763,0.4821,736,1228,121.0
2026-03-13 13:41:44.553Z,0.4763,0.4817,810,2241,112.7
2026-03-13 13:41:45.430Z,0.4763,0.4815,1447,3806,108.6
2026-03-13 13:41:46.482Z,0.4763,0.4811,1074,1726,100.3
2026-03-13 13:41:47.562Z,0.4767,0.4811,3045,1360,91.9
2026-03-13 13:41:48.110Z,0.4762,0.4814,1476,2646,108.6
2026-03-13 13:41:49.515Z,0.4770,0.4810,963,696,83.5
2026-03-13 13:41:50.238Z,0.4767,0.4813,1574,1118,96.0
2026-03-13 13:41:51.318Z,0.4770,0.4814,2387,1879,91.8
2026-03-13 13:41:52.597Z,0.4770,0.4818,1650,1548,100.1
2026-03-13 13:41:53.474Z,0.4766,0.4824,2661,1264,121.0
2026-03-13 13:41:54.042Z,0.4772,0.4822,1339,939,104.2
2026-03-13 13:41:55.019Z,0.4768,0.4824,1247,2898,116.8
2026-03-13 13:41:56.426Z,0.4776,0.4822,2190,1099,95.9
2026-03-13 13:41:57.239Z,0.4769,0.4829,1231,1087,125.0
2026-03-13 13:41:58.412Z,0.4773,0.4827,2770,1502,112.5
2026-03-13 13:41:59.649Z,0.4775,0.4825,2160,2358,104.2
2026-03-13 13:42:00.499Z,0.4776,0.4824,1352,1877,100.0
2026-03-13 13:42:01.038Z,0.4780,0.4820,3790,5534,83.3
2026-03-13 13:42:02.748Z,0.4775,0.4823,2818,3979,100.0
2026-03-13 13:42:03.182Z,0.4775,0.4827,3147,2046,108.3
2026-03-13 13:42:04.312Z,0.4773,0.4825,2595,5311,108.4
2026-03-13 13:42:05.447Z,0.4774,0.4824,3236,2100,104.2
2026-03-13 13:42:06.332Z,0.4778,0.4824,6045,2336,95.8
2026-03-13 13:42:07.032Z,0.4780,0.4822,1992,2102,87.5
2026-03-13 13:42:08.490Z,0.4779,0.4821,952,2286,87.5
2026-03-13 13:42:09.532Z,0.4772,0.4828,1695,3722,116.7
2026-03-13 13:42:10.122Z,0.4780,0.4820,3349,4347,83.3
2026-03-13 13:42:11.046Z,0.4776,0.4824,3819,6103,100.0
2026-03-13 13:42:12.466Z,0.4778,0.4820,4265,17233,87.5
2026-03-13 13:42:13.525Z,0.4773,0.4827,11844,8906,112.5
2026-03-13 13:42:14.048Z,0.4779,0.4821,4900,3910,87.5
2026-03-13 13:42:15.237Z,0.4777,0.4823,3815,3960,95.8
2026-03-13 13:42:16.648Z,0.4775,0.4825,7710,5063,104.2
2026-03-13 13:42:17.311Z,0.4769,0.4829,2441,4673,125.0
2026-03-13 13:42:18.544Z,0.4779,0.4821,6278,3429,87.5
2026-03-13 13:42:19.443Z,0.4783,0.4825,6373,4601,87.4
2026-03-13 13:42:20.865Z,0.4789,0.4837,1869,2009,99.7
2026-03-13 13:42:21.021Z,0.4803,0.4851,3127,1066,99.4
2026-03-13 13:42:22.666Z,0.4811,0.4879,2257,1299,140.4
2026-03-13 13:42:23.033Z,0.4840,0.4890,3705,2440,102.8
2026-03-13 13:42:24.540Z,0.4859,0.4921,3350,2250,126.8
2026-03-13 13:42:25.879Z,0.4887,0.4943,2853,1635,113.9
2026-03-13 13:42:26.188Z,0.4904,0.4978,4522,2632,149.8
2026-03-13 13:42:27.499Z,0.4939,0.5001,2157,1549,124.7
2026-03-13 13:42:28.211Z,0.4969,0.5029,1328,950,120.0
2026-03-13 13:42:29.676Z,0.4994,0.5062,3515,2503,135.2
2026-03-13 13:42:30.367Z,0.5025,0.5087,2165,995,122.6
2026-03-13 13:42:31.453Z,0.5050,0.5118,3812,1611,133.8
2026-03-13 13:42:32.718Z,0.5073,0.5147,2539,952,144.8
2026-03-13 13:42:33.743Z,0.5096,0.5168,3310,1468,140.3
2026-03-13 13:42:34.558Z,0.5119,0.5189,3003,2988,135.8
2026-03-13 13:42:35.275Z,0.5143,0.5199,3112,1584,108.3
2026-03-13 13:42:36.311Z,0.5154,0.5218,1846,1351,123.4
2026-03-13 13:42:37.727Z,0.5169,0.5219,7607,4934,96.3
2026-03-13 13:42:38.797Z,0.5178,0.5220,6780,5463,80.8
2026-03-13 13:42:39.249Z,0.5172,0.5226,5174,9411,103.9
2026-03-13 13:42:40.743Z,0.5168,0.5214,3257,6563,88.6
2026-03-13 13:42:41.505Z,0.5156,0.5204,1515,1895,92.7
2026-03-13 13:42:42.124Z,0.5139,0.5195,1889,3329,108.4
2026-03-13 13:42:43.041Z,0.5125,0.5183,2927,4632,112.5
2026-03-13 13:42:44.448Z,0.5114,0.5166,1333,2293,101.2
2026-03-13 13:42:45.543Z,0.5102,0.5160,3507,7091,113.0
2026-03-13 13:42:46.516Z,0.5104,0.5152,3071,5104,93.6
2026-03-13 13:42:47.233Z,0.5101,0.5151,1487,5383,97.5
2026-03-13 13:42:48.548Z,0.5085,0.5143,1889,5340,113.4
2026-03-13 13:42:49.397Z,0.5068,0.5130,867,3872,121.6
2026-03-13 13:42:50.674Z,0.5043,0.5113,3001,7529,137.8
2026-03-13 13:42:51.485Z,0.5024,0.5082,2795,5405,114.8
2026-03-13 13:42:52.795Z,0.4998,0.5060,1279,3475,123.3
2026-03-13 13:42:53.707Z,0.4964,0.5038,2566,2545,148.0
2026-03-13 13:42:54.493Z,0.4946,0.5004,2290,3369,116.6
2026-03-13 13:42:55.815Z,0.4917,0.4987,3496,7882,141.4
2026-03-13 13:42:56.807Z,0.4897,0.4963,2925,5070,133.9
2026-03-13 13:42:57.624Z,0.4882,0.4948,3884,4356,134.3
2026-03-13 13:42:58.848Z,0.4874,0.4936,2885,6711,126.4
2026-03-13 13:42:59.101Z,0.4873,0.4927,1861,6014,110.2
2026-03-13 13:43:00.105Z,0.4871,0.4929,2807,1433,118.4
2026-03-13 13:43:01.230Z,0.4873,0.4923,1521,1762,102.1
2026-03-13 13:43:02.327Z,0.4872,0.4914,2295,2760,85.8
2026-03-13 13:43:03.437Z,0.4852,0.4916,897,1829,131.0
2026-03-13 13:43:04.546Z,0.4844,0.4904,980,2264,123.1
2026-03-13 13:43:05.836Z,0.4835,0.4885,882,1571,102.9
2026-03-13 13:43:06.803Z,0.4826,0.4872,1267,3434,94.9
2026-03-13 13:43:07.222Z,0.4808,0.4864,705,1756,115.8
2026-03-13 13:43:08.898Z,0.4796,0.4854,1040,2001,120.2
2026-03-13 13:43:09.547Z,0.4789,0.4839,1238,1612,103.9
2026-03-13 13:43:10.398Z,0.4784,0.4830,606,1513,95.7
2026-03-13 13:43:11.319Z,0.4775,0.4827,2078,4389,108.3
2026-03-13 13:43:12.094Z,0.4777,0.4823,3564,5793,95.8
2026-03-13 13:43:13.265Z,0.4775,0.4831,2604,2382,116.6
2026-03-13 13:43:14.025Z,0.4784,0.4836,3237,1184,108.1
2026-03-13 13:43:15.027Z,0.4794,0.4842,1598,524,99.6
2026-03-13 13:43:16.580Z,0.4800,0.4850,4936,2364,103.6
2026-03-13 13:43:17.687Z,0.4809,0.4853,2848,3082,91.1
2026-03-13 13:43:18.701Z,0.4811,0.4855,2455,1766,91.0
2026-03-13 13:43:19.676Z,0.4804,0.4862,1884,1979,120.0
2026-03-13 13:43:20.785Z,0.4818,0.4860,1200,1539,86.8
2026-03-13 13:43:21.874Z,0.4821,0.4865,1636,1145,90.9
2026-03-13 13:43:22.108Z,0.4823,0.4877,1193,781,111.3
2026-03-13 13:43:23.710Z,0.4835,0.4885,841,528,102.9
2026-03-13 13:43:24.218Z,0.4841,0.4899,1703,1281,119.1
2026-03-13 13:43:25.762Z,0.4853,0.4905,2443,834,106.6
2026-03-13 13:43:26.138Z,0.4867,0.4915,1711,573,98.1
2026-03-13 13:43:27.567Z,0.4876,0.4928,584,406,106.1
2026-03-13 13:43:28.566Z,0.4888,0.4942,896,454,109.9
2026-03-13 13:43:29.241Z,0.4904,0.4952,1838,842,97.4
2026-03-13 13:43:30.398Z,0.4908,0.4970,1397,663,125.5
2026-03-13 13:43:31.217Z,0.4922,0.4980,879,565,117.1
2026-03-13 13:43:32.554Z,0.4935,0.4989,1038,550,108.8
2026-03-13 13:43:33.009Z,0.4941,0.5001,1223,699,120.7
2026-03-13 13:43:34.435Z,0.4956,0.5006,1239,705,100.4
2026-03-13 13:43:35.791Z,0.4961,0.5015,1701,1373,108.3
2026-03-13 13:43:36.670Z,0.4968,0.5018,1326,1231,100.1
2026-03-13 13:43:37.323Z,0.4976,0.5020,3291,2268,88.0
2026-03-13 13:43:38.067Z,0.4979,0.5021,2904,1558,84.0
2026-03-13 13:43:39.166Z,0.4972,0.5028,3560,2822,112.0
2026-03-13 13:43:40.490Z,0.4974,0.5018,943,2912,88.1
2026-03-13 13:43:41.158Z,0.4963,0.5023,523,1780,120.2
2026-03-13 13:43:42.687Z,0.4967,0.5011,785,2514,88.2
2026-03-13 13:43:43.186Z,0.4958,0.5008,1799,2491,100.3
2026-03-13 13:43:44.799Z,0.4950,0.5004,1144,2675,108.5
2026-03-13 13:43:45.360Z,0.4948,0.5000,1132,1988,104.5
2026-03-13 13:43:46.110Z,0.4946,0.5002,1143,2449,112.6
2026-03-13 13:43:47.541Z,0.4950,0.4998,2670,2637,96.5
2026-03-13 13:43:48.420Z,0.4938,0.5000,1020,1983,124.8
2026-03-13 13:43:49.858Z,0.4934,0.4992,1464,3007,116.9
2026-03-13 13:43:50.778Z,0.4929,0.4987,939,1638,117.0
2026-03-13 13:43:51.870Z,0.4922,0.4976,576,1492,109.1
2026-03-13 13:43:52.580Z,0.4914,0.4970,944,874,113.3
2026-03-13 13:43:53.874Z,0.4910,0.4956,1359,2322,93.2
2026-03-13 13:43:54.762Z,0.4896,0.4954,1368,3380,117.8
2026-03-13 13:43:55.823Z,0.4892,0.4940,870,2243,97.6
2026-03-13 13:43:56.608Z,0.4879,0.4939,1574,3548,122.2
2026-03-13 13:43:57.314Z,0.4879,0.4931,1931,3944,106.0
2026-03-13 13:43:58.112Z,0.4879,0.4925,932,1585,93.8
2026-03-13 13:43:59.790Z,0.4870,0.4930,1070,2494,122.4
2026-03-13 13:44:00.705Z,0.4873,0.4927,2203,3426,110.2
2026-03-13 13:44:01.140Z,0.4873,0.4927,4387,2431,110.2
2026-03-13 13:44:02.890Z,0.4877,0.4923,2715,3084,93.9
2026-03-13 13:44:03.394Z,0.4876,0.4922,2902,9270,93.9
2026-03-13 13:44:04.287Z,0.4878,0.4922,3183,1972,89.8
2026-03-13 13:44:05.328Z,0.4878,0.4922,2795,2995,89.8
2026-03-13 13:44:06.876Z,0.4873,0.4927,2913,1578,110.2
2026-03-13 13:44:07.065Z,0.4873,0.4925,1963,4716,106.1
2026-03-13 13:44:08.763Z,0.4874,0.4928,3186,3753,110.2
2026-03-13 13:44:09.378Z,0.4871,0.4927,1028,2731,114.3
2026-03-13 13:44:10.123Z,0.4880,0.4920,2089,1443,81.6
2026-03-13 13:44:11.504Z,0.4876,0.4924,9698,5452,98.0
2026-03-13 13:44:12.882Z,0.4879,0.4923,8088,3823,89.8
2026-03-13 13:44:13.220Z,0.4876,0.4926,7531,5393,102.0
2026-03-13 13:44:14.760Z,0.4869,0.4929,2570,4423,122.5
2026-03-13 13:44:15.632Z,0.4879,0.4921,3417,1603,85.7
2026-03-13 13:44:16.547Z,0.4869,0.4929,4380,8740,122.5
2026-03-13 13:44:17.863Z,0.4873,0.4927,4709,3349,110.2
2026-03-13 13:44:18.572Z,0.4872,0.4928,2176,2781,114.3
2026-03-13 13:44:19.565Z,0.4877,0.4925,4140,4223,97.9
2026-03-13 13:44:20.797Z,0.4882,0.4932,1564,1651,101.9
2026-03-13 13:44:21.147Z,0.4890,0.4936,4740,3898,93.6
2026-03-13 13:44:22.401Z,0.4898,0.4944,2490,901,93.5
2026-03-13 13:44:23.042Z,0.4908,0.4958,2185,1022,101.4
2026-03-13 13:44:24.512Z,0.4911,0.4977,3995,1451,133.5
2026-03-13 13:44:25.003Z,0.4925,0.4989,3717,1996,129.1
2026-03-13 13:44:26.284Z,0.4948,0.4994,3425,1257,92.5
2026-03-13 13:44:27.247Z,0.4954,0.5018,2186,1283,128.4
2026-03-13 13:44:28.692Z,0.4976,0.5026,3479,1619,100.0
2026-03-13 13:44:29.435Z,0.4990,0.5040,1386,790,99.7
2026-03-13 13:44:30.350Z,0.5005,0.5053,2152,1848,95.4
2026-03-13 13:44:31.835Z,0.5011,0.5073,1403,1550,123.0
2026-03-13 13:44:32.324Z,0.5023,0.5085,3126,2192,122.7
2026-03-13 13:44:33.366Z,0.5038,0.5094,4132,1450,110.5
2026-03-13 13:44:34.238Z,0.5053,0.5099,2348,1540,90.6
2026-03-13 13:44:35.347Z,0.5059,0.5111,2104,1514,102.3
2026-03-13 13:44:36.760Z,0.5062,0.5122,3398,1427,117.8
2026-03-13 13:44:37.195Z,0.5076,0.5120,4267,3578,86.3
2026-03-13 13:44:38.468Z,0.5073,0.5129,8007,4650,109.8
2026-03-13 13:44:39.880Z,0.5070,0.5130,3183,5625,117.6
2026-03-13 13:44:40.849Z,0.5071,0.5123,7925,15053,102.0
2026-03-13 13:44:41.247Z,0.5063,0.5123,2503,5296,117.8
2026-03-13 13:44:42.514Z,0.5058,0.5112,2507,3778,106.2
2026-03-13 13:44:43.539Z,0.5057,0.5107,1780,3714,98.4
2026-03-13 13:44:44.336Z,0.5052,0.5100,2434,4940,94.6
2026-03-13 13:44:45.511Z,0.5044,0.5102,4250,8433,114.3
2026-03-13 13:44:46.362Z,0.5047,0.5091,2197,5182,86.8
2026-03-13 13:44:47.245Z,0.5041,0.5097,3517,2334,110.5
2026-03-13 13:44:48.260Z,0.5044,0.5090,1596,3769,90.8
2026-03-13 13:44:49.029Z,0.5039,0.5083,1071,2852,86.9
2026-03-13 13:44:50.514Z,0.5024,0.5084,1748,3707,118.7
2026-03-13 13:44:51.602Z,0.5017,0.5075,1250,3006,114.9
2026-03-13 13:44:52.425Z,0.5018,0.5062,4187,4966,87.3
2026-03-13 13:44:53.397Z,0.5007,0.5057,1636,4441,99.4
2026-03-13 13:44:54.754Z,0.4993,0.5055,1054,2593,123.4
2026-03-13 13:44:55.066Z,0.4985,0.5045,1748,3854,119.6
2026-03-13 13:44:56.425Z,0.4980,0.5038,2188,5933,115.8
2026-03-13 13:44:57.505Z,0.4985,0.5027,2349,7349,83.9
2026-03-13 13:44:58.538Z,0.4974,0.5030,1746,5136,112.0
2026-03-13 13:44:59.215Z,0.4976,0.5024,2359,3800,96.0
2026-03-13 13:45:00.214Z,0.4976,0.5024,1268,1504,96.0
2026-03-13 13:45:01.659Z,0.4975,0.5025,3103,3276,100.0
2026-03-13 13:45:02.213Z,0.4970,0.5028,480,1053,116.0
2026-03-13 13:45:03.136Z,0.4972,0.5028,1859,1193,112.0
2026-03-13 13:45:04.410Z,0.4973,0.5029,1639,1044,112.0
2026-03-13 13:45:05.813Z,0.4974,0.5028,1624,1908,108.0
2026-03-13 13:45:06.524Z,0.4971,0.5029,1761,3428,116.0
2026-03-13 13:45:07.285Z,0.4972,0.5030,1408,655,116.0
2026-03-13 13:45:08.583Z,0.4973,0.5029,1538,1007,112.0
2026-03-13 13:45:09.276Z,0.4975,0.5025,894,2216,100.0
2026-03-13 13:45:10.258Z,0.4974,0.5028,1992,1592,108.0
2026-03-13 13:45:11.412Z,0.4970,0.5030,2131,6697,120.0
2026-03-13 13:45:12.017Z,0.4979,0.5023,2960,2726,88.0
2026-03-13 13:45:13.323Z,0.4981,0.5021,1916,1692,80.0
2026-03-13 13:45:14.289Z,0.4976,0.5024,846,2342,96.0
2026-03-13 13:45:15.571Z,0.4979,0.5023,1986,1639,88.0
2026-03-13 13:45:16.390Z,0.4975,0.5023,2176,4841,96.0
2026-03-13 13:45:17.800Z,0.4973,0.5025,2470,2213,104.0
2026-03-13 13:45:18.321Z,0.4972,0.5028,3108,1985,112.0
2026-03-13 13:45:19.453Z,0.4972,0.5024,1188,2766,104.0
2026-03-13 13:45:20.276Z,0.4975,0.5019,670,1914,88.1
2026-03-13 13:45:21.817Z,0.4970,0.5018,489,1399,96.1
2026-03-13 13:45:22.276Z,0.4960,0.5016,852,1941,112.3
2026-03-13 13:45:23.573Z,0.4959,0.5007,496,762,96.3
2026-03-13 13:45:24.665Z,0.4949,0.5007,552,1776,116.5
2026-03-13 13:45:25.524Z,0.4944,0.4998,532,1578,108.6
2026-03-13 13:45:26.097Z,0.4940,0.4990,631,1192,100.7
2026-03-13 13:45:27.229Z,0.4933,0.4981,605,1661,96.8
2026-03-13 13:45:28.508Z,0.4928,0.4974,696,1254,92.9
2026-03-13 13:45:29.638Z,0.4917,0.4969,699,1252,105.2
2026-03-13 13:45:30.179Z,0.4911,0.4959,868,1723,97.3
2026-03-13 13:45:31.501Z,0.4906,0.4950,567,1476,89.3
2026-03-13 13:45:32.322Z,0.4892,0.4954,688,1754,125.9
2026-03-13 13:45:33.818Z,0.4893,0.4941,473,1704,97.6
2026-03-13 13:45:34.373Z,0.4879,0.4943,611,797,130.3
2026-03-13 13:45:35.548Z,0.4882,0.4934,592,1943,105.9
2026-03-13 13:45:36.183Z,0.4882,0.4928,740,2378,93.8
2026-03-13 13:45:37.803Z,0.4873,0.4929,2794,5125,114.3
2026-03-13 13:45:38.198Z,0.4874,0.4928,3785,5324,110.2
2026-03-13 13:45:39.587Z,0.4874,0.4926,1408,2519,106.1
2026-03-13 13:45:40.370Z,0.4879,0.4925,5104,3266,93.8
2026-03-13 13:45:41.189Z,0.4878,0.4930,1644,1233,106.0
2026-03-13 13:45:42.061Z,0.4884,0.4926,826,1003,85.6
2026-03-13 13:45:43.134Z,0.4880,0.4936,1525,997,114.1
2026-03-13 13:45:44.193Z,0.4885,0.4939,1839,1078,109.9
2026-03-13 13:45:45.624Z,0.4888,0.4938,2108,1167,101.8
2026-03-13 13:45:46.027Z,0.4893,0.4935,3694,1330,85.5
2026-03-13 13:45:47.824Z,0.4888,0.4940,2210,3094,105.8
2026-03-13 13:45:48.272Z,0.4892,0.4934,1581,2514,85.5
2026-03-13 13:45:49.169Z,0.4885,0.4939,663,1210,109.9
2026-03-13 13:45:50.853Z,0.4880,0.4938,677,1163,118.2
2026-03-13 13:45:51.717Z,0.4882,0.4938,1294,1124,114.1
2026-03-13 13:45:52.625Z,0.4878,0.4938,620,2667,122.2
2026-03-13 13:45:53.869Z,0.4883,0.4929,1898,2533,93.8
2026-03-13 13:45:54.492Z,0.4880,0.4926,1696,2218,93.8
2026-03-13 13:45:55.086Z,0.4875,0.4933,893,698,118.3
2026-03-13 13:45:56.013Z,0.4872,0.4932,649,1260,122.4
2026-03-13 13:45:57.221Z,0.4875,0.4929,2246,1492,110.2
2026-03-13 13:45:58.162Z,0.4873,0.4925,1018,4353,106.1
2026-03-13 13:45:59.333Z,0.4879,0.4921,2003,776,85.7
2026-03-13 13:46:00.009Z,0.4978,0.5022,2152,1532,88.0
2026-03-13 13:46:01.118Z,0.4976,0.5026,1181,627,100.0
2026-03-13 13:46:02.510Z,0.4972,0.5030,1233,2084,116.0
2026-03-13 13:46:03.057Z,0.4972,0.5030,1727,1147,116.0
2026-03-13 13:46:04.338Z,0.4978,0.5024,1788,2028,92.0
2026-03-13 13:46:05.266Z,0.4971,0.5027,961,1195,112.0
2026-03-13 13:46:06.210Z,0.4971,0.5029,1246,548,116.0
2026-03-13 13:46:07.268Z,0.4977,0.5025,2496,1412,96.0
2026-03-13 13:46:08.374Z,0.4975,0.5027,993,682,104.0
2026-03-13 13:46:09.105Z,0.4974,0.5026,472,902,104.0
2026-03-13 13:46:10.019Z,0.4979,0.5021,901,1016,84.0
2026-03-13 13:46:11.618Z,0.4975,0.5025,2793,2006,100.0
2026-03-13 13:46:12.382Z,0.4972,0.5026,1443,4411,108.0
2026-03-13 13:46:13.650Z,0.4978,0.5024,5257,1819,92.0
2026-03-13 13:46:14.658Z,0.4980,0.5022,1435,1238,84.0
2026-03-13 13:46:15.737Z,0.4976,0.5026,994,756,100.0
2026-03-13 13:46:16.689Z,0.4975,0.5027,2522,1655,104.0
2026-03-13 13:46:17.131Z,0.4975,0.5027,1785,1559,104.0
2026-03-13 13:46:18.703Z,0.4973,0.5025,783,1741,104.0
2026-03-13 13:46:19.667Z,0.4976,0.5024,1598,1309,96.0
2026-03-13 13:46:20.747Z,0.4969,0.5025,533,690,112.1
2026-03-13 13:46:21.842Z,0.4968,0.5018,438,978,100.1
2026-03-13 13:46:22.157Z,0.4966,0.5012,865,1612,92.2
2026-03-13 13:46:23.725Z,0.4951,0.5013,1007,976,124.4
2026-03-13 13:46:24.096Z,0.4956,0.4998,867,1387,84.4
2026-03-13 13:46:25.188Z,0.4944,0.5000,347,908,112.6
2026-03-13 13:46:26.398Z,0.4939,0.4989,691,700,100.7
2026-03-13 13:46:27.045Z,0.4928,0.4986,341,450,117.0
2026-03-13 13:46:28.659Z,0.4921,0.4981,396,1137,121.2
2026-03-13 13:46:29.542Z,0.4914,0.4974,1041,1179,121.4
2026-03-13 13:46:30.741Z,0.4911,0.4963,562,2142,105.3
2026-03-13 13:46:31.716Z,0.4906,0.4950,592,1042,89.3
2026-03-13 13:46:32.280Z,0.4898,0.4946,728,1186,97.5
2026-03-13 13:46:33.747Z,0.4891,0.4941,527,1048,101.7
2026-03-13 13:46:34.097Z,0.4886,0.4938,853,1199,105.9
2026-03-13 13:46:35.217Z,0.4879,0.4935,979,1863,114.1
2026-03-13 13:46:36.375Z,0.4874,0.4932,568,518,118.3
2026-03-13 13:46:37.005Z,0.4878,0.4924,2754,2755,93.9
2026-03-13 13:46:38.020Z,0.4878,0.4922,1296,2434,89.8
2026-03-13 13:46:39.381Z,0.4875,0.4925,1703,3072,102.0
2026-03-13 13:46:40.218Z,0.4881,0.4925,2237,2126,89.7
2026-03-13 13:46:41.318Z,0.4878,0.4928,1573,1817,102.0
2026-03-13 13:46:42.111Z,0.4885,0.4929,984,295,89.7
2026-03-13 13:46:43.492Z,0.4885,0.4933,909,484,97.8
2026-03-13 13:46:44.542Z,0.4887,0.4937,1639,903,101.8
2026-03-13 13:46:45.861Z,0.4889,0.4937,3448,995,97.7
2026-03-13 13:46:46.703Z,0.4889,0.4939,3673,2238,101.8
2026-03-13 13:46:47.296Z,0.4887,0.4939,520,1734,105.8
2026-03-13 13:46:48.439Z,0.4888,0.4938,568,849,101.8
2026-03-13 13:46:49.783Z,0.4887,0.4935,423,1262,97.7
2026-03-13 13:46:50.068Z,0.4889,0.4931,600,611,85.5
2026-03-13 13:46:51.751Z,0.4884,0.4934,985,1646,101.9
2026-03-13 13:46:52.867Z,0.4882,0.4934,1099,1903,105.9
2026-03-13 13:46:53.576Z,0.4882,0.4928,641,1418,93.8
2026-03-13 13:46:54.877Z,0.4881,0.4925,537,1208,89.7
2026-03-13 13:46:55.081Z,0.4880,0.4928,1767,1332,97.9
2026-03-13 13:46:56.529Z,0.4878,0.4926,901,1513,97.9
2026-03-13 13:46:57.642Z,0.4876,0.4928,1348,1306,106.1
2026-03-13 13:46:58.773Z,0.4870,0.4930,889,1516,122.4
2026-03-13 13:46:59.787Z,0.4871,0.4929,1462,1349,118.4
2026-03-13 13:47:00.185Z,0.4875,0.4925,589,864,102.0
2026-03-13 13:47:01.235Z,0.4873,0.4925,463,1140,106.1
2026-03-13 13:47:02.377Z,0.4874,0.4928,2277,1362,110.2
2026-03-13 13:47:03.007Z,0.4874,0.4928,1668,1089,110.2
2026-03-13 13:47:04.203Z,0.4878,0.4922,790,1181,89.8
2026-03-13 13:47:05.514Z,0.4876,0.4922,636,1100,93.9
2026-03-13 13:47:06.449Z,0.4872,0.4930,1279,444,118.3
2026-03-13 13:47:07.192Z,0.4868,0.4930,1137,2015,126.6
2026-03-13 13:47:08.393Z,0.4878,0.4922,1123,943,89.8
2026-03-13 13:47:09.895Z,0.4875,0.4923,1157,1594,98.0
2026-03-13 13:47:10.127Z,0.4873,0.4925,1754,892,106.1
2026-03-13 13:47:11.012Z,0.4880,0.4922,2147,1999,85.7
2026-03-13 13:47:12.883Z,0.4873,0.4927,2365,5866,110.2
2026-03-13 13:47:13.559Z,0.4873,0.4927,2509,1933,110.2
2026-03-13 13:47:14.015Z,0.4871,0.4927,373,660,114.3
2026-03-13 13:47:15.049Z,0.4871,0.4929,1149,485,118.4
2026-03-13 13:47:16.174Z,0.4874,0.4924,1625,2964,102.1
2026-03-13 13:47:17.801Z,0.4879,0.4919,2641,2042,81.6
2026-03-13 13:47:18.142Z,0.4870,0.4928,1223,1893,118.4
2026-03-13 13:47:19.680Z,0.4872,0.4926,1717,970,110.2
2026-03-13 13:47:20.267Z,0.4878,0.4918,520,1119,81.7
2026-03-13 13:47:21.312Z,0.4869,0.4919,532,688,102.2
2026-03-13 13:47:22.137Z,0.4864,0.4914,879,1318,102.3
2026-03-13 13:47:23.446Z,0.4861,0.4905,445,1273,90.1
2026-03-13 13:47:24.544Z,0.4847,0.4907,617,1080,123.0
2026-03-13 13:47:25.071Z,0.4844,0.4896,446,1485,106.8
2026-03-13 13:47:26.321Z,0.4840,0.4888,850,949,98.7
2026-03-13 13:47:27.172Z,0.4827,0.4887,767,1021,123.5
2026-03-13 13:47:28.408Z,0.4826,0.4874,634,1437,99.0
2026-03-13 13:47:29.723Z,0.4821,0.4867,419,1401,95.0
2026-03-13 13:47:30.612Z,0.4807,0.4865,492,854,119.9
2026-03-13 13:47:31.442Z,0.4805,0.4851,426,1224,95.3
2026-03-13 13:47:32.826Z,0.4799,0.4847,1068,1105,99.5
2026-03-13 13:47:33.798Z,0.4786,0.4844,878,1533,120.5
2026-03-13 13:47:34.617Z,0.4788,0.4834,607,838,95.6
2026-03-13 13:47:35.287Z,0.4785,0.4829,1123,1366,91.5
2026-03-13 13:47:36.815Z,0.4778,0.4828,905,990,104.1
2026-03-13 13:47:37.604Z,0.4771,0.4831,1198,2124,125.0
2026-03-13 13:47:38.040Z,0.4771,0.4827,1055,1678,116.7
2026-03-13 13:47:39.194Z,0.4776,0.4824,3585,2068,100.0
2026-03-13 13:47:40.129Z,0.4776,0.4826,3460,1531,104.1
2026-03-13 13:47:41.412Z,0.4773,0.4835,540,587,129.1
2026-03-13 13:47:42.349Z,0.4784,0.4828,1462,887,91.6
2026-03-13 13:47:43.440Z,0.4782,0.4834,2150,1119,108.2
2026-03-13 13:47:44.809Z,0.4789,0.4831,1045,517,87.3
2026-03-13 13:47:45.831Z,0.4784,0.4840,1097,431,116.4
2026-03-13 13:47:46.873Z,0.4788,0.4838,1466,1169,103.9
2026-03-13 13:47:47.411Z,0.4784,0.4842,1703,2262,120.5
2026-03-13 13:47:48.632Z,0.4782,0.4842,574,593,124.7
2026-03-13 13:47:49.802Z,0.4790,0.4830,676,747,83.2
2026-03-13 13:47:50.624Z,0.4784,0.4834,1063,2224,104.0
2026-03-13 13:47:51.048Z,0.4785,0.4829,928,2905,91.5
2026-03-13 13:47:52.644Z,0.4781,0.4831,970,1430,104.0
2026-03-13 13:47:53.794Z,0.4777,0.4833,642,876,116.5
2026-03-13 13:47:54.496Z,0.4774,0.4834,803,1467,124.9
2026-03-13 13:47:55.852Z,0.4781,0.4825,842,1592,91.6
2026-03-13 13:47:56.830Z,0.4781,0.4823,797,1545,87.5
2026-03-13 13:47:57.469Z,0.4775,0.4827,542,926,108.3
2026-03-13 13:47:58.303Z,0.4774,0.4826,814,1897,108.3
2026-03-13 13:47:59.219Z,0.4780,0.4820,1656,2113,83.3
2026-03-13 13:48:00.712Z,0.4779,0.4821,4702,3355,87.5
2026-03-13 13:48:01.065Z,0.4773,0.4827,1966,3480,112.5
2026-03-13 13:48:02.828Z,0.4769,0.4829,2870,3397,125.0
2026-03-13 13:48:03.292Z,0.4778,0.4824,3024,1007,95.8
2026-03-13 13:48:04.517Z,0.4777,0.4823,1114,4498,95.8
2026-03-13 13:48:05.242Z,0.4774,0.4824,1101,2978,104.2
2026-03-13 13:48:06.201Z,0.4771,0.4827,2944,2240,116.7
2026-03-13 13:48:07.560Z,0.4778,0.4822,2254,2461,91.7
2026-03-13 13:48:08.550Z,0.4772,0.4830,2993,2815,120.8
2026-03-13 13:48:09.827Z,0.4779,0.4823,3161,3089,91.6
2026-03-13 13:48:10.321Z,0.4769,0.4829,781,2896,125.0
2026-03-13 13:48:11.478Z,0.4780,0.4820,3692,4351,83.3
2026-03-13 13:48:12.522Z,0.4776,0.4822,4964,12492,95.9
2026-03-13 13:48:13.088Z,0.4778,0.4822,8114,5795,91.7
2026-03-13 13:48:14.097Z,0.4780,0.4822,4941,1280,87.5
2026-03-13 13:48:15.635Z,0.4778,0.4822,2145,3686,91.7
2026-03-13 13:48:16.044Z,0.4771,0.4831,6482,2272,125.0
2026-03-13 13:48:17.212Z,0.4773,0.4829,4002,4537,116.6
2026-03-13 13:48:18.548Z,0.4777,0.4821,2094,6350,91.7
2026-03-13 13:48:19.281Z,0.4773,0.4823,1932,3321,104.2
2026-03-13 13:48:20.710Z,0.4768,0.4826,2024,3099,120.9
2026-03-13 13:48:21.213Z,0.4773,0.4815,2764,2984,87.6
2026-03-13 13:48:22.321Z,0.4763,0.4815,1610,2277,108.6
2026-03-13 13:48:23.544Z,0.4760,0.4810,1030,3522,104.5
2026-03-13 13:48:24.251Z,0.4745,0.4809,1700,2490,134.0
2026-03-13 13:48:25.893Z,0.4739,0.4801,1274,2896,130.0
2026-03-13 13:48:26.246Z,0.4736,0.4794,933,2825,121.7
2026-03-13 13:48:27.144Z,0.4736,0.4780,971,2750,92.5
2026-03-13 13:48:28.206Z,0.4721,0.4781,770,3370,126.3
2026-03-13 13:48:29.087Z,0.4719,0.4769,1664,2559,105.4
2026-03-13 13:48:30.825Z,0.4712,0.4760,1103,1415,101.4
2026-03-13 13:48:31.777Z,0.4697,0.4759,911,1449,131.1
2026-03-13 13:48:32.309Z,0.4693,0.4751,1408,1688,122.8
2026-03-13 13:48:33.498Z,0.4694,0.4740,2087,3045,97.5
2026-03-13 13:48:34.531Z,0.4691,0.4733,1663,2885,89.1
2026-03-13 13:48:35.410Z,0.4675,0.4737,633,2454,131.7
2026-03-13 13:48:36.609Z,0.4672,0.4734,1015,1544,131.8
2026-03-13 13:48:37.043Z,0.4679,0.4725,2836,7818,97.8
2026-03-13 13:48:38.241Z,0.4673,0.4725,1823,4494,110.7
2026-03-13 13:48:39.454Z,0.4678,0.4722,8297,4349,93.6
2026-03-13 13:48:40.802Z,0.4677,0.4725,7468,4558,102.1
2026-03-13 13:48:41.804Z,0.4674,0.4732,1714,857,123.3
2026-03-13 13:48:42.874Z,0.4676,0.4732,3555,2551,119.0
2026-03-13 13:48:43.316Z,0.4675,0.4735,2109,2070,127.5
2026-03-13 13:48:44.244Z,0.4677,0.4737,2053,1375,127.5
2026-03-13 13:48:45.030Z,0.4679,0.4735,1750,3820,119.0
2026-03-13 13:48:46.206Z,0.4679,0.4737,2326,1899,123.2
2026-03-13 13:48:47.307Z,0.4682,0.4734,1788,2851,110.5
2026-03-13 13:48:48.200Z,0.4677,0.4737,856,3211,127.5
2026-03-13 13:48:49.403Z,0.4678,0.4736,1933,2685,123.2
2026-03-13 13:48:50.512Z,0.4686,0.4726,1688,5486,85.0
2026-03-13 13:48:51.850Z,0.4676,0.4736,4805,4157,127.5
2026-03-13 13:48:52.045Z,0.4677,0.4733,1808,4958,119.0
2026-03-13 13:48:53.062Z,0.4680,0.4730,2308,1792,106.3
2026-03-13 13:48:54.697Z,0.4676,0.4730,1938,5129,114.8
2026-03-13 13:48:55.252Z,0.4672,0.4730,2225,4576,123.4
2026-03-13 13:48:56.111Z,0.4676,0.4728,4716,1853,110.6
2026-03-13 13:48:57.182Z,0.4672,0.4728,1623,3888,119.1
2026-03-13 13:48:58.337Z,0.4673,0.4727,3916,3756,114.9
2026-03-13 13:48:59.383Z,0.4674,0.4726,3334,3142,110.6
2026-03-13 13:49:00.725Z,0.4676,0.4724,2187,2733,102.1
2026-03-13 13:49:01.584Z,0.4677,0.4721,1567,2936,93.6
2026-03-13 13:49:02.626Z,0.4676,0.4722,2793,2349,97.9
2026-03-13 13:49:03.890Z,0.4680,0.4722,3127,1710,89.3
2026-03-13 13:49:04.038Z,0.4675,0.4727,1932,1746,110.6
2026-03-13 13:49:05.890Z,0.4674,0.4726,1571,2755,110.6
2026-03-13 13:49:06.281Z,0.4675,0.4727,3870,1877,110.6
2026-03-13 13:49:07.836Z,0.4673,0.4727,705,1859,114.9
2026-03-13 13:49:08.332Z,0.4675,0.4723,1427,2993,102.1
2026-03-13 13:49:09.211Z,0.4674,0.4726,2206,686,110.6
2026-03-13 13:49:10.868Z,0.4675,0.4725,1214,1582,106.4
2026-03-13 13:49:11.142Z,0.4673,0.4727,3279,1476,114.9
2026-03-13 13:49:12.086Z,0.4672,0.4726,3654,10725,114.9
2026-03-13 13:49:13.066Z,0.4674,0.4726,2517,2594,110.6
2026-03-13 13:49:14.304Z,0.4673,0.4727,1524,941,114.9
2026-03-13 13:49:15.600Z,0.4671,0.4729,1267,2164,123.4
2026-03-13 13:49:16.399Z,0.4675,0.4727,3930,2422,110.6
2026-03-13 13:49:17.764Z,0.4675,0.4725,1008,2265,106.4
2026-03-13 13:49:18.235Z,0.4673,0.4727,2848,3386,114.9
2026-03-13 13:49:19.591Z,0.4672,0.4732,4506,1622,127.6
2026-03-13 13:49:20.580Z,0.4678,0.4728,1286,1092,106.3
2026-03-13 13:49:21.257Z,0.4679,0.4733,2270,977,114.7
2026-03-13 13:49:22.224Z,0.4682,0.4738,1585,835,118.9
2026-03-13 13:49:23.448Z,0.4690,0.4740,1009,737,106.0
2026-03-13 13:49:24.580Z,0.4698,0.4748,2642,907,105.9
2026-03-13 13:49:25.616Z,0.4704,0.4754,1011,494,105.7
2026-03-13 13:49:26.662Z,0.4712,0.4758,3104,1460,97.1
2026-03-13 13:49:27.835Z,0.4718,0.4766,1668,1205,101.2
2026-03-13 13:49:28.204Z,0.4723,0.4777,1969,1284,113.7
2026-03-13 13:49:29.534Z,0.4734,0.4780,1044,1288,96.7
2026-03-13 13:49:30.221Z,0.4733,0.4793,1011,573,126.0
2026-03-13 13:49:31.283Z,0.4740,0.4802,1781,1558,130.0
2026-03-13 13:49:32.851Z,0.4752,0.4802,2858,971,104.7
2026-03-13 13:49:33.100Z,0.4753,0.4813,1765,623,125.4
2026-03-13 13:49:34.222Z,0.4759,0.4821,1736,1555,129.4
2026-03-13 13:49:35.158Z,0.4766,0.4818,1781,1082,108.5
2026-03-13 13:49:36.446Z,0.4773,0.4821,1370,829,100.1
2026-03-13 13:49:37.814Z,0.4773,0.4827,4382,1949,112.5
2026-03-13 13:49:38.073Z,0.4770,0.4830,4499,4877,125.0
2026-03-13 13:49:39.811Z,0.4773,0.4825,2651,3867,108.4
2026-03-13 13:49:40.677Z,0.4777,0.4821,3792,2024,91.7
2026-03-13 13:49:41.281Z,0.4769,0.4821,857,2198,108.4
2026-03-13 13:49:42.675Z,0.4772,0.4814,883,1525,87.6
2026-03-13 13:49:43.553Z,0.4762,0.4820,1198,1851,121.1
2026-03-13 13:49:44.400Z,0.4762,0.4812,1771,2898,104.4
2026-03-13 13:49:45.241Z,0.4764,0.4808,1671,3326,91.9
2026-03-13 13:49:46.499Z,0.4755,0.4815,1112,2413,125.4
2026-03-13 13:49:47.241Z,0.4761,0.4813,2531,1113,108.6
2026-03-13 13:49:48.382Z,0.4763,0.4807,1356,3636,92.0
2026-03-13 13:49:49.884Z,0.4762,0.4812,2559,1519,104.4
2026-03-13 13:49:50.036Z,0.4766,0.4812,2362,1286,96.1
2026-03-13 13:49:51.286Z,0.4765,0.4813,818,927,100.2
2026-03-13 13:49:52.087Z,0.4761,0.4823,1212,880,129.4
2026-03-13 13:49:53.705Z,0.4769,0.4821,2807,1363,108.4
2026-03-13 13:49:54.018Z,0.4771,0.4821,2603,1671,104.3
2026-03-13 13:49:55.300Z,0.4768,0.4826,1966,887,120.9
2026-03-13 13:49:56.696Z,0.4769,0.4825,757,1278,116.7
2026-03-13 13:49:57.257Z,0.4773,0.4823,2044,2270,104.2
2026-03-13 13:49:58.794Z,0.4775,0.4823,2296,1250,100.0
2026-03-13 13:49:59.409Z,0.4779,0.4821,1546,921,87.5
2026-03-13 13:50:00.825Z,0.4770,0.4830,2209,1264,125.0
2026-03-13 13:50:01.787Z,0.4767,0.4827,972,1554,125.1
2026-03-13 13:50:02.087Z,0.4763,0.4823,611,1761,125.2
2026-03-13 13:50:03.022Z,0.4759,0.4809,1879,3265,104.5
2026-03-13 13:50:04.898Z,0.4742,0.4802,1717,2659,125.7
2026-03-13 13:50:05.535Z,0.4734,0.4788,916,1470,113.4
2026-03-13 13:50:06.192Z,0.4714,0.4782,1031,2116,143.2
2026-03-13 13:50:07.160Z,0.4704,0.4768,1083,1203,135.1
2026-03-13 13:50:08.837Z,0.4701,0.4747,884,1503,97.4
2026-03-13 13:50:09.490Z,0.4681,0.4747,757,1518,140.0
2026-03-13 13:50:10.013Z,0.4676,0.4738,1324,2084,131.7
2026-03-13 13:50:11.250Z,0.4678,0.4726,2483,4751,102.1
2026-03-13 13:50:12.378Z,0.4674,0.4726,1704,4571,110.6
2026-03-13 13:50:13.102Z,0.4679,0.4727,3005,1225,102.1
2026-03-13 13:50:14.174Z,0.4685,0.4735,1789,881,106.2
2026-03-13 13:50:15.814Z,0.4693,0.4739,1692,862,97.5
2026-03-13 13:50:16.545Z,0.4693,0.4753,2705,1726,127.0
2026-03-13 13:50:17.296Z,0.4704,0.4750,2922,2509,97.3
2026-03-13 13:50:18.821Z,0.4703,0.4753,4724,2332,105.8
2026-03-13 13:50:19.326Z,0.4703,0.4755,3838,1497,110.0
2026-03-13 13:50:20.217Z,0.4707,0.4757,1634,639,105.7
2026-03-13 13:50:21.633Z,0.4710,0.4754,845,708,93.0
2026-03-13 13:50:22.062Z,0.4707,0.4765,824,1118,122.5
2026-03-13 13:50:23.554Z,0.4711,0.4769,2033,1095,122.4
2026-03-13 13:50:24.818Z,0.4722,0.4766,1363,359,92.7
2026-03-13 13:50:25.605Z,0.4721,0.4775,1491,1300,113.7
2026-03-13 13:50:26.317Z,0.4725,0.4783,1352,768,122.0
2026-03-13 13:50:27.165Z,0.4735,0.4785,1491,955,105.0
2026-03-13 13:50:28.128Z,0.4734,0.4794,966,909,125.9
2026-03-13 13:50:29.116Z,0.4743,0.4797,1468,649,113.2
2026-03-13 13:50:30.497Z,0.4745,0.4805,2536,859,125.7
2026-03-13 13:50:31.117Z,0.4753,0.4805,1735,980,108.8
2026-03-13 13:50:32.087Z,0.4752,0.4814,2005,849,129.6
2026-03-13 13:50:33.306Z,0.4762,0.4812,1578,1144,104.4
2026-03-13 13:50:34.272Z,0.4771,0.4815,2309,1343,91.8
2026-03-13 13:50:35.025Z,0.4775,0.4817,2056,1718,87.6
2026-03-13 13:50:36.138Z,0.4769,0.4827,1840,878,120.9
2026-03-13 13:50:37.419Z,0.4772,0.4828,2371,1618,116.7
2026-03-13 13:50:38.639Z,0.4770,0.4828,1925,4522,120.9
2026-03-13 13:50:39.172Z,0.4776,0.4822,3342,3225,95.9
2026-03-13 13:50:40.688Z,0.4770,0.4828,2724,2094,120.9
2026-03-13 13:50:41.388Z,0.4779,0.4821,1141,994,87.5
2026-03-13 13:50:42.057Z,0.4780,0.4822,1020,770,87.5
2026-03-13 13:50:43.201Z,0.4779,0.4821,582,2375,87.5
2026-03-13 13:50:44.500Z,0.4778,0.4822,675,515,91.7
2026-03-13 13:50:45.428Z,0.4771,0.4829,2580,2093,120.8
2026-03-13 13:50:46.691Z,0.4777,0.4823,2930,1919,95.8
2026-03-13 13:50:47.236Z,0.4779,0.4821,2526,3136,87.5
2026-03-13 13:50:48.392Z,0.4773,0.4827,1804,1383,112.5
2026-03-13 13:50:49.607Z,0.4777,0.4823,891,750,95.8
2026-03-13 13:50:50.104Z,0.4778,0.4822,1980,1423,91.7
2026-03-13 13:50:51.541Z,0.4775,0.4827,1751,671,108.3
2026-03-13 13:50:52.512Z,0.4775,0.4827,1589,739,108.3
2026-03-13 13:50:53.726Z,0.4777,0.4825,1260,1036,100.0
2026-03-13 13:50:54.129Z,0.4773,0.4827,815,2588,112.5
2026-03-13 13:50:55.796Z,0.4775,0.4825,1835,1032,104.2
2026-03-13 13:50:56.185Z,0.4774,0.4824,1213,3811,104.2
2026-03-13 13:50:57.510Z,0.4776,0.4822,1255,983,95.9
2026-03-13 13:50:58.588Z,0.4776,0.4822,1560,1810,95.9
2026-03-13 13:50:59.767Z,0.4772,0.4828,1585,572,116.7
2026-03-13 13:51:00.678Z,0.4776,0.4824,1483,2229,100.0
2026-03-13 13:51:01.263Z,0.4770,0.4828,1308,3187,120.9
2026-03-13 13:51:02.136Z,0.4776,0.4822,1286,1910,95.9
2026-03-13 13:51:03.352Z,0.4773,0.4827,1628,988,112.5
2026-03-13 13:51:04.800Z,0.4778,0.4824,3392,2868,95.8
2026-03-13 13:51:05.647Z,0.4770,0.4828,1552,3067,120.9
2026-03-13 13:51:06.727Z,0.4773,0.4827,2030,1745,112.5
2026-03-13 13:51:07.546Z,0.4777,0.4823,1863,2322,95.8
2026-03-13 13:51:08.430Z,0.4776,0.4822,2237,2102,95.9
2026-03-13 13:51:09.796Z,0.4777,0.4823,2148,925,95.8
2026-03-13 13:51:10.503Z,0.4779,0.4821,2078,1198,87.5
2026-03-13 13:51:11.407Z,0.4780,0.4820,3941,5068,83.3
2026-03-13 13:51:12.433Z,0.4777,0.4821,4432,10233,91.7
2026-03-13 13:51:13.400Z,0.4779,0.4819,3427,2123,83.4
2026-03-13 13:51:14.086Z,0.4775,0.4825,2817,1022,104.2
2026-03-13 13:51:15.511Z,0.4776,0.4822,1209,2111,95.9
2026-03-13 13:51:16.378Z,0.4778,0.4822,5206,4388,91.7
2026-03-13 13:51:17.674Z,0.4780,0.4820,1851,1698,83.3
2026-03-13 13:51:18.525Z,0.4779,0.4821,2147,1244,87.5
2026-03-13 13:51:19.294Z,0.4769,0.4827,2340,4616,120.9
2026-03-13 13:51:20.757Z,0.4768,0.4824,1482,1738,116.8
2026-03-13 13:51:21.066Z,0.4768,0.4816,867,1203,100.2
2026-03-13 13:51:22.133Z,0.4760,0.4816,1416,1667,117.0
2026-03-13 13:51:23.316Z,0.4756,0.4812,1045,2071,117.1
2026-03-13 13:51:24.369Z,0.4747,0.4809,1300,3530,129.8
2026-03-13 13:51:25.861Z,0.4743,0.4801,1050,2214,121.5
2026-03-13 13:51:26.676Z,0.4733,0.4797,770,3220,134.3
2026-03-13 13:51:27.609Z,0.4732,0.4786,570,1037,113.5
2026-03-13 13:51:28.393Z,0.4721,0.4777,821,1703,117.9
2026-03-13 13:51:29.828Z,0.4721,0.4767,780,1305,97.0
2026-03-13 13:51:30.530Z,0.4713,0.4761,976,1346,101.3
2026-03-13 13:51:31.851Z,0.4703,0.4753,890,1374,105.8
2026-03-13 13:51:32.284Z,0.4694,0.4750,1716,2708,118.6
2026-03-13 13:51:33.151Z,0.4689,0.4743,822,3556,114.5
2026-03-13 13:51:34.758Z,0.4686,0.4736,1211,2870,106.1
2026-03-13 13:51:35.795Z,0.4676,0.4736,1412,3965,127.5
2026-03-13 13:51:36.698Z,0.4681,0.4727,973,2314,97.8
2026-03-13 13:51:37.479Z,0.4679,0.4725,4023,4370,97.8
2026-03-13 13:51:38.376Z,0.4673,0.4729,1132,3993,119.1
2026-03-13 13:51:39.689Z,0.4673,0.4727,2633,6229,114.9
2026-03-13 13:51:40.294Z,0.4680,0.4724,3418,1290,93.6
2026-03-13 13:51:41.204Z,0.4675,0.4733,1485,1280,123.3
2026-03-13 13:51:42.084Z,0.4676,0.4734,3062,1542,123.3
2026-03-13 13:51:43.045Z,0.4686,0.4734,1523,1036,101.9
2026-03-13 13:51:44.860Z,0.4683,0.4741,2390,1040,123.1
2026-03-13 13:51:45.057Z,0.4690,0.4738,3575,2130,101.8
2026-03-13 13:51:46.157Z,0.4691,0.4737,2903,1608,97.6
2026-03-13 13:51:47.560Z,0.4687,0.4741,1883,1895,114.6
2026-03-13 13:51:48.593Z,0.4683,0.4743,968,1979,127.3
2026-03-13 13:51:49.526Z,0.4684,0.4742,2240,2736,123.1
2026-03-13 13:51:50.419Z,0.4685,0.4735,687,1238,106.2
2026-03-13 13:51:51.476Z,0.4687,0.4731,938,2538,93.4
2026-03-13 13:51:52.782Z,0.4687,0.4729,1184,3317,89.2
2026-03-13 13:51:53.739Z,0.4684,0.4728,1288,1568,93.5
2026-03-13 13:51:54.343Z,0.4684,0.4726,1427,2240,89.3
2026-03-13 13:51:55.888Z,0.4674,0.4730,1422,1724,119.1
2026-03-13 13:51:56.132Z,0.4673,0.4733,1490,858,127.6
2026-03-13 13:51:57.655Z,0.4680,0.4722,2123,2847,89.3
2026-03-13 13:51:58.381Z,0.4673,0.4725,2172,2143,110.7
2026-03-13 13:51:59.519Z,0.4674,0.4726,2329,1505,110.6
2026-03-13 13:52:00.172Z,0.4676,0.4724,1269,1158,102.1
2026-03-13 13:52:01.096Z,0.4680,0.4720,672,1169,85.1
2026-03-13 13:52:02.673Z,0.4674,0.4724,713,1562,106.4
2026-03-13 13:52:03.010Z,0.4673,0.4727,982,689,114.9
2026-03-13 13:52:04.806Z,0.4676,0.4724,1033,1658,102.1
2026-03-13 13:52:05.614Z,0.4670,0.4730,868,560,127.7
2026-03-13 13:52:06.406Z,0.4675,0.4727,919,901,110.6
2026-03-13 13:52:07.727Z,0.4674,0.4728,657,667,114.9
2026-03-13 13:52:08.033Z,0.4677,0.4725,847,759,102.1
2026-03-13 13:52:09.094Z,0.4678,0.4722,515,944,93.6
2026-03-13 13:52:10.654Z,0.4677,0.4725,1304,785,102.1
2026-03-13 13:52:11.717Z,0.4677,0.4721,1537,4529,93.6
2026-03-13 13:52:12.101Z,0.4677,0.4721,3255,2364,93.6
2026-03-13 13:52:13.168Z,0.4677,0.4725,2229,940,102.1
2026-03-13 13:52:14.288Z,0.4672,0.4730,496,630,123.4
2026-03-13 13:52:15.437Z,0.4676,0.4724,555,1435,102.1
2026-03-13 13:52:16.457Z,0.4678,0.4722,821,1320,93.6
2026-03-13 13:52:17.096Z,0.4670,0.4728,1205,2067,123.4
2026-03-13 13:52:18.577Z,0.4678,0.4724,1560,834,97.9
2026-03-13 13:52:19.746Z,0.4675,0.4727,1433,1116,110.6
2026-03-13 13:52:20.714Z,0.4678,0.4730,1396,627,110.5
2026-03-13 13:52:21.776Z,0.4677,0.4735,1309,842,123.2
2026-03-13 13:52:22.342Z,0.4683,0.4741,1319,847,123.1
2026-03-13 13:52:23.807Z,0.4696,0.4738,468,557,89.0
2026-03-13 13:52:24.298Z,0.4692,0.4750,1069,823,122.9
2026-03-13 13:52:25.017Z,0.4697,0.4763,981,404,139.5
2026-03-13 13:52:26.768Z,0.4706,0.4766,934,1004,126.7
2026-03-13 13:52:27.890Z,0.4714,0.4772,718,321,122.3
2026-03-13 13:52:28.250Z,0.4729,0.4771,1085,495,88.4
2026-03-13 13:52:29.853Z,0.4728,0.4786,904,528,121.9
2026-03-13 13:52:30.713Z,0.4736,0.4792,969,639,117.5
2026-03-13 13:52:31.865Z,0.4749,0.4795,1007,460,96.4
2026-03-13 13:52:32.780Z,0.4757,0.4799,1030,393,87.9
2026-03-13 13:52:33.524Z,0.4756,0.4808,1315,571,108.7
2026-03-13 13:52:34.186Z,0.4767,0.4811,1005,452,91.9
2026-03-13 13:52:35.290Z,0.4769,0.4819,446,376,104.3
2026-03-13 13:52:36.279Z,0.4768,0.4826,1291,790,120.9
2026-03-13 13:52:37.240Z,0.4779,0.4821,2182,1436,87.5
2026-03-13 13:52:38.758Z,0.4770,0.4828,1062,1939,120.9
2026-03-13 13:52:39.227Z,0.4775,0.4825,2334,2047,104.2
2026-03-13 13:52:40.367Z,0.4777,0.4819,1320,2235,87.5
2026-03-13 13:52:41.639Z,0.4774,0.4816,787,1955,87.6
2026-03-13 13:52:42.559Z,0.4760,0.4822,611,1719,129.4
2026-03-13 13:52:43.030Z,0.4764,0.4812,719,1585,100.3
2026-03-13 13:52:44.497Z,0.4764,0.4810,614,1819,96.1
2026-03-13 13:52:45.298Z,0.4759,0.4811,371,1001,108.7
2026-03-13 13:52:46.748Z,0.4756,0.4814,870,1629,121.2
2026-03-13 13:52:47.270Z,0.4750,0.4812,627,1591,129.7
2026-03-13 13:52:48.169Z,0.4754,0.4804,653,980,104.6
2026-03-13 13:52:49.773Z,0.4744,0.4800,1026,1637,117.4
2026-03-13 13:52:50.789Z,0.4736,0.4794,691,907,121.7
2026-03-13 13:52:51.075Z,0.4727,0.4785,1019,1933,122.0
2026-03-13 13:52:52.113Z,0.4716,0.4780,414,1677,134.8
2026-03-13 13:52:53.636Z,0.4707,0.4769,722,1409,130.9
2026-03-13 13:52:54.042Z,0.4701,0.4753,733,1486,110.0
2026-03-13 13:52:55.074Z,0.4688,0.4752,526,839,135.6
2026-03-13 13:52:56.646Z,0.4681,0.4741,912,1923,127.4
2026-03-13 13:52:57.142Z,0.4679,0.4731,393,1549,110.5
2026-03-13 13:52:58.600Z,0.4680,0.4722,610,1186,89.3
2026-03-13 13:52:59.226Z,0.4676,0.4724,678,1735,102.1
2026-03-13 13:53:00.701Z,0.4673,0.4727,3546,4248,114.9
2026-03-13 13:53:01.133Z,0.4671,0.4727,3281,2930,119.2
2026-03-13 13:53:02.457Z,0.4671,0.4715,1834,3248,93.8
2026-03-13 13:53:03.643Z,0.4654,0.4714,1449,3665,128.1
2026-03-13 13:53:04.081Z,0.4648,0.4696,2750,4960,102.7
2026-03-13 13:53:05.144Z,0.4634,0.4690,1744,2962,120.1
2026-03-13 13:53:06.784Z,0.4620,0.4676,1034,1879,120.5
2026-03-13 13:53:07.385Z,0.4612,0.4662,2843,4414,107.8
2026-03-13 13:53:08.837Z,0.4599,0.4649,819,3317,108.1
2026-03-13 13:53:09.794Z,0.4586,0.4642,1162,2173,121.4
2026-03-13 13:53:10.557Z,0.4586,0.4628,1994,3694,91.2
2026-03-13 13:53:11.610Z,0.4573,0.4631,5523,8002,126.0
2026-03-13 13:53:12.550Z,0.4574,0.4626,3964,6277,113.0
2026-03-13 13:53:13.028Z,0.4574,0.4630,9712,4040,121.7
2026-03-13 13:53:14.428Z,0.4575,0.4637,4241,1460,134.6
2026-03-13 13:53:15.824Z,0.4590,0.4634,1543,1375,95.4
2026-03-13 13:53:16.518Z,0.4591,0.4641,3983,3271,108.3
2026-03-13 13:53:17.776Z,0.4593,0.4647,5124,3700,116.9
2026-03-13 13:53:18.589Z,0.4596,0.4644,4124,5026,103.9
2026-03-13 13:53:19.302Z,0.4600,0.4644,5338,4430,95.2
2026-03-13 13:53:20.126Z,0.4594,0.4652,3193,1804,125.5
2026-03-13 13:53:21.582Z,0.4604,0.4650,2520,879,99.4
2026-03-13 13:53:22.545Z,0.4603,0.4659,2107,1855,120.9
2026-03-13 13:53:23.150Z,0.4608,0.4658,3007,2225,107.9
2026-03-13 13:53:24.416Z,0.4615,0.4661,2260,1084,99.2
2026-03-13 13:53:25.092Z,0.4616,0.4670,1379,1070,116.3
2026-03-13 13:53:26.639Z,0.4620,0.4676,1204,889,120.5
2026-03-13 13:53:27.607Z,0.4627,0.4683,2009,1261,120.3
2026-03-13 13:53:28.591Z,0.4631,0.4691,2001,1191,128.7
2026-03-13 13:53:29.001Z,0.4644,0.4688,2206,1156,94.3
2026-03-13 13:53:30.800Z,0.4643,0.4701,2921,2037,124.1
2026-03-13 13:53:31.888Z,0.4656,0.4700,1659,829,94.1
2026-03-13 13:53:32.034Z,0.4662,0.4704,2471,2311,89.7
2026-03-13 13:53:33.881Z,0.4661,0.4713,2363,977,110.9
2026-03-13 13:53:34.500Z,0.4669,0.4711,1766,1866,89.6
2026-03-13 13:53:35.584Z,0.4667,0.4723,1313,791,119.3
2026-03-13 13:53:36.033Z,0.4677,0.4719,3710,2462,89.4
2026-03-13 13:53:37.881Z,0.4669,0.4729,5463,4758,127.7
2026-03-13 13:53:38.517Z,0.4676,0.4722,4078,5287,97.9
2026-03-13 13:53:39.580Z,0.4674,0.4726,4901,3224,110.6
2026-03-13 13:53:40.485Z,0.4679,0.4723,2973,3135,93.6
2026-03-13 13:53:41.745Z,0.4671,0.4727,1093,3705,119.2
2026-03-13 13:53:42.254Z,0.4671,0.4727,2940,2242,119.2
2026-03-13 13:53:43.874Z,0.4678,0.4722,1846,1291,93.6
2026-03-13 13:53:44.016Z,0.4677,0.4721,926,3655,93.6
2026-03-13 13:53:45.245Z,0.4671,0.4727,3601,3598,119.2
2026-03-13 13:53:46.090Z,0.4679,0.4723,3116,1295,93.6
2026-03-13 13:53:47.769Z,0.4672,0.4730,2629,1235,123.4
2026-03-13 13:53:48.239Z,0.4672,0.4730,2619,2674,123.4
2026-03-13 13:53:49.734Z,0.4678,0.4724,2890,2778,97.9
2026-03-13 13:53:50.391Z,0.4677,0.4723,1567,2761,97.9
2026-03-13 13:53:51.315Z,0.4679,0.4721,1753,3011,89.4
2026-03-13 13:53:52.893Z,0.4679,0.4723,3947,2915,93.6
2026-03-13 13:53:53.156Z,0.4678,0.4722,2434,4077,93.6
2026-03-13 13:53:54.048Z,0.4678,0.4724,1952,1946,97.9
2026-03-13 13:53:55.091Z,0.4675,0.4725,1425,3906,106.4
2026-03-13 13:53:56.858Z,0.4677,0.4721,1807,2482,93.6
2026-03-13 13:53:57.745Z,0.4670,0.4730,3206,1134,127.7
2026-03-13 13:53:58.719Z,0.4673,0.4727,1478,2056,114.9
2026-03-13 13:53:59.049Z,0.4676,0.4724,3374,3317,102.1
2026-03-13 13:54:00.563Z,0.4672,0.4728,2593,1691,119.1
2026-03-13 13:54:01.381Z,0.4676,0.4724,1261,1172,102.1
2026-03-13 13:54:02.028Z,0.4675,0.4723,599,1687,102.1
2026-03-13 13:54:03.754Z,0.4672,0.4726,1559,950,114.9
2026-03-13 13:54:04.388Z,0.4672,0.4726,1228,924,114.9
2026-03-13 13:54:05.726Z,0.4671,0.4727,995,1702,119.2
2026-03-13 13:54:06.420Z,0.4671,0.4729,1739,1046,123.4
2026-03-13 13:54:07.218Z,0.4673,0.4725,927,1964,110.7
2026-03-13 13:54:08.345Z,0.4673,0.4729,2639,1778,119.1
2026-03-13 13:54:09.102Z,0.4678,0.4722,1120,2209,93.6
2026-03-13 13:54:10.589Z,0.4675,0.4725,1748,1332,106.4
2026-03-13 13:54:11.869Z,0.4671,0.4731,3312,1532,127.6
2026-03-13 13:54:12.564Z,0.4678,0.4724,1791,1724,97.9
2026-03-13 13:54:13.115Z,0.4676,0.4726,2345,2526,106.4
2026-03-13 13:54:14.198Z,0.4670,0.4730,637,1659,127.7
2026-03-13 13:54:15.653Z,0.4669,0.4729,1291,1780,127.7
2026-03-13 13:54:16.608Z,0.4675,0.4725,4402,2044,106.4
2026-03-13 13:54:17.863Z,0.4675,0.4723,1005,2699,102.1
2026-03-13 13:54:18.245Z,0.4676,0.4722,1363,1288,97.9
2026-03-13 13:54:19.040Z,0.4674,0.4726,3755,2464,110.6
2026-03-13 13:54:20.507Z,0.4672,0.4730,1419,717,123.4
2026-03-13 13:54:21.616Z,0.4678,0.4724,730,1549,97.9
2026-03-13 13:54:22.033Z,0.4678,0.4720,1114,2419,89.4
2026-03-13 13:54:23.138Z,0.4674,0.4726,1628,649,110.6
2026-03-13 13:54:24.651Z,0.4669,0.4729,535,1096,127.7
2026-03-13 13:54:25.787Z,0.4677,0.4725,1900,815,102.1
2026-03-13 13:54:26.132Z,0.4677,0.4723,290,789,97.9
2026-03-13 13:54:27.731Z,0.4675,0.4725,578,925,106.4
2026-03-13 13:54:28.577Z,0.4677,0.4725,1547,1106,102.1
2026-03-13 13:54:29.205Z,0.4675,0.4725,874,1038,106.4
2026-03-13 13:54:30.405Z,0.4671,0.4729,544,634,123.4
2026-03-13 13:54:31.531Z,0.4675,0.4727,1542,744,110.6
2026-03-13 13:54:32.327Z,0.4673,0.4727,603,1179,114.9
2026-03-13 13:54:33.670Z,0.4671,0.4729,1065,1102,123.4
2026-03-13 13:54:34.594Z,0.4675,0.4727,1346,654,110.6
2026-03-13 13:54:35.332Z,0.4676,0.4724,871,1586,102.1
2026-03-13 13:54:36.376Z,0.4672,0.4726,878,1296,114.9
2026-03-13 13:54:37.243Z,0.4670,0.4728,2973,2201,123.4
2026-03-13 13:54:38.198Z,0.4673,0.4729,2240,1154,119.1
2026-03-13 13:54:39.847Z,0.4676,0.4726,4007,4242,106.4
2026-03-13 13:54:40.289Z,0.4668,0.4730,880,2236,131.9
2026-03-13 13:54:41.786Z,0.4672,0.4726,854,622,114.9
2026-03-13 13:54:42.219Z,0.4678,0.4724,1925,1055,97.9
2026-03-13 13:54:43.629Z,0.4677,0.4721,1054,2731,93.6
2026-03-13 13:54:44.776Z,0.4676,0.4724,963,763,102.1
2026-03-13 13:54:45.785Z,0.4670,0.4730,2706,1705,127.7
2026-03-13 13:54:46.743Z,0.4675,0.4725,1520,2285,106.4
2026-03-13 13:54:47.377Z,0.4676,0.4726,1523,1514,106.4
2026-03-13 13:54:48.557Z,0.4676,0.4726,1283,1141,106.4
2026-03-13 13:54:49.888Z,0.4675,0.4723,456,1471,102.1
2026-03-13 13:54:50.712Z,0.4670,0.4728,1630,1054,123.4
2026-03-13 13:54:51.855Z,0.4673,0.4729,1352,1015,119.1
2026-03-13 13:54:52.789Z,0.4673,0.4729,1119,1550,119.1
2026-03-13 13:54:53.699Z,0.4670,0.4728,645,1444,123.4
2026-03-13 13:54:54.172Z,0.4671,0.4731,1347,435,127.6
2026-03-13 13:54:55.302Z,0.4671,0.4729,1159,2403,123.4
2026-03-13 13:54:56.495Z,0.4672,0.4728,931,1005,119.1
2026-03-13 13:54:57.812Z,0.4675,0.4727,1630,1499,110.6
2026-03-13 13:54:58.610Z,0.4671,0.4731,1650,1676,127.6
2026-03-13 13:54:59.706Z,0.4676,0.4724,546,1525,102.1
2026-03-13 13:55:00.156Z,0.4679,0.4721,1810,1892,89.4
2026-03-13 13:55:01.245Z,0.4673,0.4727,698,884,114.9
2026-03-13 13:55:02.258Z,0.4675,0.4727,1083,689,110.6
2026-03-13 13:55:03.136Z,0.4680,0.4722,1258,1688,89.3
2026-03-13 13:55:04.515Z,0.4677,0.4721,997,2112,93.6
2026-03-13 13:55:05.260Z,0.4673,0.4729,2609,1801,119.1
2026-03-13 13:55:06.043Z,0.4672,0.4726,920,1871,114.9
2026-03-13 13:55:07.611Z,0.4671,0.4727,1429,816,119.2
2026-03-13 13:55:08.003Z,0.4671,0.4727,2773,1527,119.2
2026-03-13 13:55:09.020Z,0.4679,0.4723,1701,611,93.6
2026-03-13 13:55:10.339Z,0.4677,0.4723,1552,3629,97.9
2026-03-13 13:55:11.051Z,0.4675,0.4725,4459,3832,106.4
2026-03-13 13:55:12.470Z,0.4680,0.4722,2834,2671,89.3
2026-03-13 13:55:13.592Z,0.4671,0.4727,1785,4720,119.2
2026-03-13 13:55:14.324Z,0.4677,0.4725,2286,1551,102.1
2026-03-13 13:55:15.719Z,0.4679,0.4723,1332,1647,93.6
2026-03-13 13:55:16.079Z,0.4679,0.4721,1207,2769,89.4
2026-03-13 13:55:17.698Z,0.4670,0.4728,2505,4267,123.4
2026-03-13 13:55:18.200Z,0.4677,0.4721,2617,3624,93.6
2026-03-13 13:55:19.860Z,0.4675,0.4729,3246,1514,114.8
2026-03-13 13:55:20.257Z,0.4674,0.4736,862,833,131.8
2026-03-13 13:55:21.887Z,0.4678,0.4738,877,536,127.4
2026-03-13 13:55:22.816Z,0.4690,0.4732,1659,758,89.2
2026-03-13 13:55:23.370Z,0.4690,0.4742,1450,900,110.3
2026-03-13 13:55:24.695Z,0.4692,0.4754,1698,1265,131.3
2026-03-13 13:55:25.169Z,0.4707,0.4751,1664,1017,93.0
2026-03-13 13:55:26.157Z,0.4705,0.4765,1234,752,126.7
2026-03-13 13:55:27.113Z,0.4721,0.4763,2967,1768,88.6
2026-03-13 13:55:28.802Z,0.4722,0.4780,2361,927,122.1
2026-03-13 13:55:29.175Z,0.4734,0.4782,1874,843,100.9
2026-03-13 13:55:30.454Z,0.4740,0.4788,2049,1112,100.8
2026-03-13 13:55:31.384Z,0.4745,0.4795,1089,872,104.8
2026-03-13 13:55:32.804Z,0.4753,0.4801,1993,1159,100.5
2026-03-13 13:55:33.035Z,0.4755,0.4813,1221,958,121.2
2026-03-13 13:55:34.368Z,0.4762,0.4814,975,459,108.6
2026-03-13 13:55:35.068Z,0.4770,0.4816,1873,1019,96.0
2026-03-13 13:55:36.833Z,0.4772,0.4820,1043,640,100.1
2026-03-13 13:55:37.842Z,0.4779,0.4821,4614,3134,87.5
2026-03-13 13:55:38.713Z,0.4772,0.4830,4503,2297,120.8
2026-03-13 13:55:39.622Z,0.4777,0.4823,2105,7434,95.8
2026-03-13 13:55:40.477Z,0.4770,0.4826,3441,4324,116.7
2026-03-13 13:55:41.899Z,0.4762,0.4822,649,942,125.2
2026-03-13 13:55:42.205Z,0.4758,0.4818,699,1082,125.3
2026-03-13 13:55:43.512Z,0.4752,0.4814,808,1687,129.6
2026-03-13 13:55:44.013Z,0.4756,0.4798,1164,2533,87.9
2026-03-13 13:55:45.477Z,0.4744,0.4806,1165,4470,129.8
2026-03-13 13:55:46.752Z,0.4741,0.4803,1922,4672,129.9
2026-03-13 13:55:47.160Z,0.4748,0.4798,1423,1121,104.8
2026-03-13 13:55:48.113Z,0.4742,0.4792,836,1700,104.9
2026-03-13 13:55:49.812Z,0.4741,0.4785,562,1872,92.4
2026-03-13 13:55:50.696Z,0.4733,0.4779,752,2575,96.7
2026-03-13 13:55:51.466Z,0.4725,0.4771,589,2276,96.9
2026-03-13 13:55:52.007Z,0.4712,0.4770,1725,2742,122.3
2026-03-13 13:55:53.228Z,0.4706,0.4758,532,2328,109.9
2026-03-13 13:55:54.075Z,0.4694,0.4756,1231,2607,131.2
2026-03-13 13:55:55.580Z,0.4689,0.4745,952,2993,118.7
2026-03-13 13:55:56.384Z,0.4680,0.4742,1416,1907,131.6
2026-03-13 13:55:57.657Z,0.4674,0.4736,1841,2104,131.8
2026-03-13 13:55:58.075Z,0.4675,0.4725,1151,3927,106.4
2026-03-13 13:55:59.365Z,0.4675,0.4725,3163,2877,106.4
2026-03-13 13:56:00.406Z,0.4675,0.4725,767,1021,106.4
2026-03-13 13:56:01.130Z,0.4673,0.4725,450,1075,110.7
2026-03-13 13:56:02.210Z,0.4679,0.4721,912,745,89.4
2026-03-13 13:56:03.060Z,0.4673,0.4729,630,241,119.1
2026-03-13 13:56:04.152Z,0.4680,0.4720,513,802,85.1
2026-03-13 13:56:05.073Z,0.4670,0.4728,293,885,123.4
2026-03-13 13:56:06.723Z,0.4671,0.4729,897,290,123.4
2026-03-13 13:56:07.843Z,0.4675,0.4727,1024,632,110.6
2026-03-13 13:56:08.454Z,0.4680,0.4722,406,633,89.3
2026-03-13 13:56:09.311Z,0.4679,0.4723,898,472,93.6
2026-03-13 13:56:10.353Z,0.4675,0.4725,341,926,106.4
2026-03-13 13:56:11.380Z,0.4675,0.4725,733,1618,106.4
2026-03-13 13:56:12.220Z,0.4678,0.4720,752,1774,89.4
2026-03-13 13:56:13.291Z,0.4677,0.4721,1051,1139,93.6
2026-03-13 13:56:14.472Z,0.4679,0.4719,351,398,85.1
2026-03-13 13:56:15.057Z,0.4672,0.4730,526,312,123.4
2026-03-13 13:56:16.779Z,0.4678,0.4722,735,2154,93.6
2026-03-13 13:56:17.275Z,0.4676,0.4726,499,486,106.4
2026-03-13 13:56:18.350Z,0.4675,0.4725,773,1292,106.4
2026-03-13 13:56:19.341Z,0.4672,0.4728,1226,899,119.1
2026-03-13 13:56:20.132Z,0.4680,0.4722,403,259,89.3
2026-03-13 13:56:21.338Z,0.4673,0.4729,434,304,119.1
2026-03-13 13:56:22.547Z,0.4676,0.4724,443,568,102.1
2026-03-13 13:56:23.047Z,0.4673,0.4727,359,504,114.9
2026-03-13 13:56:24.757Z,0.4678,0.4722,378,266,93.6
2026-03-13 13:56:25.002Z,0.4678,0.4724,469,218,97.9
2026-03-13 13:56:26.268Z,0.4679,0.4721,471,540,89.4
2026-03-13 13:56:27.751Z,0.4673,0.4729,973,397,119.1
2026-03-13 13:56:28.469Z,0.4669,0.4729,267,581,127.7
2026-03-13 13:56:29.026Z,0.4673,0.4727,534,203,114.9
2026-03-13 13:56:30.593Z,0.4677,0.4723,573,347,97.9
2026-03-13 13:56:31.875Z,0.4675,0.4723,190,502,102.1
2026-03-13 13:56:32.119Z,0.4675,0.4727,720,540,110.6
2026-03-13 13:56:33.448Z,0.4675,0.4725,232,480,106.4
2026-03-13 13:56:34.276Z,0.4671,0.4729,193,334,123.4
2026-03-13 13:56:35.786Z,0.4677,0.4723,618,692,97.9
2026-03-13 13:56:36.280Z,0.4673,0.4727,283,290,114.9
2026-03-13 13:56:37.865Z,0.4676,0.4722,1136,2791,97.9
2026-03-13 13:56:38.418Z,0.4674,0.4726,1739,1421,110.6
2026-03-13 13:56:39.857Z,0.4676,0.4726,1258,1407,106.4
2026-03-13 13:56:40.483Z,0.4680,0.4720,951,1510,85.1
2026-03-13 13:56:41.715Z,0.4676,0.4722,150,467,97.9
2026-03-13 13:56:42.619Z,0.4672,0.4726,499,526,114.9
2026-03-13 13:56:43.375Z,0.4675,0.4723,294,256,102.1
2026-03-13 13:56:44.171Z,0.4671,0.4727,464,273,119.2
2026-03-13 13:56:45.685Z,0.4676,0.4726,483,375,106.4
2026-03-13 13:56:46.369Z,0.4679,0.4723,939,951,93.6
2026-03-13 13:56:47.263Z,0.4670,0.4728,721,1436,123.4
2026-03-13 13:56:48.628Z,0.4677,0.4721,504,838,93.6
2026-03-13 13:56:49.684Z,0.4679,0.4723,1021,470,93.6
2026-03-13 13:56:50.473Z,0.4679,0.4721,443,703,89.4
2026-03-13 13:56:51.651Z,0.4678,0.4724,880,391,97.9
2026-03-13 13:56:52.278Z,0.4680,0.4720,384,1020,85.1
2026-03-13 13:56:53.409Z,0.4671,0.4727,366,1043,119.2
2026-03-13 13:56:54.488Z,0.4671,0.4727,491,369,119.2
2026-03-13 13:56:55.006Z,0.4672,0.4726,268,323,114.9
2026-03-13 13:56:56.526Z,0.4674,0.4726,1346,915,110.6
2026-03-13 13:56:57.260Z,0.4675,0.4723,413,693,102.1
2026-03-13 13:56:58.877Z,0.4678,0.4720,785,1203,89.4
2026-03-13 13:56:59.627Z,0.4673,0.4727,794,770,114.9
2026-03-13 13:57:00.309Z,0.4672,0.4728,1912,1573,119.1
2026-03-13 13:57:01.751Z,0.4677,0.4723,642,990,97.9
2026-03-13 13:57:02.559Z,0.4678,0.4720,719,1908,89.4
2026-03-13 13:57:03.833Z,0.4675,0.4727,1238,656,110.6
2026-03-13 13:57:04.674Z,0.4678,0.4722,818,2440,93.6
2026-03-13 13:57:05.000Z,0.4679,0.4721,815,858,89.4
2026-03-13 13:57:06.782Z,0.4679,0.4723,947,1158,93.6
2026-03-13 13:57:07.841Z,0.4678,0.4724,1103,724,97.9
2026-03-13 13:57:08.555Z,0.4678,0.4720,438,838,89.4
2026-03-13 13:57:09.464Z,0.4670,0.4728,475,805,123.4
2026-03-13 13:57:10.021Z,0.4678,0.4722,1953,594,93.6
2026-03-13 13:57:11.110Z,0.4673,0.4725,1336,3417,110.7
2026-03-13 13:57:12.668Z,0.4676,0.4722,2255,2384,97.9
2026-03-13 13:57:13.418Z,0.4671,0.4731,2325,1152,127.6
2026-03-13 13:57:14.537Z,0.4672,0.4728,552,2312,119.1
2026-03-13 13:57:15.628Z,0.4670,0.4730,664,1082,127.7
2026-03-13 13:57:16.123Z,0.4680,0.4722,1704,1204,89.3
2026-03-13 13:57:17.594Z,0.4676,0.4724,530,2194,102.1
2026-03-13 13:57:18.342Z,0.4669,0.4729,981,2478,127.7
2026-03-13 13:57:19.298Z,0.4672,0.4728,1842,868,119.1
2026-03-13 13:57:20.487Z,0.4676,0.4722,476,1225,97.9
2026-03-13 13:57:21.232Z,0.4678,0.4720,615,451,89.4
2026-03-13 13:57:22.113Z,0.4675,0.4727,1260,395,110.6
2026-03-13 13:57:23.607Z,0.4672,0.4728,509,1177,119.1
2026-03-13 13:57:24.047Z,0.4671,0.4729,688,790,123.4
2026-03-13 13:57:25.548Z,0.4675,0.4727,791,382,110.6
2026-03-13 13:57:26.837Z,0.4680,0.4722,691,918,89.3
2026-03-13 13:57:27.805Z,0.4677,0.4725,973,1332,102.1
2026-03-13 13:57:28.474Z,0.4674,0.4726,525,940,110.6
2026-03-13 13:57:29.775Z,0.4678,0.4722,571,956,93.6
2026-03-13 13:57:30.468Z,0.4678,0.4722,489,744,93.6
2026-03-13 13:57:31.543Z,0.4676,0.4726,654,432,106.4
2026-03-13 13:57:32.622Z,0.4675,0.4725,324,478,106.4
2026-03-13 13:57:33.012Z,0.4680,0.4722,1175,344,89.3
2026-03-13 13:57:34.210Z,0.4677,0.4723,449,774,97.9
2026-03-13 13:57:35.393Z,0.4676,0.4722,424,1224,97.9
2026-03-13 13:57:36.390Z,0.4676,0.4726,946,418,106.4
2026-03-13 13:57:37.658Z,0.4670,0.4730,1522,1996,127.7
2026-03-13 13:57:38.383Z,0.4673,0.4729,3569,2244,119.1
2026-03-13 13:57:39.042Z,0.4679,0.4723,2788,1671,93.6
2026-03-13 13:57:40.743Z,0.4677,0.4723,1044,4401,97.9
2026-03-13 13:57:41.177Z,0.4674,0.4726,811,509,110.6
2026-03-13 13:57:42.288Z,0.4679,0.4723,1423,614,93.6
2026-03-13 13:57:43.219Z,0.4674,0.4726,533,700,110.6
2026-03-13 13:57:44.034Z,0.4678,0.4722,647,676,93.6
2026-03-13 13:57:45.379Z,0.4672,0.4726,1616,3147,114.9
2026-03-13 13:57:46.201Z,0.4673,0.4727,1293,928,114.9
2026-03-13 13:57:47.162Z,0.4677,0.4725,850,1003,102.1
2026-03-13 13:57:48.144Z,0.4677,0.4723,856,1077,97.9
2026-03-13 13:57:49.225Z,0.4672,0.4730,1172,569,123.4
2026-03-13 13:57:50.463Z,0.4676,0.4724,579,1258,102.1
2026-03-13 13:57:51.605Z,0.4672,0.4726,562,1282,114.9
2026-03-13 13:57:52.513Z,0.4672,0.4728,2503,1342,119.1
2026-03-13 13:57:53.547Z,0.4671,0.4729,628,897,123.4
2026-03-13 13:57:54.753Z,0.4675,0.4725,530,1029,106.4
2026-03-13 13:57:55.710Z,0.4676,0.4726,1520,999,106.4
2026-03-13 13:57:56.463Z,0.4676,0.4724,1011,1507,102.1
2026-03-13 13:57:57.804Z,0.4676,0.4726,2812,991,106.4
2026-03-13 13:57:58.496Z,0.4678,0.4720,704,1518,89.4
2026-03-13 13:57:59.385Z,0.4677,0.4723,2647,917,97.9
2026-03-13 13:58:00.669Z,0.4680,0.4720,1562,871,85.1
2026-03-13 13:58:01.689Z,0.4675,0.4725,1347,822,106.4
2026-03-13 13:58:02.457Z,0.4674,0.4726,807,1455,110.6
2026-03-13 13:58:03.092Z,0.4678,0.4720,899,1881,89.4
2026-03-13 13:58:04.314Z,0.4671,0.4729,960,1144,123.4
2026-03-13 13:58:05.716Z,0.4673,0.4727,618,543,114.9
2026-03-13 13:58:06.371Z,0.4673,0.4729,1315,715,119.1
2026-03-13 13:58:07.636Z,0.4676,0.4724,667,1587,102.1
2026-03-13 13:58:08.322Z,0.4670,0.4728,419,974,123.4
2026-03-13 13:58:09.073Z,0.4671,0.4727,904,944,119.2
2026-03-13 13:58:10.770Z,0.4679,0.4723,926,636,93.6
2026-03-13 13:58:11.821Z,0.4670,0.4730,1171,2290,127.7
2026-03-13 13:58:12.041Z,0.4676,0.4724,2180,1260,102.1
2026-03-13 13:58:13.678Z,0.4671,0.4727,902,2447,119.2
2026-03-13 13:58:14.610Z,0.4675,0.4727,740,835,110.6
2026-03-13 13:58:15.448Z,0.4679,0.4721,279,881,89.4
2026-03-13 13:58:16.852Z,0.4679,0.4723,1557,939,93.6
2026-03-13 13:58:17.215Z,0.4673,0.4725,818,1361,110.7
2026-03-13 13:58:18.687Z,0.4674,0.4724,1292,1248,106.4
2026-03-13 13:58:19.000Z,0.4670,0.4730,1770,1328,127.7
2026-03-13 13:58:20.271Z,0.4678,0.4728,882,395,106.3
2026-03-13 13:58:21.298Z,0.4684,0.4728,1013,374,93.5
2026-03-13 13:58:22.773Z,0.4682,0.4742,827,608,127.3
2026-03-13 13:58:23.785Z,0.4687,0.4747,827,795,127.2
2026-03-13 13:58:24.202Z,0.4698,0.4748,619,570,105.9
2026-03-13 13:58:25.198Z,0.4698,0.4758,439,323,126.9
2026-03-13 13:58:26.450Z,0.4710,0.4762,684,780,109.8
2026-03-13 13:58:27.453Z,0.4716,0.4768,530,537,109.7
2026-03-13 13:58:28.096Z,0.4728,0.4772,872,435,92.6
2026-03-13 13:58:29.810Z,0.4735,0.4779,1428,577,92.5
2026-03-13 13:58:30.145Z,0.4735,0.4793,1000,396,121.7
2026-03-13 13:58:31.851Z,0.4746,0.4794,280,358,100.6
2026-03-13 13:58:32.458Z,0.4748,0.4808,1054,559,125.6
2026-03-13 13:58:33.368Z,0.4753,0.4811,827,617,121.3
2026-03-13 13:58:34.414Z,0.4759,0.4817,484,184,121.1
2026-03-13 13:58:35.144Z,0.4761,0.4823,1008,443,129.4
2026-03-13 13:58:36.173Z,0.4767,0.4827,1400,582,125.1
2026-03-13 13:58:37.729Z,0.4771,0.4829,3594,1613,120.8
2026-03-13 13:58:38.232Z,0.4776,0.4824,1132,1127,100.0
2026-03-13 13:58:39.327Z,0.4777,0.4823,2227,2196,95.8
2026-03-13 13:58:40.137Z,0.4770,0.4822,931,3121,108.4
2026-03-13 13:58:41.402Z,0.4773,0.4817,377,743,91.8
2026-03-13 13:58:42.004Z,0.4766,0.4814,550,1025,100.2
2026-03-13 13:58:43.605Z,0.4756,0.4814,498,1087,121.2
2026-03-13 13:58:44.533Z,0.4752,0.4810,865,1694,121.3
2026-03-13 13:58:45.075Z,0.4752,0.4804,833,2206,108.8
2026-03-13 13:58:46.804Z,0.4757,0.4801,1229,1122,92.1
2026-03-13 13:58:47.607Z,0.4751,0.4805,340,1014,113.0
2026-03-13 13:58:48.613Z,0.4749,0.4797,448,808,100.6
2026-03-13 13:58:49.884Z,0.4738,0.4798,827,1705,125.8
2026-03-13 13:58:50.517Z,0.4731,0.4793,526,820,130.2
2026-03-13 13:58:51.309Z,0.4724,0.4780,579,1216,117.8
2026-03-13 13:58:52.818Z,0.4713,0.4773,570,693,126.5
2026-03-13 13:58:53.756Z,0.4712,0.4756,695,705,92.9
2026-03-13 13:58:54.884Z,0.4697,0.4753,691,1408,118.5
2026-03-13 13:58:55.286Z,0.4691,0.4743,944,2341,110.2
2026-03-13 13:58:56.194Z,0.4682,0.4740,389,461,123.1
2026-03-13 13:58:57.880Z,0.4676,0.4736,292,881,127.5
2026-03-13 13:58:58.122Z,0.4675,0.4727,582,526,110.6
2026-03-13 13:58:59.845Z,0.4675,0.4725,668,2322,106.4
2026-03-13 13:59:00.463Z,0.4673,0.4727,1119,2348,114.9
2026-03-13 13:59:01.290Z,0.4674,0.4724,546,1258,106.4
2026-03-13 13:59:02.844Z,0.4674,0.4728,685,542,114.9
2026-03-13 13:59:03.800Z,0.4673,0.4725,731,3056,110.7
2026-03-13 13:59:04.109Z,0.4672,0.4726,828,1122,114.9
2026-03-13 13:59:05.699Z,0.4677,0.4723,1051,844,97.9
2026-03-13 13:59:06.122Z,0.4671,0.4727,665,811,119.2
2026-03-13 13:59:07.251Z,0.4679,0.4723,1276,728,93.6
2026-03-13 13:59:08.602Z,0.4676,0.4726,744,490,106.4
2026-03-13 13:59:09.229Z,0.4680,0.4722,1038,1193,89.3
2026-03-13 13:59:10.207Z,0.4671,0.4727,887,1254,119.2
2026-03-13 13:59:11.749Z,0.4679,0.4723,2570,2671,93.6
2026-03-13 13:59:12.036Z,0.4678,0.4722,2427,2909,93.6
2026-03-13 13:59:13.125Z,0.4678,0.4720,1500,3261,89.4
2026-03-13 13:59:14.674Z,0.4669,0.4729,1339,840,127.7
2026-03-13 13:59:15.575Z,0.4679,0.4723,1223,833,93.6
2026-03-13 13:59:16.654Z,0.4671,0.4729,1778,1924,123.4
2026-03-13 13:59:17.368Z,0.4671,0.4729,1067,952,123.4
2026-03-13 13:59:18.132Z,0.4678,0.4720,1192,2161,89.4
2026-03-13 13:59:19.462Z,0.4676,0.4730,1566,864,114.8
2026-03-13 13:59:20.197Z,0.4675,0.4737,574,381,131.7
2026-03-13 13:59:21.226Z,0.4691,0.4739,890,543,101.8
2026-03-13 13:59:22.584Z,0.4694,0.4752,817,595,122.8
2026-03-13 13:59:23.124Z,0.4706,0.4760,983,631,114.1
2026-03-13 13:59:24.192Z,0.4714,0.4776,1177,576,130.7
2026-03-13 13:59:25.631Z,0.4734,0.4782,917,320,100.9
2026-03-13 13:59:26.016Z,0.4739,0.4805,1054,757,138.3
2026-03-13 13:59:27.688Z,0.4754,0.4814,997,488,125.4
2026-03-13 13:59:28.222Z,0.4776,0.4826,775,636,104.1
2026-03-13 13:59:29.423Z,0.4784,0.4842,518,457,120.5
2026-03-13 13:59:30.073Z,0.4797,0.4861,1290,1088,132.5
2026-03-13 13:59:31.402Z,0.4820,0.4866,772,360,95.0
2026-03-13 13:59:32.103Z,0.4830,0.4880,910,643,103.0
2026-03-13 13:59:33.692Z,0.4839,0.4893,442,578,111.0
2026-03-13 13:59:34.423Z,0.4855,0.4901,923,674,94.3
2026-03-13 13:59:35.078Z,0.4861,0.4911,958,1073,102.3
2026-03-13 13:59:36.097Z,0.4871,0.4913,1070,714,85.9
2026-03-13 13:59:37.205Z,0.4871,0.4925,1903,1143,110.2
2026-03-13 13:59:38.663Z,0.4879,0.4921,1200,679,85.7
2026-03-13 13:59:39.885Z,0.4873,0.4925,2060,4265,106.1
2026-03-13 13:59:40.015Z,0.4870,0.4922,1498,3098,106.2
2026-03-13 13:59:41.017Z,0.4872,0.4916,407,1027,89.9
2026-03-13 13:59:42.083Z,0.4857,0.4919,802,1569,126.8
2026-03-13 13:59:43.080Z,0.4853,0.4913,291,1205,122.9
2026-03-13 13:59:44.203Z,0.4858,0.4900,516,1090,86.1
2026-03-13 13:59:45.355Z,0.4855,0.4897,707,909,86.1
2026-03-13 13:59:46.483Z,0.4848,0.4904,1950,2350,114.8
2026-03-13 13:59:47.483Z,0.4846,0.4904,547,1193,119.0
2026-03-13 13:59:48.082Z,0.4848,0.4894,529,893,94.4
2026-03-13 13:59:49.695Z,0.4842,0.4890,493,1623,98.6
2026-03-13 13:59:50.079Z,0.4832,0.4886,1131,2118,111.1
2026-03-13 13:59:51.888Z,0.4819,0.4883,572,1177,131.9
2026-03-13 13:59:52.014Z,0.4813,0.4869,777,1875,115.7
2026-03-13 13:59:53.290Z,0.4808,0.4862,306,689,111.7
2026-03-13 13:59:54.195Z,0.4797,0.4855,976,2237,120.2
2026-03-13 13:59:55.033Z,0.4794,0.4842,638,1877,99.6
2026-03-13 13:59:56.108Z,0.4781,0.4839,1182,1883,120.6
2026-03-13 13:59:57.046Z,0.4782,0.4826,1449,2881,91.6
2026-03-13 13:59:58.491Z,0.4777,0.4825,1050,1768,100.0
2026-03-13 13:59:59.525Z,0.4770,0.4830,501,823,125.0
2026-03-13 14:00:00.768Z,0.4778,0.4822,1957,1963,91.7
2026-03-13 14:00:01.010Z,0.4778,0.4822,1470,706,91.7
2026-03-13 14:00:02.807Z,0.4771,0.4829,2117,1125,120.8
2026-03-13 14:00:03.707Z,0.4772,0.4828,1992,1217,116.7
2026-03-13 14:00:04.099Z,0.4770,0.4830,896,668,125.0
2026-03-13 14:00:05.468Z,0.4779,0.4821,896,1392,87.5
2026-03-13 14:00:06.367Z,0.4774,0.4826,926,794,108.3
2026-03-13 14:00:07.660Z,0.4780,0.4822,2726,740,87.5
2026-03-13 14:00:08.240Z,0.4781,0.4821,1884,954,83.3
2026-03-13 14:00:09.719Z,0.4778,0.4824,1833,1022,95.8
2026-03-13 14:00:10.260Z,0.4778,0.4820,596,1500,87.5
2026-03-13 14:00:11.808Z,0.4774,0.4826,4092,2396,108.3
2026-03-13 14:00:12.854Z,0.4779,0.4823,4750,2472,91.6
2026-03-13 14:00:13.276Z,0.4777,0.4823,2191,4536,95.8
2026-03-13 14:00:14.613Z,0.4773,0.4829,1226,487,116.6
2026-03-13 14:00:15.082Z,0.4780,0.4822,804,712,87.5
2026-03-13 14:00:16.191Z,0.4779,0.4821,2053,3621,87.5
2026-03-13 14:00:17.341Z,0.4771,0.4829,1862,1630,120.8
2026-03-13 14:00:18.138Z,0.4773,0.4825,1330,2996,108.4
2026-03-13 14:00:19.041Z,0.4775,0.4827,1392,589,108.3
2026-03-13 14:00:20.480Z,0.4773,0.4833,1520,1063,124.9
2026-03-13 14:00:21.424Z,0.4781,0.4833,1299,456,108.2
2026-03-13 14:00:22.675Z,0.4791,0.4833,992,534,87.3
2026-03-13 14:00:23.741Z,0.4792,0.4842,911,546,103.8
2026-03-13 14:00:24.326Z,0.4794,0.4848,1866,916,112.0
2026-03-13 14:00:25.115Z,0.4802,0.4854,430,294,107.7
2026-03-13 14:00:26.465Z,0.4806,0.4862,1379,1143,115.8
2026-03-13 14:00:27.249Z,0.4814,0.4870,1026,932,115.7
2026-03-13 14:00:28.815Z,0.4823,0.4875,1954,1130,107.2
2026-03-13 14:00:29.109Z,0.4832,0.4884,1487,810,107.0
2026-03-13 14:00:30.587Z,0.4836,0.4894,1518,890,119.2
2026-03-13 14:00:31.872Z,0.4849,0.4893,1067,471,90.3
2026-03-13 14:00:32.066Z,0.4852,0.4904,940,408,106.6
2026-03-13 14:00:33.096Z,0.4856,0.4912,621,314,114.7
2026-03-13 14:00:34.224Z,0.4864,0.4914,1352,1164,102.3
2026-03-13 14:00:35.841Z,0.4862,0.4922,539,433,122.6
2026-03-13 14:00:36.653Z,0.4875,0.4919,1218,822,89.9
2026-03-13 14:00:37.698Z,0.4868,0.4930,4893,2743,126.6
2026-03-13 14:00:38.174Z,0.4874,0.4926,3189,1792,106.1
2026-03-13 14:00:39.401Z,0.4878,0.4920,1945,3131,85.7
2026-03-13 14:00:40.438Z,0.4875,0.4919,1764,3789,89.9
