TimestampUtc,Bid,Ask,BidSize,AskSize,SpreadBps
2026-04-21 13:30:00.208Z,1.1059,1.1141,100,100,73.9
2026-04-21 13:30:01.027Z,1.1051,1.1151,125,100,90.1
2026-04-21 13:30:02.143Z,1.1055,1.1145,100,164,81.1
2026-04-21 13:30:03.707Z,1.1051,1.1149,100,100,88.3
2026-04-21 13:30:04.220Z,1.1057,1.1147,165,100,81.1
2026-04-21 13:30:05.130Z,1.1046,1.1156,100,277,99.1
2026-04-21 13:30:06.186Z,1.1046,1.1158,109,100,100.9
2026-04-21 13:30:07.519Z,1.1050,1.1154,100,102,93.7
2026-04-21 13:30:08.624Z,1.1054,1.1148,100,262,84.7
2026-04-21 13:30:09.898Z,1.1039,1.1157,100,100,106.3
2026-04-21 13:30:10.856Z,1.1050,1.1146,100,100,86.5
2026-04-21 13:30:11.190Z,1.1052,1.1144,250,318,82.9
2026-04-21 13:30:12.160Z,1.1058,1.1148,218,107,81.1
2026-04-21 13:30:13.843Z,1.1044,1.1152,153,278,97.3
2026-04-21 13:30:14.839Z,1.1055,1.1147,154,100,82.9
2026-04-21 13:30:15.260Z,1.1043,1.1157,100,102,102.7
2026-04-21 13:30:16.262Z,1.1046,1.1150,100,304,93.7
2026-04-21 13:30:17.659Z,1.1046,1.1150,100,100,93.7
2026-04-21 13:30:18.607Z,1.1042,1.1158,222,151,104.5
2026-04-21 13:30:19.602Z,1.1049,1.1151,100,163,91.9
2026-04-21 13:30:20.235Z,1.1056,1.1156,100,100,90.0
2026-04-21 13:30:21.173Z,1.1064,1.1146,100,100,73.8
2026-04-21 13:30:22.878Z,1.1060,1.1162,100,100,91.8
2026-04-21 13:30:23.591Z,1.1073,1.1159,100,100,77.4
2026-04-21 13:30:24.748Z,1.1060,1.1180,126,100,107.9
2026-04-21 13:30:25.005Z,1.1075,1.1177,110,100,91.7
2026-04-21 13:30:26.639Z,1.1081,1.1187,100,100,95.2
2026-04-21 13:30:27.289Z,1.1088,1.1198,120,100,98.7
2026-04-21 13:30:28.530Z,1.1088,1.1210,114,100,109.4
2026-04-21 13:30:29.132Z,1.1114,1.1204,176,100,80.7
2026-04-21 13:30:30.433Z,1.1122,1.1206,100,100,75.2
2026-04-21 13:30:31.067Z,1.1125,1.1223,100,100,87.7
2026-04-21 13:30:32.439Z,1.1132,1.1224,100,100,82.3
2026-04-21 13:30:33.818Z,1.1127,1.1235,100,100,96.6
2026-04-21 13:30:34.799Z,1.1128,1.1248,149,100,107.3
2026-04-21 13:30:35.529Z,1.1134,1.1248,100,100,101.9
2026-04-21 13:30:36.039Z,1.1140,1.1258,101,100,105.4
2026-04-21 13:30:37.211Z,1.1150,1.1250,360,217,89.3
2026-04-21 13:30:38.645Z,1.1146,1.1254,120,136,96.4
2026-04-21 13:30:39.746Z,1.1145,1.1255,329,325,98.2
2026-04-21 13:30:40.463Z,1.1150,1.1246,149,207,85.7
2026-04-21 13:30:41.699Z,1.1144,1.1246,100,100,91.1
2026-04-21 13:30:42.571Z,1.1136,1.1250,100,100,101.8
2026-04-21 13:30:43.804Z,1.1141,1.1235,100,139,84.0
2026-04-21 13:30:44.843Z,1.1142,1.1234,100,100,82.2
2026-04-21 13:30:45.702Z,1.1146,1.1228,130,168,73.3
2026-04-21 13:30:46.005Z,1.1135,1.1235,100,141,89.4
2026-04-21 13:30:47.610Z,1.1140,1.1230,106,100,80.5
2026-04-21 13:30:48.252Z,1.1138,1.1230,100,100,82.3
2026-04-21 13:30:49.554Z,1.1140,1.1240,173,100,89.4
2026-04-21 13:30:50.705Z,1.1134,1.1244,100,202,98.3
2026-04-21 13:30:51.819Z,1.1132,1.1252,101,100,107.2
2026-04-21 13:30:52.807Z,1.1146,1.1232,100,105,76.9
2026-04-21 13:30:53.242Z,1.1136,1.1246,182,109,98.3
2026-04-21 13:30:54.087Z,1.1138,1.1254,107,100,103.6
2026-04-21 13:30:55.588Z,1.1154,1.1238,113,193,75.0
2026-04-21 13:30:56.236Z,1.1148,1.1244,100,100,85.7
2026-04-21 13:30:57.253Z,1.1139,1.1261,112,100,108.9
2026-04-21 13:30:58.736Z,1.1151,1.1251,253,146,89.3
2026-04-21 13:30:59.408Z,1.1146,1.1254,100,189,96.4
2026-04-21 13:31:00.688Z,1.1050,1.1170,100,100,108.0
2026-04-21 13:31:01.803Z,1.1059,1.1167,100,100,97.2
2026-04-21 13:31:02.613Z,1.1058,1.1168,100,100,99.0
2026-04-21 13:31:03.375Z,1.1054,1.1162,100,100,97.2
2026-04-21 13:31:04.511Z,1.1059,1.1163,100,100,93.6
2026-04-21 13:31:05.026Z,1.1069,1.1151,100,100,73.8
2026-04-21 13:31:06.568Z,1.1063,1.1161,100,100,88.2
2026-04-21 13:31:07.288Z,1.1049,1.1167,100,100,106.2
2026-04-21 13:31:08.886Z,1.1061,1.1155,100,100,84.6
2026-04-21 13:31:09.225Z,1.1063,1.1161,100,100,88.2
2026-04-21 13:31:10.746Z,1.1052,1.1166,100,100,102.6
2026-04-21 13:31:11.149Z,1.1050,1.1170,100,100,108.0
2026-04-21 13:31:12.745Z,1.1058,1.1158,100,100,90.0
2026-04-21 13:31:13.555Z,1.1065,1.1153,101,100,79.2
2026-04-21 13:31:14.704Z,1.1047,1.1167,100,100,108.0
2026-04-21 13:31:15.177Z,1.1055,1.1169,100,100,102.6
2026-04-21 13:31:16.104Z,1.1065,1.1155,100,100,81.0
2026-04-21 13:31:17.241Z,1.1047,1.1167,100,100,108.0
2026-04-21 13:31:18.029Z,1.1059,1.1163,100,100,93.6
2026-04-21 13:31:19.601Z,1.1060,1.1164,100,100,93.6
2026-04-21 13:31:20.611Z,1.1064,1.1158,100,100,84.6
2026-04-21 13:31:21.027Z,1.1056,1.1164,100,100,97.2
2026-04-21 13:31:22.199Z,1.1051,1.1171,100,100,108.0
2026-04-21 13:31:23.854Z,1.1067,1.1155,100,100,79.2
2026-04-21 13:31:24.414Z,1.1064,1.1152,100,100,79.2
2026-04-21 13:31:25.821Z,1.1050,1.1170,100,100,108.0
2026-04-21 13:31:26.620Z,1.1063,1.1157,100,100,84.6
2026-04-21 13:31:27.302Z,1.1056,1.1164,100,100,97.2
2026-04-21 13:31:28.036Z,1.1065,1.1155,100,100,81.0
2026-04-21 13:31:29.580Z,1.1050,1.1164,100,100,102.6
2026-04-21 13:31:30.020Z,1.1061,1.1163,100,100,91.8
2026-04-21 13:31:31.804Z,1.1053,1.1165,100,100,100.8
2026-04-21 13:31:32.070Z,1.1065,1.1153,100,100,79.2
2026-04-21 13:31:33.576Z,1.1061,1.1163,100,100,91.8
2026-04-21 13:31:34.466Z,1.1060,1.1156,100,100,86.4
2026-04-21 13:31:35.853Z,1.1060,1.1162,100,100,91.8
2026-04-21 13:31:36.531Z,1.1066,1.1158,100,100,82.8
2026-04-21 13:31:37.039Z,1.1049,1.1167,100,100,106.2
2026-04-21 13:31:38.742Z,1.1061,1.1161,100,100,90.0
2026-04-21 13:31:39.421Z,1.1055,1.1163,100,100,97.2
2026-04-21 13:31:40.339Z,1.1050,1.1170,100,100,108.0
2026-04-21 13:31:41.190Z,1.1055,1.1165,100,100,99.0
2026-04-21 13:31:42.048Z,1.1048,1.1168,100,100,108.0
2026-04-21 13:31:43.273Z,1.1064,1.1152,100,100,79.2
2026-04-21 13:31:44.222Z,1.1057,1.1163,100,100,95.4
2026-04-21 13:31:45.424Z,1.1062,1.1156,100,100,84.6
2026-04-21 13:31:46.126Z,1.1066,1.1156,100,100,81.0
2026-04-21 13:31:47.395Z,1.1067,1.1151,100,100,75.6
2026-04-21 13:31:48.739Z,1.1068,1.1152,100,100,75.6
2026-04-21 13:31:49.770Z,1.1061,1.1157,100,100,86.4
2026-04-21 13:31:50.051Z,1.1057,1.1163,100,100,95.4
2026-04-21 13:31:51.020Z,1.1053,1.1165,100,100,100.8
2026-04-21 13:31:52.353Z,1.1053,1.1171,100,100,106.2
2026-04-21 13:31:53.640Z,1.1051,1.1169,100,100,106.2
2026-04-21 13:31:54.582Z,1.1067,1.1149,100,100,73.8
2026-04-21 13:31:55.047Z,1.1056,1.1158,100,100,91.8
2026-04-21 13:31:56.264Z,1.1062,1.1156,100,100,84.6
2026-04-21 13:31:57.009Z,1.1054,1.1162,100,100,97.2
2026-04-21 13:31:58.230Z,1.1054,1.1170,100,100,104.4
2026-04-21 13:31:59.563Z,1.1051,1.1169,100,100,106.2
2026-04-21 13:34:00.831Z,1.1117,1.1199,100,100,73.5
2026-04-21 13:34:01.200Z,1.1114,1.1198,100,100,75.3
2026-04-21 13:34:02.893Z,1.1111,1.1201,100,100,80.7
2026-04-21 13:34:03.604Z,1.1101,1.1211,100,100,98.6
2026-04-21 13:34:04.170Z,1.1112,1.1200,100,100,78.9
2026-04-21 13:34:05.019Z,1.1101,1.1219,100,100,105.7
2026-04-21 13:34:06.691Z,1.1114,1.1198,100,100,75.3
2026-04-21 13:34:07.587Z,1.1097,1.1215,100,100,105.8
2026-04-21 13:34:08.343Z,1.1110,1.1206,100,100,86.0
2026-04-21 13:34:09.842Z,1.1110,1.1210,100,100,89.6
2026-04-21 13:34:10.759Z,1.1098,1.1218,100,100,107.5
2026-04-21 13:34:11.293Z,1.1100,1.1216,100,100,104.0
2026-04-21 13:34:12.683Z,1.1111,1.1205,100,100,84.2
2026-04-21 13:34:13.339Z,1.1116,1.1202,100,100,77.1
2026-04-21 13:34:14.250Z,1.1103,1.1211,100,100,96.8
2026-04-21 13:34:15.853Z,1.1107,1.1207,100,100,89.6
2026-04-21 13:34:16.772Z,1.1106,1.1206,100,100,89.6
2026-04-21 13:34:17.147Z,1.1102,1.1212,100,100,98.6
2026-04-21 13:34:18.072Z,1.1111,1.1201,100,100,80.7
2026-04-21 13:34:19.117Z,1.1113,1.1201,100,100,78.9
2026-04-21 13:34:20.107Z,1.1107,1.1209,100,100,91.4
2026-04-21 13:34:21.262Z,1.1119,1.1201,100,100,73.5
2026-04-21 13:34:22.664Z,1.1098,1.1218,100,100,107.5
2026-04-21 13:34:23.225Z,1.1115,1.1197,100,100,73.5
2026-04-21 13:34:24.289Z,1.1103,1.1213,100,100,98.6
2026-04-21 13:34:25.201Z,1.1106,1.1206,100,100,89.6
2026-04-21 13:34:26.482Z,1.1115,1.1203,100,100,78.9
2026-04-21 13:34:27.396Z,1.1116,1.1198,100,100,73.5
2026-04-21 13:34:28.574Z,1.1102,1.1210,100,100,96.8
2026-04-21 13:34:29.395Z,1.1104,1.1208,100,100,93.2
2026-04-21 13:34:30.291Z,1.1105,1.1209,100,100,93.2
2026-04-21 13:34:31.832Z,1.1096,1.1214,100,100,105.8
2026-04-21 13:34:32.454Z,1.1114,1.1204,100,100,80.7
2026-04-21 13:34:33.481Z,1.1108,1.1210,100,100,91.4
2026-04-21 13:34:34.295Z,1.1116,1.1198,100,100,73.5
2026-04-21 13:34:35.449Z,1.1102,1.1214,100,100,100.4
2026-04-21 13:34:36.381Z,1.1118,1.1202,100,100,75.3
2026-04-21 13:34:37.020Z,1.1120,1.1202,106,100,73.5
2026-04-21 13:34:38.151Z,1.1109,1.1211,100,100,91.4
2026-04-21 13:34:39.039Z,1.1107,1.1209,100,136,91.4
2026-04-21 13:34:40.640Z,1.1106,1.1212,100,100,95.0
2026-04-21 13:34:41.347Z,1.1117,1.1199,100,100,73.5
2026-04-21 13:34:42.244Z,1.1099,1.1219,100,100,107.5
2026-04-21 13:34:43.707Z,1.1111,1.1207,100,100,86.0
2026-04-21 13:34:44.102Z,1.1102,1.1212,100,100,98.6
2026-04-21 13:34:45.663Z,1.1111,1.1201,100,100,80.7
2026-04-21 13:34:46.894Z,1.1116,1.1198,100,100,73.5
2026-04-21 13:34:47.275Z,1.1107,1.1215,100,100,96.8
2026-04-21 13:34:48.169Z,1.1099,1.1219,100,100,107.5
2026-04-21 13:34:49.524Z,1.1098,1.1216,100,100,105.8
2026-04-21 13:34:50.266Z,1.1108,1.1212,100,100,93.2
2026-04-21 13:34:51.797Z,1.1112,1.1206,100,100,84.2
2026-04-21 13:34:52.694Z,1.1107,1.1203,100,100,86.1
2026-04-21 13:34:53.213Z,1.1102,1.1210,100,100,96.8
2026-04-21 13:34:54.755Z,1.1112,1.1200,100,100,78.9
2026-04-21 13:34:55.796Z,1.1105,1.1209,100,100,93.2
2026-04-21 13:34:56.399Z,1.1107,1.1207,100,100,89.6
2026-04-21 13:34:57.860Z,1.1103,1.1217,100,100,102.2
2026-04-21 13:34:58.854Z,1.1099,1.1217,100,100,105.8
2026-04-21 13:34:59.874Z,1.1110,1.1206,100,100,86.0
2026-04-21 13:36:00.884Z,1.1056,1.1144,100,100,79.3
2026-04-21 13:36:01.811Z,1.1043,1.1161,100,100,106.3
2026-04-21 13:36:02.730Z,1.1057,1.1143,100,100,77.5
2026-04-21 13:36:03.058Z,1.1040,1.1158,100,100,106.3
2026-04-21 13:36:04.624Z,1.1047,1.1151,100,100,93.7
2026-04-21 13:36:05.010Z,1.1042,1.1154,100,100,100.9
2026-04-21 13:36:06.494Z,1.1053,1.1145,100,100,82.9
2026-04-21 13:36:07.025Z,1.1041,1.1159,100,100,106.3
2026-04-21 13:36:08.787Z,1.1039,1.1157,100,100,106.3
2026-04-21 13:36:09.303Z,1.1052,1.1150,100,100,88.3
2026-04-21 13:36:10.609Z,1.1053,1.1151,100,100,88.3
2026-04-21 13:36:11.098Z,1.1052,1.1152,100,100,90.1
2026-04-21 13:36:12.053Z,1.1045,1.1155,100,100,99.1
2026-04-21 13:36:13.767Z,1.1054,1.1152,100,100,88.3
2026-04-21 13:36:14.542Z,1.1048,1.1154,100,100,95.5
2026-04-21 13:36:15.022Z,1.1053,1.1147,100,100,84.7
2026-04-21 13:36:16.534Z,1.1044,1.1156,100,100,100.9
2026-04-21 13:36:17.074Z,1.1050,1.1152,100,100,91.9
2026-04-21 13:36:18.602Z,1.1039,1.1157,100,100,106.3
2026-04-21 13:36:19.808Z,1.1053,1.1143,100,100,81.1
2026-04-21 13:36:20.100Z,1.1059,1.1145,100,100,77.5
2026-04-21 13:36:21.887Z,1.1051,1.1145,100,100,84.7
2026-04-21 13:36:22.208Z,1.1040,1.1156,100,100,104.5
2026-04-21 13:36:23.649Z,1.1057,1.1147,100,100,81.1
2026-04-21 13:36:24.706Z,1.1060,1.1146,100,100,77.5
2026-04-21 13:36:25.560Z,1.1055,1.1145,100,100,81.1
2026-04-21 13:36:26.611Z,1.1043,1.1159,100,100,104.5
2026-04-21 13:36:27.838Z,1.1046,1.1154,100,100,97.3
2026-04-21 13:36:28.180Z,1.1053,1.1149,100,100,86.5
2026-04-21 13:36:29.490Z,1.1042,1.1158,100,100,104.5
2026-04-21 13:36:30.557Z,1.1059,1.1145,100,100,77.5
2026-04-21 13:36:31.071Z,1.1051,1.1151,100,100,90.1
2026-04-21 13:36:32.810Z,1.1045,1.1151,100,100,95.5
2026-04-21 13:36:33.351Z,1.1042,1.1160,100,100,106.3
2026-04-21 13:36:34.669Z,1.1047,1.1153,100,100,95.5
2026-04-21 13:36:35.530Z,1.1045,1.1151,100,100,95.5
2026-04-21 13:36:36.217Z,1.1043,1.1159,100,100,104.5
2026-04-21 13:36:37.750Z,1.1051,1.1145,100,100,84.7
2026-04-21 13:36:38.798Z,1.1047,1.1153,100,100,95.5
2026-04-21 13:36:39.071Z,1.1053,1.1149,100,100,86.5
2026-04-21 13:36:40.082Z,1.1054,1.1146,100,100,82.9
2026-04-21 13:36:41.219Z,1.1047,1.1153,100,100,95.5
2026-04-21 13:36:42.067Z,1.1044,1.1158,100,100,102.7
2026-04-21 13:36:43.638Z,1.1051,1.1145,100,100,84.7
2026-04-21 13:36:44.054Z,1.1054,1.1148,100,100,84.7
2026-04-21 13:36:45.063Z,1.1052,1.1146,100,100,84.7
2026-04-21 13:36:46.272Z,1.1060,1.1140,100,100,72.1
2026-04-21 13:36:47.389Z,1.1044,1.1158,100,100,102.7
2026-04-21 13:36:48.193Z,1.1044,1.1158,100,100,102.7
2026-04-21 13:36:49.297Z,1.1049,1.1153,100,100,93.7
2026-04-21 13:36:50.548Z,1.1047,1.1157,100,100,99.1
2026-04-21 13:36:51.467Z,1.1060,1.1144,100,100,75.7
2026-04-21 13:36:52.507Z,1.1055,1.1143,100,100,79.3
2026-04-21 13:36:53.860Z,1.1058,1.1140,100,100,73.9
2026-04-21 13:36:54.489Z,1.1040,1.1154,100,100,102.7
2026-04-21 13:36:55.321Z,1.1046,1.1152,100,100,95.5
2026-04-21 13:36:56.069Z,1.1055,1.1139,100,100,75.7
2026-04-21 13:36:57.281Z,1.1052,1.1152,100,100,90.1
2026-04-21 13:36:58.238Z,1.1054,1.1144,100,100,81.1
2026-04-21 13:36:59.396Z,1.1042,1.1158,100,100,104.5
2026-04-21 13:38:00.866Z,1.0959,1.1041,240,170,74.5
2026-04-21 13:38:01.820Z,1.0946,1.1046,100,176,90.9
2026-04-21 13:38:02.300Z,1.0943,1.1045,128,230,92.8
2026-04-21 13:38:03.169Z,1.0926,1.1038,100,169,102.0
2026-04-21 13:38:04.018Z,1.0931,1.1019,100,100,80.2
2026-04-21 13:38:05.339Z,1.0906,1.1018,100,148,102.2
2026-04-21 13:38:06.202Z,1.0889,1.1007,100,124,107.8
2026-04-21 13:38:07.334Z,1.0882,1.0992,126,284,100.6
2026-04-21 13:38:08.714Z,1.0871,1.0981,132,163,100.7
2026-04-21 13:38:09.083Z,1.0868,1.0958,100,241,82.5
2026-04-21 13:38:10.476Z,1.0857,1.0955,100,104,89.9
2026-04-21 13:38:11.794Z,1.0843,1.0961,148,404,108.2
2026-04-21 13:38:12.335Z,1.0850,1.0946,288,369,88.1
2026-04-21 13:38:13.234Z,1.0864,1.0948,287,159,77.0
2026-04-21 13:38:14.167Z,1.0867,1.0957,117,100,82.5
2026-04-21 13:38:15.344Z,1.0860,1.0976,124,106,106.2
2026-04-21 13:38:16.508Z,1.0872,1.0980,423,122,98.8
2026-04-21 13:38:17.399Z,1.0878,1.0982,255,233,95.2
2026-04-21 13:38:18.687Z,1.0887,1.0981,221,169,86.0
2026-04-21 13:38:19.517Z,1.0886,1.0986,121,108,91.4
2026-04-21 13:38:20.601Z,1.0894,1.0976,100,106,75.0
2026-04-21 13:38:21.823Z,1.0891,1.0985,135,100,85.9
2026-04-21 13:38:22.533Z,1.0881,1.1001,165,100,109.7
2026-04-21 13:38:23.588Z,1.0900,1.0990,205,138,82.2
2026-04-21 13:38:24.483Z,1.0906,1.0990,117,100,76.7
2026-04-21 13:38:25.632Z,1.0911,1.0997,201,100,78.5
2026-04-21 13:38:26.774Z,1.0907,1.1011,100,108,94.9
2026-04-21 13:38:27.234Z,1.0918,1.1008,120,100,82.1
2026-04-21 13:38:28.400Z,1.0921,1.1017,146,102,87.5
2026-04-21 13:38:29.159Z,1.0931,1.1019,112,100,80.2
2026-04-21 13:38:30.417Z,1.0922,1.1032,100,100,100.2
2026-04-21 13:38:31.556Z,1.0926,1.1034,116,105,98.4
2026-04-21 13:38:32.822Z,1.0945,1.1027,122,108,74.6
2026-04-21 13:38:33.784Z,1.0942,1.1042,121,100,91.0
2026-04-21 13:38:34.260Z,1.0949,1.1035,111,119,78.2
2026-04-21 13:38:35.369Z,1.0950,1.1048,143,100,89.1
2026-04-21 13:38:36.130Z,1.0942,1.1052,100,100,100.0
2026-04-21 13:38:37.605Z,1.0960,1.1046,495,218,78.2
2026-04-21 13:38:38.571Z,1.0946,1.1052,284,610,96.4
2026-04-21 13:38:39.608Z,1.0957,1.1043,198,183,78.2
2026-04-21 13:38:40.561Z,1.0948,1.1054,311,337,96.4
2026-04-21 13:38:41.112Z,1.0960,1.1046,100,100,78.2
2026-04-21 13:38:42.777Z,1.0943,1.1061,100,234,107.3
2026-04-21 13:38:43.450Z,1.0958,1.1048,181,110,81.8
2026-04-21 13:38:44.767Z,1.0953,1.1047,100,115,85.5
2026-04-21 13:38:45.142Z,1.0949,1.1051,209,128,92.7
2026-04-21 13:38:46.859Z,1.0953,1.1045,100,173,83.6
2026-04-21 13:38:47.398Z,1.0949,1.1049,268,323,90.9
2026-04-21 13:38:48.330Z,1.0946,1.1052,120,116,96.4
2026-04-21 13:38:49.177Z,1.0952,1.1048,184,135,87.3
2026-04-21 13:38:50.317Z,1.0947,1.1049,100,183,92.7
2026-04-21 13:38:51.545Z,1.0941,1.1061,100,100,109.1
2026-04-21 13:38:52.250Z,1.0944,1.1056,100,230,101.8
2026-04-21 13:38:53.878Z,1.0946,1.1054,156,232,98.2
2026-04-21 13:38:54.363Z,1.0942,1.1062,100,100,109.1
2026-04-21 13:38:55.181Z,1.0945,1.1051,100,160,96.4
2026-04-21 13:38:56.459Z,1.0943,1.1057,113,100,103.6
2026-04-21 13:38:57.717Z,1.0961,1.1043,169,138,74.5
2026-04-21 13:38:58.810Z,1.0954,1.1050,210,150,87.3
2026-04-21 13:38:59.414Z,1.0955,1.1045,109,170,81.8
2026-04-21 13:40:00.111Z,1.0891,1.1009,100,100,107.8
2026-04-21 13:40:01.495Z,1.0900,1.0996,100,100,87.7
2026-04-21 13:40:02.879Z,1.0907,1.0997,100,100,82.2
2026-04-21 13:40:03.762Z,1.0904,1.0992,100,100,80.4
2026-04-21 13:40:04.429Z,1.0902,1.0998,100,100,87.7
2026-04-21 13:40:05.493Z,1.0902,1.0998,100,100,87.7
2026-04-21 13:40:06.673Z,1.0890,1.1008,100,100,107.8
2026-04-21 13:40:07.355Z,1.0910,1.0992,100,100,74.9
2026-04-21 13:40:08.401Z,1.0902,1.0994,100,100,84.0
2026-04-21 13:40:09.601Z,1.0893,1.1003,100,100,100.5
2026-04-21 13:40:10.214Z,1.0897,1.1005,100,100,98.6
2026-04-21 13:40:11.196Z,1.0897,1.1005,100,100,98.6
2026-04-21 13:40:12.583Z,1.0907,1.0991,100,100,76.7
2026-04-21 13:40:13.480Z,1.0905,1.0995,100,100,82.2
2026-04-21 13:40:14.157Z,1.0911,1.0993,100,100,74.9
2026-04-21 13:40:15.392Z,1.0907,1.0999,100,100,84.0
2026-04-21 13:40:16.878Z,1.0901,1.1001,100,100,91.3
2026-04-21 13:40:17.892Z,1.0902,1.0996,100,100,85.9
2026-04-21 13:40:18.287Z,1.0892,1.1012,100,100,109.6
2026-04-21 13:40:19.345Z,1.0895,1.1007,100,100,102.3
2026-04-21 13:40:20.509Z,1.0900,1.0996,100,100,87.7
2026-04-21 13:40:21.848Z,1.0901,1.0997,100,100,87.7
2026-04-21 13:40:22.475Z,1.0905,1.0991,100,100,78.6
2026-04-21 13:40:23.435Z,1.0895,1.1005,100,100,100.5
2026-04-21 13:40:24.784Z,1.0900,1.1000,100,100,91.3
2026-04-21 13:40:25.548Z,1.0907,1.0997,100,100,82.2
2026-04-21 13:40:26.474Z,1.0899,1.1005,100,100,96.8
2026-04-21 13:40:27.307Z,1.0909,1.0995,100,100,78.5
2026-04-21 13:40:28.874Z,1.0903,1.1001,100,100,89.5
2026-04-21 13:40:29.584Z,1.0894,1.1002,100,100,98.6
2026-04-21 13:40:30.880Z,1.0891,1.1009,100,100,107.8
2026-04-21 13:40:31.659Z,1.0891,1.1003,100,100,102.3
2026-04-21 13:40:32.603Z,1.0888,1.1008,100,100,109.6
2026-04-21 13:40:33.320Z,1.0907,1.0997,100,100,82.2
2026-04-21 13:40:34.320Z,1.0898,1.1006,100,100,98.6
2026-04-21 13:40:35.328Z,1.0895,1.0999,100,100,95.0
2026-04-21 13:40:36.197Z,1.0895,1.1005,100,100,100.5
2026-04-21 13:40:37.706Z,1.0899,1.0997,100,100,89.5
2026-04-21 13:40:38.596Z,1.0900,1.1000,100,100,91.3
2026-04-21 13:40:39.788Z,1.0905,1.0993,100,100,80.4
2026-04-21 13:40:40.702Z,1.0898,1.1004,100,100,96.8
2026-04-21 13:40:41.106Z,1.0899,1.1005,100,100,96.8
2026-04-21 13:40:42.707Z,1.0903,1.0993,100,100,82.2
2026-04-21 13:40:43.218Z,1.0910,1.0992,100,100,74.9
2026-04-21 13:40:44.084Z,1.0900,1.0996,100,100,87.7
2026-04-21 13:40:45.811Z,1.0910,1.0994,100,100,76.7
2026-04-21 13:40:46.214Z,1.0893,1.1009,100,100,105.9
2026-04-21 13:40:47.750Z,1.0902,1.0996,100,100,85.9
2026-04-21 13:40:48.208Z,1.0891,1.1005,100,100,104.1
2026-04-21 13:40:49.736Z,1.0895,1.1005,100,100,100.5
2026-04-21 13:40:50.820Z,1.0903,1.0993,100,100,82.2
2026-04-21 13:40:51.465Z,1.0899,1.1001,100,100,93.2
2026-04-21 13:40:52.410Z,1.0902,1.1002,100,100,91.3
2026-04-21 13:40:53.423Z,1.0902,1.1002,100,100,91.3
2026-04-21 13:40:54.592Z,1.0902,1.0994,100,100,84.0
2026-04-21 13:40:55.497Z,1.0903,1.0991,100,100,80.4
2026-04-21 13:40:56.468Z,1.0895,1.1009,100,100,104.1
2026-04-21 13:40:57.826Z,1.0895,1.1007,100,100,102.3
2026-04-21 13:40:58.340Z,1.0903,1.0999,100,100,87.7
2026-04-21 13:40:59.815Z,1.0896,1.1004,100,100,98.6
2026-04-21 13:41:00.125Z,1.0895,1.1005,100,100,100.5
2026-04-21 13:41:01.239Z,1.0901,1.0997,100,100,87.7
2026-04-21 13:41:02.561Z,1.0892,1.1006,100,100,104.1
2026-04-21 13:41:03.352Z,1.0890,1.1006,100,100,106.0
2026-04-21 13:41:04.608Z,1.0887,1.1007,100,100,109.6
2026-04-21 13:41:05.892Z,1.0890,1.1006,100,100,106.0
2026-04-21 13:41:06.684Z,1.0902,1.1000,100,100,89.5
2026-04-21 13:41:07.295Z,1.0899,1.0997,100,100,89.5
2026-04-21 13:41:08.302Z,1.0889,1.1009,100,100,109.6
2026-04-21 13:41:09.244Z,1.0902,1.0994,100,100,84.0
2026-04-21 13:41:10.333Z,1.0900,1.1000,100,100,91.3
2026-04-21 13:41:11.874Z,1.0901,1.0993,100,118,84.0
2026-04-21 13:41:12.680Z,1.0896,1.1000,100,100,95.0
2026-04-21 13:41:13.316Z,1.0896,1.1004,114,100,98.6
2026-04-21 13:41:14.761Z,1.0890,1.1010,100,100,109.6
2026-04-21 13:41:15.436Z,1.0908,1.0998,100,100,82.2
2026-04-21 13:41:16.289Z,1.0907,1.0993,100,100,78.5
2026-04-21 13:41:17.307Z,1.0904,1.0998,100,100,85.8
2026-04-21 13:41:18.340Z,1.0895,1.1009,100,100,104.1
2026-04-21 13:41:19.186Z,1.0886,1.1008,100,100,111.4
2026-04-21 13:41:20.448Z,1.0892,1.1006,100,100,104.1
2026-04-21 13:41:21.813Z,1.0906,1.0998,100,100,84.0
2026-04-21 13:41:22.548Z,1.0895,1.1007,100,100,102.3
2026-04-21 13:41:23.004Z,1.0893,1.1003,100,100,100.5
2026-04-21 13:41:24.507Z,1.0904,1.0992,100,100,80.4
2026-04-21 13:41:25.368Z,1.0896,1.1004,100,100,98.6
2026-04-21 13:41:26.774Z,1.0896,1.1008,100,100,102.3
2026-04-21 13:41:27.409Z,1.0905,1.0995,100,100,82.2
2026-04-21 13:41:28.628Z,1.0906,1.0996,100,100,82.2
2026-04-21 13:41:29.465Z,1.0898,1.1000,100,100,93.2
2026-04-21 13:41:30.590Z,1.0893,1.1007,100,100,104.1
2026-04-21 13:41:31.307Z,1.0903,1.1001,100,100,89.5
2026-04-21 13:41:32.537Z,1.0902,1.1000,100,100,89.5
2026-04-21 13:41:33.088Z,1.0900,1.1002,100,100,93.1
2026-04-21 13:41:34.509Z,1.0900,1.1000,100,100,91.3
2026-04-21 13:41:35.281Z,1.0896,1.1012,100,100,105.9
2026-04-21 13:41:36.524Z,1.0895,1.1011,100,100,105.9
2026-04-21 13:41:37.161Z,1.0906,1.0992,100,100,78.5
2026-04-21 13:41:38.645Z,1.0897,1.1009,111,100,102.3
2026-04-21 13:41:39.017Z,1.0894,1.1012,100,100,107.7
2026-04-21 13:41:40.828Z,1.0896,1.1008,100,100,102.3
2026-04-21 13:41:41.791Z,1.0901,1.1005,100,100,95.0
2026-04-21 13:41:42.364Z,1.0912,1.0996,100,100,76.7
2026-04-21 13:41:43.463Z,1.0893,1.1013,100,100,109.6
2026-04-21 13:41:44.176Z,1.0893,1.1011,100,100,107.7
2026-04-21 13:41:45.469Z,1.0900,1.1004,100,100,95.0
2026-04-21 13:41:46.382Z,1.0905,1.0999,100,100,85.8
2026-04-21 13:41:47.551Z,1.0905,1.0995,100,100,82.2
2026-04-21 13:41:48.158Z,1.0898,1.1006,100,100,98.6
2026-04-21 13:41:49.566Z,1.0905,1.0997,100,100,84.0
2026-04-21 13:41:50.013Z,1.0911,1.0997,100,100,78.5
2026-04-21 13:41:51.472Z,1.0890,1.1012,100,100,111.4
2026-04-21 13:41:52.741Z,1.0910,1.0992,100,100,74.9
2026-04-21 13:41:53.427Z,1.0891,1.1007,100,100,105.9
2026-04-21 13:41:54.309Z,1.0901,1.1001,100,100,91.3
2026-04-21 13:41:55.333Z,1.0894,1.1010,100,100,105.9
2026-04-21 13:41:56.344Z,1.0903,1.1001,100,100,89.5
2026-04-21 13:41:57.291Z,1.0890,1.1008,100,100,107.8
2026-04-21 13:41:58.327Z,1.0906,1.0998,100,100,84.0
2026-04-21 13:41:59.876Z,1.0909,1.0995,100,100,78.5
2026-04-21 13:42:00.387Z,1.0941,1.1059,100,100,107.3
2026-04-21 13:42:01.140Z,1.0938,1.1058,100,100,109.1
2026-04-21 13:42:02.461Z,1.0956,1.1040,100,100,76.4
2026-04-21 13:42:03.630Z,1.0953,1.1043,100,100,81.8
2026-04-21 13:42:04.084Z,1.0948,1.1056,100,100,98.2
2026-04-21 13:42:05.286Z,1.0948,1.1048,100,100,90.9
2026-04-21 13:42:06.247Z,1.0953,1.1047,100,100,85.5
2026-04-21 13:42:07.228Z,1.0945,1.1051,100,100,96.4
2026-04-21 13:42:08.750Z,1.0961,1.1045,100,100,76.3
2026-04-21 13:42:09.855Z,1.0944,1.1054,100,100,100.0
2026-04-21 13:42:10.170Z,1.0943,1.1057,100,100,103.6
2026-04-21 13:42:11.470Z,1.0947,1.1051,100,100,94.6
2026-04-21 13:42:12.572Z,1.0949,1.1049,100,100,90.9
2026-04-21 13:42:13.549Z,1.0946,1.1048,100,100,92.8
2026-04-21 13:42:14.056Z,1.0947,1.1051,100,100,94.6
2026-04-21 13:42:15.261Z,1.0944,1.1058,100,100,103.6
2026-04-21 13:42:16.088Z,1.0961,1.1043,100,100,74.5
2026-04-21 13:42:17.772Z,1.0946,1.1056,100,100,100.0
2026-04-21 13:42:18.241Z,1.0939,1.1059,100,100,109.1
2026-04-21 13:42:19.397Z,1.0939,1.1059,100,100,109.1
2026-04-21 13:42:20.033Z,1.0947,1.1051,100,100,94.6
2026-04-21 13:42:21.158Z,1.0948,1.1056,100,100,98.2
2026-04-21 13:42:22.030Z,1.0939,1.1059,100,100,109.1
2026-04-21 13:42:23.571Z,1.0941,1.1061,100,100,109.1
2026-04-21 13:42:24.108Z,1.0946,1.1050,100,100,94.6
2026-04-21 13:42:25.256Z,1.0954,1.1046,100,100,83.6
2026-04-21 13:42:26.182Z,1.0942,1.1054,100,100,101.8
2026-04-21 13:42:27.146Z,1.0942,1.1060,100,100,107.3
2026-04-21 13:42:28.728Z,1.0962,1.1044,100,100,74.5
2026-04-21 13:42:29.647Z,1.0948,1.1052,100,100,94.5
2026-04-21 13:42:30.279Z,1.0942,1.1062,100,100,109.1
2026-04-21 13:42:31.518Z,1.0961,1.1043,100,100,74.5
2026-04-21 13:42:32.827Z,1.0954,1.1046,100,100,83.6
2026-04-21 13:42:33.853Z,1.0948,1.1052,100,100,94.5
2026-04-21 13:42:34.489Z,1.0942,1.1058,100,100,105.5
2026-04-21 13:42:35.754Z,1.0945,1.1051,100,100,96.4
2026-04-21 13:42:36.186Z,1.0956,1.1042,100,100,78.2
2026-04-21 13:42:37.862Z,1.0952,1.1052,100,100,90.9
2026-04-21 13:42:38.259Z,1.0948,1.1050,100,100,92.7
2026-04-21 13:42:39.138Z,1.0950,1.1050,100,100,90.9
2026-04-21 13:42:40.445Z,1.0952,1.1046,100,100,85.5
2026-04-21 13:42:41.804Z,1.0958,1.1040,100,100,74.6
2026-04-21 13:42:42.791Z,1.0943,1.1059,100,100,105.4
2026-04-21 13:42:43.636Z,1.0958,1.1042,100,100,76.4
2026-04-21 13:42:44.332Z,1.0941,1.1059,100,100,107.3
2026-04-21 13:42:45.476Z,1.0946,1.1060,100,100,103.6
2026-04-21 13:42:46.362Z,1.0948,1.1046,100,100,89.1
2026-04-21 13:42:47.507Z,1.0943,1.1055,100,100,101.8
2026-04-21 13:42:48.692Z,1.0943,1.1055,100,100,101.8
2026-04-21 13:42:49.632Z,1.0951,1.1047,100,100,87.3
2026-04-21 13:42:50.359Z,1.0942,1.1054,100,100,101.8
2026-04-21 13:42:51.280Z,1.0956,1.1050,100,100,85.4
2026-04-21 13:42:52.622Z,1.0957,1.1043,100,100,78.2
2026-04-21 13:42:53.193Z,1.0953,1.1051,100,100,89.1
2026-04-21 13:42:54.261Z,1.0953,1.1051,100,100,89.1
2026-04-21 13:42:55.246Z,1.0940,1.1056,100,100,105.5
2026-04-21 13:42:56.156Z,1.0943,1.1059,100,100,105.4
2026-04-21 13:42:57.543Z,1.0956,1.1048,100,100,83.6
2026-04-21 13:42:58.452Z,1.0952,1.1046,100,100,85.5
2026-04-21 13:42:59.615Z,1.0959,1.1041,100,100,74.5
2026-04-21 13:45:00.298Z,1.1009,1.1091,100,100,74.2
2026-04-21 13:45:01.865Z,1.1003,1.1097,100,100,85.1
2026-04-21 13:45:02.149Z,1.0990,1.1110,100,100,108.6
2026-04-21 13:45:03.513Z,1.0993,1.1113,100,100,108.6
2026-04-21 13:45:04.472Z,1.0994,1.1108,100,100,103.2
2026-04-21 13:45:05.785Z,1.1007,1.1097,100,100,81.4
2026-04-21 13:45:06.020Z,1.1003,1.1099,100,100,86.9
2026-04-21 13:45:07.492Z,1.1003,1.1095,100,100,83.3
2026-04-21 13:45:08.836Z,1.1008,1.1096,100,100,79.6
2026-04-21 13:45:09.700Z,1.0994,1.1112,100,100,106.8
2026-04-21 13:45:10.352Z,1.0996,1.1106,100,100,99.5
2026-04-21 13:45:11.494Z,1.1004,1.1096,100,100,83.3
2026-04-21 13:45:12.020Z,1.0994,1.1108,100,100,103.2
2026-04-21 13:45:13.369Z,1.1004,1.1098,100,100,85.1
2026-04-21 13:45:14.630Z,1.1009,1.1091,100,100,74.2
2026-04-21 13:45:15.667Z,1.0999,1.1099,100,100,90.5
2026-04-21 13:45:16.724Z,1.1006,1.1094,100,100,79.6
2026-04-21 13:45:17.328Z,1.0989,1.1109,100,100,108.6
2026-04-21 13:45:18.743Z,1.1000,1.1096,100,100,86.9
2026-04-21 13:45:19.346Z,1.0996,1.1100,100,100,94.1
2026-04-21 13:45:20.818Z,1.0996,1.1102,100,100,95.9
2026-04-21 13:45:21.666Z,1.1005,1.1089,100,100,76.0
2026-04-21 13:45:22.687Z,1.1000,1.1100,100,100,90.5
2026-04-21 13:45:23.772Z,1.1006,1.1096,100,100,81.4
2026-04-21 13:45:24.394Z,1.0995,1.1109,100,100,103.1
2026-04-21 13:45:25.648Z,1.0991,1.1111,100,100,108.6
2026-04-21 13:45:26.597Z,1.1001,1.1099,100,100,88.7
2026-04-21 13:45:27.210Z,1.1002,1.1102,100,100,90.5
2026-04-21 13:45:28.546Z,1.1003,1.1101,100,100,88.7
2026-04-21 13:45:29.393Z,1.1005,1.1097,100,100,83.3
2026-04-21 13:45:30.236Z,1.0992,1.1104,100,100,101.4
2026-04-21 13:45:31.431Z,1.1007,1.1095,100,100,79.6
2026-04-21 13:45:32.671Z,1.1005,1.1099,100,100,85.1
2026-04-21 13:45:33.862Z,1.1008,1.1096,100,100,79.6
2026-04-21 13:45:34.320Z,1.0995,1.1105,100,100,99.5
2026-04-21 13:45:35.602Z,1.1003,1.1093,100,100,81.5
2026-04-21 13:45:36.380Z,1.0994,1.1104,100,100,99.6
2026-04-21 13:45:37.380Z,1.0996,1.1102,100,100,95.9
2026-04-21 13:45:38.258Z,1.1000,1.1106,100,100,95.9
2026-04-21 13:45:39.079Z,1.1000,1.1102,100,100,92.3
2026-04-21 13:45:40.832Z,1.1004,1.1100,100,100,86.9
2026-04-21 13:45:41.734Z,1.0991,1.1103,100,100,101.4
2026-04-21 13:45:42.154Z,1.1005,1.1091,100,100,77.8
2026-04-21 13:45:43.883Z,1.1005,1.1097,100,100,83.3
2026-04-21 13:45:44.172Z,1.0997,1.1097,100,100,90.5
2026-04-21 13:45:45.666Z,1.0990,1.1110,100,100,108.6
2026-04-21 13:45:46.482Z,1.0992,1.1114,100,100,110.4
2026-04-21 13:45:47.693Z,1.1000,1.1102,100,100,92.3
2026-04-21 13:45:48.173Z,1.0998,1.1104,100,100,95.9
2026-04-21 13:45:49.758Z,1.0986,1.1108,100,100,110.4
2026-04-21 13:45:50.499Z,1.0990,1.1112,100,100,110.4
2026-04-21 13:45:51.878Z,1.0994,1.1104,100,100,99.6
2026-04-21 13:45:52.798Z,1.0993,1.1111,100,100,106.8
2026-04-21 13:45:53.338Z,1.1010,1.1094,100,100,76.0
2026-04-21 13:45:54.676Z,1.0993,1.1107,100,100,103.2
2026-04-21 13:45:55.232Z,1.1001,1.1097,100,100,86.9
2026-04-21 13:45:56.816Z,1.0989,1.1107,100,100,106.8
2026-04-21 13:45:57.415Z,1.1000,1.1094,100,100,85.1
2026-04-21 13:45:58.451Z,1.0999,1.1099,100,100,90.5
2026-04-21 13:45:59.730Z,1.1004,1.1096,100,100,83.3
2026-04-21 13:46:00.623Z,1.0992,1.1108,100,100,105.0
2026-04-21 13:46:01.564Z,1.1001,1.1103,100,100,92.3
2026-04-21 13:46:02.382Z,1.0991,1.1111,100,100,108.6
2026-04-21 13:46:03.356Z,1.1001,1.1101,100,100,90.5
2026-04-21 13:46:04.493Z,1.0995,1.1109,100,100,103.1
2026-04-21 13:46:05.329Z,1.0990,1.1108,100,100,106.8
2026-04-21 13:46:06.224Z,1.1005,1.1099,100,100,85.1
2026-04-21 13:46:07.299Z,1.0992,1.1106,100,100,103.2
2026-04-21 13:46:08.834Z,1.0992,1.1108,100,100,105.0
2026-04-21 13:46:09.424Z,1.0989,1.1109,100,100,108.6
2026-04-21 13:46:10.026Z,1.0993,1.1103,100,100,99.6
2026-04-21 13:46:11.686Z,1.1004,1.1094,100,100,81.5
2026-04-21 13:46:12.731Z,1.0993,1.1107,100,100,103.2
2026-04-21 13:46:13.064Z,1.1008,1.1098,100,100,81.4
2026-04-21 13:46:14.337Z,1.1008,1.1092,100,100,76.0
2026-04-21 13:46:15.374Z,1.0989,1.1107,100,100,106.8
2026-04-21 13:46:16.734Z,1.1001,1.1097,100,100,86.9
2026-04-21 13:46:17.603Z,1.1008,1.1088,100,100,72.4
2026-04-21 13:46:18.281Z,1.0998,1.1106,100,100,97.7
2026-04-21 13:46:19.398Z,1.0999,1.1105,100,100,95.9
2026-04-21 13:46:20.847Z,1.0997,1.1103,100,100,95.9
2026-04-21 13:46:21.256Z,1.1011,1.1093,100,100,74.2
2026-04-21 13:46:22.362Z,1.0998,1.1098,100,100,90.5
2026-04-21 13:46:23.376Z,1.1002,1.1096,100,100,85.1
2026-04-21 13:46:24.649Z,1.0994,1.1106,100,100,101.4
2026-04-21 13:46:25.446Z,1.1002,1.1102,100,100,90.5
2026-04-21 13:46:26.123Z,1.1003,1.1095,100,100,83.3
2026-04-21 13:46:27.394Z,1.0996,1.1106,100,100,99.5
2026-04-21 13:46:28.605Z,1.0992,1.1106,100,100,103.2
2026-04-21 13:46:29.676Z,1.0995,1.1107,100,100,101.3
2026-04-21 13:46:30.158Z,1.0994,1.1102,100,100,97.8
2026-04-21 13:46:31.663Z,1.1005,1.1089,100,100,76.0
2026-04-21 13:46:32.300Z,1.1002,1.1104,100,100,92.3
2026-04-21 13:46:33.197Z,1.0989,1.1107,100,100,106.8
2026-04-21 13:46:34.851Z,1.0993,1.1105,100,100,101.4
2026-04-21 13:46:35.635Z,1.1011,1.1095,100,100,76.0
2026-04-21 13:46:36.736Z,1.0996,1.1104,100,100,97.7
2026-04-21 13:46:37.314Z,1.1003,1.1097,100,100,85.1
2026-04-21 13:46:38.100Z,1.1000,1.1102,100,100,92.3
2026-04-21 13:46:39.652Z,1.0991,1.1109,100,100,106.8
2026-04-21 13:46:40.310Z,1.0998,1.1106,100,100,97.7
2026-04-21 13:46:41.206Z,1.0998,1.1102,100,100,94.1
2026-04-21 13:46:42.274Z,1.1005,1.1093,100,100,79.6
2026-04-21 13:46:43.606Z,1.1007,1.1093,100,100,77.8
2026-04-21 13:46:44.670Z,1.1008,1.1098,100,100,81.4
2026-04-21 13:46:45.519Z,1.1012,1.1092,100,100,72.4
2026-04-21 13:46:46.533Z,1.1006,1.1090,100,100,76.0
2026-04-21 13:46:47.035Z,1.0993,1.1111,100,100,106.8
2026-04-21 13:46:48.650Z,1.1008,1.1090,100,100,74.2
2026-04-21 13:46:49.157Z,1.1007,1.1091,100,100,76.0
2026-04-21 13:46:50.745Z,1.0995,1.1105,100,100,99.5
2026-04-21 13:46:51.300Z,1.1001,1.1101,100,100,90.5
2026-04-21 13:46:52.482Z,1.0996,1.1102,100,100,95.9
2026-04-21 13:46:53.127Z,1.1007,1.1097,100,100,81.4
2026-04-21 13:46:54.407Z,1.1004,1.1100,100,100,86.9
2026-04-21 13:46:55.392Z,1.1002,1.1094,100,100,83.3
2026-04-21 13:46:56.726Z,1.0998,1.1098,100,100,90.5
2026-04-21 13:46:57.856Z,1.1006,1.1096,100,100,81.4
2026-04-21 13:46:58.277Z,1.1008,1.1096,100,100,79.6
2026-04-21 13:46:59.536Z,1.0994,1.1106,100,100,101.4
2026-04-21 13:47:00.150Z,1.0974,1.1056,100,100,74.4
2026-04-21 13:47:01.564Z,1.0965,1.1059,100,100,85.4
2026-04-21 13:47:02.817Z,1.0961,1.1073,100,100,101.7
2026-04-21 13:47:03.601Z,1.0963,1.1065,100,100,92.6
2026-04-21 13:47:04.038Z,1.0972,1.1058,100,100,78.1
2026-04-21 13:47:05.862Z,1.0971,1.1053,100,100,74.5
2026-04-21 13:47:06.595Z,1.0974,1.1058,100,100,76.3
2026-04-21 13:47:07.541Z,1.0968,1.1058,100,100,81.7
2026-04-21 13:47:08.127Z,1.0970,1.1058,100,100,79.9
2026-04-21 13:47:09.737Z,1.0957,1.1071,100,100,103.5
2026-04-21 13:47:10.470Z,1.0954,1.1074,100,100,109.0
2026-04-21 13:47:11.873Z,1.0971,1.1061,100,100,81.7
2026-04-21 13:47:12.108Z,1.0960,1.1072,100,100,101.7
2026-04-21 13:47:13.245Z,1.0968,1.1058,100,100,81.7
2026-04-21 13:47:14.564Z,1.0965,1.1067,100,100,92.6
2026-04-21 13:47:15.204Z,1.0973,1.1057,100,100,76.3
2026-04-21 13:47:16.559Z,1.0961,1.1067,100,100,96.2
2026-04-21 13:47:17.892Z,1.0974,1.1058,100,100,76.3
2026-04-21 13:47:18.370Z,1.0958,1.1076,100,100,107.1
2026-04-21 13:47:19.114Z,1.0966,1.1070,100,100,94.4
2026-04-21 13:47:20.667Z,1.0970,1.1064,100,100,85.3
2026-04-21 13:47:21.486Z,1.0967,1.1063,100,100,87.2
2026-04-21 13:47:22.768Z,1.0966,1.1070,100,100,94.4
2026-04-21 13:47:23.257Z,1.0975,1.1071,100,100,87.1
2026-04-21 13:47:24.107Z,1.0975,1.1065,100,100,81.7
2026-04-21 13:47:25.548Z,1.0974,1.1078,100,100,94.3
2026-04-21 13:47:26.460Z,1.0985,1.1071,100,100,78.0
2026-04-21 13:47:27.179Z,1.0976,1.1080,100,100,94.3
2026-04-21 13:47:28.886Z,1.0977,1.1093,100,100,105.1
2026-04-21 13:47:29.340Z,1.0987,1.1079,100,100,83.4
2026-04-21 13:47:30.550Z,1.0998,1.1082,100,100,76.1
2026-04-21 13:47:31.710Z,1.0995,1.1089,100,100,85.1
2026-04-21 13:47:32.032Z,1.1002,1.1084,100,100,74.3
2026-04-21 13:47:33.004Z,1.1002,1.1086,100,100,76.1
2026-04-21 13:47:34.778Z,1.1003,1.1085,100,100,74.2
2026-04-21 13:47:35.419Z,1.1000,1.1098,100,100,88.7
2026-04-21 13:47:36.383Z,1.0997,1.1105,100,100,97.7
2026-04-21 13:47:37.432Z,1.1001,1.1101,100,100,90.5
2026-04-21 13:47:38.835Z,1.0999,1.1103,100,100,94.1
2026-04-21 13:47:39.326Z,1.1003,1.1099,100,100,86.9
2026-04-21 13:47:40.444Z,1.1000,1.1102,100,100,92.3
2026-04-21 13:47:41.633Z,1.0998,1.1096,100,100,88.7
2026-04-21 13:47:42.219Z,1.1000,1.1092,100,100,83.3
2026-04-21 13:47:43.016Z,1.0999,1.1097,100,100,88.7
2026-04-21 13:47:44.166Z,1.1005,1.1093,100,100,79.6
2026-04-21 13:47:45.626Z,1.1003,1.1089,100,100,77.9
2026-04-21 13:47:46.133Z,1.0998,1.1094,100,100,86.9
2026-04-21 13:47:47.375Z,1.0988,1.1108,100,100,108.6
2026-04-21 13:47:48.734Z,1.1007,1.1089,100,100,74.2
2026-04-21 13:47:49.606Z,1.0999,1.1091,100,100,83.3
2026-04-21 13:47:50.300Z,1.0996,1.1100,100,100,94.1
2026-04-21 13:47:51.675Z,1.1003,1.1091,100,100,79.7
2026-04-21 13:47:52.552Z,1.0990,1.1104,100,100,103.2
2026-04-21 13:47:53.478Z,1.0989,1.1107,100,100,106.8
2026-04-21 13:47:54.466Z,1.0991,1.1107,100,100,105.0
2026-04-21 13:47:55.240Z,1.0995,1.1101,100,100,95.9
2026-04-21 13:47:56.013Z,1.1006,1.1092,100,100,77.8
2026-04-21 13:47:57.832Z,1.1000,1.1098,100,100,88.7
2026-04-21 13:47:58.123Z,1.1004,1.1102,100,100,88.7
2026-04-21 13:47:59.142Z,1.1000,1.1100,100,100,90.5
2026-04-21 13:50:00.147Z,1.1006,1.1092,100,100,77.8
2026-04-21 13:50:01.670Z,1.0998,1.1100,100,100,92.3
2026-04-21 13:50:02.504Z,1.0991,1.1111,100,100,108.6
2026-04-21 13:50:03.601Z,1.0995,1.1097,100,100,92.3
2026-04-21 13:50:04.545Z,1.0999,1.1103,100,100,94.1
2026-04-21 13:50:05.202Z,1.0987,1.1107,100,100,108.6
2026-04-21 13:50:06.323Z,1.1007,1.1089,100,100,74.2
2026-04-21 13:50:07.337Z,1.0992,1.1110,100,100,106.8
2026-04-21 13:50:08.898Z,1.1003,1.1089,100,100,77.9
2026-04-21 13:50:09.839Z,1.0994,1.1108,100,100,103.2
2026-04-21 13:50:10.592Z,1.1007,1.1095,100,100,79.6
2026-04-21 13:50:11.255Z,1.1006,1.1090,100,100,76.0
2026-04-21 13:50:12.762Z,1.0995,1.1103,100,100,97.7
2026-04-21 13:50:13.233Z,1.1003,1.1095,100,100,83.3
2026-04-21 13:50:14.638Z,1.0996,1.1104,100,100,97.7
2026-04-21 13:50:15.690Z,1.0997,1.1097,100,100,90.5
2026-04-21 13:50:16.417Z,1.1003,1.1099,100,100,86.9
2026-04-21 13:50:17.767Z,1.0993,1.1109,100,100,105.0
2026-04-21 13:50:18.854Z,1.1004,1.1092,100,100,79.7
2026-04-21 13:50:19.795Z,1.0994,1.1104,100,100,99.6
2026-04-21 13:50:20.715Z,1.0992,1.1110,100,100,106.8
2026-04-21 13:50:21.681Z,1.0987,1.1107,100,100,108.6
2026-04-21 13:50:22.523Z,1.0997,1.1105,100,100,97.7
2026-04-21 13:50:23.586Z,1.1005,1.1093,100,100,79.6
2026-04-21 13:50:24.707Z,1.0990,1.1108,100,100,106.8
2026-04-21 13:50:25.070Z,1.1004,1.1090,100,100,77.8
2026-04-21 13:50:26.036Z,1.1010,1.1092,100,100,74.2
2026-04-21 13:50:27.352Z,1.0998,1.1106,100,100,97.7
2026-04-21 13:50:28.739Z,1.1001,1.1099,100,100,88.7
2026-04-21 13:50:29.824Z,1.0998,1.1098,100,100,90.5
2026-04-21 13:50:30.371Z,1.0993,1.1109,100,100,105.0
2026-04-21 13:50:31.890Z,1.0989,1.1109,100,100,108.6
2026-04-21 13:50:32.097Z,1.0996,1.1104,100,100,97.7
2026-04-21 13:50:33.011Z,1.1001,1.1095,100,100,85.1
2026-04-21 13:50:34.552Z,1.0999,1.1103,100,100,94.1
2026-04-21 13:50:35.579Z,1.0987,1.1107,100,100,108.6
2026-04-21 13:50:36.865Z,1.1004,1.1094,100,100,81.5
2026-04-21 13:50:37.888Z,1.1000,1.1102,100,100,92.3
2026-04-21 13:50:38.446Z,1.1001,1.1101,100,100,90.5
2026-04-21 13:50:39.468Z,1.1002,1.1098,100,100,86.9
2026-04-21 13:50:40.435Z,1.1000,1.1102,100,100,92.3
2026-04-21 13:50:41.119Z,1.0998,1.1106,100,100,97.7
2026-04-21 13:50:42.053Z,1.0994,1.1106,100,100,101.4
2026-04-21 13:50:43.087Z,1.1011,1.1093,100,100,74.2
2026-04-21 13:50:44.413Z,1.0993,1.1101,100,100,97.8
2026-04-21 13:50:45.139Z,1.0995,1.1101,100,100,95.9
2026-04-21 13:50:46.724Z,1.1006,1.1096,100,100,81.4
2026-04-21 13:50:47.075Z,1.0992,1.1102,100,100,99.6
2026-04-21 13:50:48.651Z,1.0998,1.1096,100,100,88.7
2026-04-21 13:50:49.672Z,1.0996,1.1104,100,100,97.7
2026-04-21 13:50:50.794Z,1.1010,1.1090,100,100,72.4
2026-04-21 13:50:51.126Z,1.1001,1.1093,100,100,83.3
2026-04-21 13:50:52.801Z,1.0994,1.1108,100,100,103.2
2026-04-21 13:50:53.728Z,1.0999,1.1093,100,100,85.1
2026-04-21 13:50:54.181Z,1.0988,1.1104,100,100,105.0
2026-04-21 13:50:55.023Z,1.0995,1.1101,100,100,95.9
2026-04-21 13:50:56.106Z,1.0997,1.1105,100,100,97.7
2026-04-21 13:50:57.751Z,1.0988,1.1108,100,100,108.6
2026-04-21 13:50:58.243Z,1.1005,1.1089,100,100,76.0
2026-04-21 13:50:59.643Z,1.1002,1.1096,100,100,85.1
2026-04-21 13:52:00.860Z,1.1003,1.1097,100,100,85.1
2026-04-21 13:52:01.185Z,1.0996,1.1100,100,100,94.1
2026-04-21 13:52:02.479Z,1.1001,1.1099,100,100,88.7
2026-04-21 13:52:03.512Z,1.0996,1.1106,100,100,99.5
2026-04-21 13:52:04.481Z,1.0998,1.1104,100,100,95.9
2026-04-21 13:52:05.865Z,1.0993,1.1109,100,100,105.0
2026-04-21 13:52:06.713Z,1.0999,1.1101,100,100,92.3
2026-04-21 13:52:07.597Z,1.1005,1.1095,100,100,81.4
2026-04-21 13:52:08.298Z,1.0998,1.1100,100,100,92.3
2026-04-21 13:52:09.207Z,1.0994,1.1106,100,100,101.4
2026-04-21 13:52:10.324Z,1.1004,1.1096,100,100,83.3
2026-04-21 13:52:11.205Z,1.0990,1.1108,100,110,106.8
2026-04-21 13:52:12.601Z,1.1002,1.1102,100,100,90.5
2026-04-21 13:52:13.488Z,1.0994,1.1108,100,100,103.2
2026-04-21 13:52:14.122Z,1.1001,1.1095,100,100,85.1
2026-04-21 13:52:15.815Z,1.0992,1.1108,100,100,105.0
2026-04-21 13:52:16.186Z,1.1004,1.1098,100,100,85.1
2026-04-21 13:52:17.256Z,1.1003,1.1099,100,100,86.9
2026-04-21 13:52:18.710Z,1.0996,1.1104,100,100,97.7
2026-04-21 13:52:19.494Z,1.1003,1.1099,100,100,86.9
2026-04-21 13:52:20.717Z,1.0995,1.1103,100,100,97.7
2026-04-21 13:52:21.603Z,1.1000,1.1106,100,100,95.9
2026-04-21 13:52:22.551Z,1.1007,1.1093,100,100,77.8
2026-04-21 13:52:23.355Z,1.0990,1.1108,100,100,106.8
2026-04-21 13:52:24.800Z,1.0994,1.1108,100,100,103.2
2026-04-21 13:52:25.572Z,1.1005,1.1095,100,100,81.4
2026-04-21 13:52:26.650Z,1.1000,1.1104,100,100,94.1
2026-04-21 13:52:27.291Z,1.1000,1.1102,100,100,92.3
2026-04-21 13:52:28.281Z,1.1008,1.1094,100,100,77.8
2026-04-21 13:52:29.476Z,1.0995,1.1109,100,100,103.1
2026-04-21 13:52:30.839Z,1.1008,1.1096,100,100,79.6
2026-04-21 13:52:31.738Z,1.1004,1.1110,100,100,95.9
2026-04-21 13:52:32.797Z,1.0997,1.1111,100,100,103.1
2026-04-21 13:52:33.285Z,1.1001,1.1115,100,100,103.1
2026-04-21 13:52:34.169Z,1.1013,1.1099,100,100,77.8
2026-04-21 13:52:35.121Z,1.0997,1.1113,100,100,104.9
2026-04-21 13:52:36.353Z,1.1010,1.1108,100,100,88.6
2026-04-21 13:52:37.637Z,1.1010,1.1108,100,100,88.6
2026-04-21 13:52:38.597Z,1.1001,1.1115,100,125,103.1
2026-04-21 13:52:39.179Z,1.1014,1.1096,100,189,74.2
2026-04-21 13:52:40.726Z,1.1016,1.1104,148,100,79.6
2026-04-21 13:52:41.845Z,1.1006,1.1110,100,100,94.0
2026-04-21 13:52:42.579Z,1.0998,1.1114,100,100,104.9
2026-04-21 13:52:43.226Z,1.1002,1.1114,100,100,101.3
2026-04-21 13:52:44.797Z,1.0998,1.1116,100,100,106.7
2026-04-21 13:52:45.283Z,1.1015,1.1101,100,100,77.8
2026-04-21 13:52:46.220Z,1.1011,1.1105,100,100,85.0
2026-04-21 13:52:47.393Z,1.1013,1.1099,100,100,77.8
2026-04-21 13:52:48.730Z,1.1013,1.1103,100,100,81.4
2026-04-21 13:52:49.531Z,1.1003,1.1109,100,100,95.9
2026-04-21 13:52:50.407Z,1.1010,1.1100,100,100,81.4
2026-04-21 13:52:51.412Z,1.1007,1.1107,100,100,90.4
2026-04-21 13:52:52.267Z,1.1000,1.1112,100,100,101.3
2026-04-21 13:52:53.717Z,1.0999,1.1117,100,100,106.7
2026-04-21 13:52:54.418Z,1.1004,1.1106,100,100,92.3
2026-04-21 13:52:55.115Z,1.1013,1.1097,100,100,76.0
2026-04-21 13:52:56.779Z,1.0999,1.1119,100,100,108.5
2026-04-21 13:52:57.464Z,1.1003,1.1107,100,100,94.1
2026-04-21 13:52:58.152Z,1.0996,1.1114,100,100,106.7
2026-04-21 13:52:59.117Z,1.1007,1.1107,100,100,90.4
2026-04-21 13:54:00.245Z,1.1003,1.1097,100,100,85.1
2026-04-21 13:54:01.110Z,1.0991,1.1105,100,100,103.2
2026-04-21 13:54:02.838Z,1.0992,1.1110,100,100,106.8
2026-04-21 13:54:03.320Z,1.1001,1.1103,100,100,92.3
2026-04-21 13:54:04.608Z,1.1002,1.1096,100,100,85.1
2026-04-21 13:54:05.365Z,1.0996,1.1104,100,100,97.7
2026-04-21 13:54:06.706Z,1.0996,1.1106,100,100,99.5
2026-04-21 13:54:07.807Z,1.1007,1.1093,100,100,77.8
2026-04-21 13:54:08.420Z,1.0990,1.1110,100,100,108.6
2026-04-21 13:54:09.046Z,1.0992,1.1110,100,100,106.8
2026-04-21 13:54:10.166Z,1.0997,1.1099,100,100,92.3
2026-04-21 13:54:11.522Z,1.1003,1.1097,100,100,85.1
2026-04-21 13:54:12.327Z,1.1005,1.1099,100,100,85.1
2026-04-21 13:54:13.291Z,1.0995,1.1105,100,100,99.5
2026-04-21 13:54:14.050Z,1.0989,1.1109,100,100,108.6
2026-04-21 13:54:15.442Z,1.0994,1.1108,100,100,103.2
2026-04-21 13:54:16.756Z,1.1008,1.1098,100,100,81.4
2026-04-21 13:54:17.309Z,1.0993,1.1111,100,100,106.8
2026-04-21 13:54:18.353Z,1.0996,1.1098,100,100,92.3
2026-04-21 13:54:19.205Z,1.0996,1.1100,100,100,94.1
2026-04-21 13:54:20.712Z,1.0997,1.1101,100,100,94.1
2026-04-21 13:54:21.597Z,1.1006,1.1090,100,100,76.0
2026-04-21 13:54:22.207Z,1.1001,1.1103,100,100,92.3
2026-04-21 13:54:23.749Z,1.1003,1.1103,100,100,90.5
2026-04-21 13:54:24.591Z,1.1000,1.1096,100,100,86.9
2026-04-21 13:54:25.089Z,1.1005,1.1099,100,100,85.1
2026-04-21 13:54:26.355Z,1.1007,1.1093,100,100,77.8
2026-04-21 13:54:27.083Z,1.0999,1.1103,100,100,94.1
2026-04-21 13:54:28.349Z,1.1008,1.1092,100,100,76.0
2026-04-21 13:54:29.802Z,1.0999,1.1099,100,100,90.5
2026-04-21 13:54:30.050Z,1.0998,1.1098,100,100,90.5
2026-04-21 13:54:31.770Z,1.1005,1.1093,100,100,79.6
2026-04-21 13:54:32.689Z,1.1003,1.1097,100,100,85.1
2026-04-21 13:54:33.406Z,1.0991,1.1105,100,100,103.2
2026-04-21 13:54:34.085Z,1.0997,1.1105,100,100,97.7
2026-04-21 13:54:35.606Z,1.1005,1.1091,100,100,77.8
2026-04-21 13:54:36.501Z,1.1000,1.1102,100,100,92.3
2026-04-21 13:54:37.034Z,1.1007,1.1093,100,100,77.8
2026-04-21 13:54:38.453Z,1.1003,1.1101,100,100,88.7
2026-04-21 13:54:39.595Z,1.1010,1.1094,100,100,76.0
2026-04-21 13:54:40.211Z,1.1006,1.1094,100,100,79.6
2026-04-21 13:54:41.635Z,1.1004,1.1100,100,100,86.9
2026-04-21 13:54:42.474Z,1.1004,1.1090,100,100,77.8
2026-04-21 13:54:43.503Z,1.0993,1.1107,100,100,103.2
2026-04-21 13:54:44.434Z,1.1006,1.1090,100,100,76.0
2026-04-21 13:54:45.798Z,1.1002,1.1104,100,100,92.3
2026-04-21 13:54:46.390Z,1.1002,1.1102,100,100,90.5
2026-04-21 13:54:47.621Z,1.0997,1.1097,100,100,90.5
2026-04-21 13:54:48.592Z,1.0991,1.1111,100,100,108.6
2026-04-21 13:54:49.845Z,1.0999,1.1105,100,100,95.9
2026-04-21 13:54:50.271Z,1.1000,1.1098,100,100,88.7
2026-04-21 13:54:51.779Z,1.1007,1.1097,100,100,81.4
2026-04-21 13:54:52.563Z,1.0996,1.1098,100,100,92.3
2026-04-21 13:54:53.644Z,1.1001,1.1105,100,100,94.1
2026-04-21 13:54:54.588Z,1.0996,1.1110,100,100,103.1
2026-04-21 13:54:55.818Z,1.1001,1.1101,100,100,90.5
2026-04-21 13:54:56.604Z,1.1004,1.1094,100,100,81.5
2026-04-21 13:54:57.272Z,1.0994,1.1102,100,100,97.8
2026-04-21 13:54:58.171Z,1.0997,1.1101,100,100,94.1
2026-04-21 13:54:59.814Z,1.0994,1.1106,100,100,101.4
2026-04-21 13:55:00.130Z,1.1018,1.1104,100,100,77.8
2026-04-21 13:55:01.832Z,1.1013,1.1113,100,100,90.4
2026-04-21 13:55:02.781Z,1.1008,1.1116,100,100,97.6
2026-04-21 13:55:03.136Z,1.1019,1.1103,100,100,75.9
2026-04-21 13:55:04.778Z,1.1004,1.1116,100,100,101.3
2026-04-21 13:55:05.129Z,1.1006,1.1120,100,100,103.0
2026-04-21 13:55:06.819Z,1.1004,1.1118,100,100,103.1
2026-04-21 13:55:07.439Z,1.1015,1.1109,100,100,85.0
2026-04-21 13:55:08.489Z,1.1018,1.1110,100,100,83.2
2026-04-21 13:55:09.209Z,1.1002,1.1118,100,100,104.9
2026-04-21 13:55:10.393Z,1.1010,1.1108,100,100,88.6
2026-04-21 13:55:11.711Z,1.1002,1.1118,100,100,104.9
2026-04-21 13:55:12.298Z,1.1004,1.1114,100,102,99.5
2026-04-21 13:55:13.558Z,1.1018,1.1102,100,100,75.9
2026-04-21 13:55:14.286Z,1.1006,1.1112,100,100,95.8
2026-04-21 13:55:15.339Z,1.1018,1.1104,100,100,77.8
2026-04-21 13:55:16.040Z,1.1010,1.1116,100,100,95.8
2026-04-21 13:55:17.339Z,1.1022,1.1104,100,100,74.1
2026-04-21 13:55:18.889Z,1.1012,1.1112,100,100,90.4
2026-04-21 13:55:19.512Z,1.1008,1.1110,100,100,92.2
2026-04-21 13:55:20.033Z,1.1004,1.1114,100,100,99.5
2026-04-21 13:55:21.729Z,1.0996,1.1116,100,100,108.5
2026-04-21 13:55:22.709Z,1.1004,1.1104,100,100,90.5
2026-04-21 13:55:23.342Z,1.1009,1.1097,100,100,79.6
2026-04-21 13:55:24.317Z,1.0997,1.1093,100,100,86.9
2026-04-21 13:55:25.770Z,1.0990,1.1102,100,100,101.4
2026-04-21 13:55:26.749Z,1.0981,1.1097,100,100,105.1
2026-04-21 13:55:27.567Z,1.0991,1.1079,100,100,79.7
2026-04-21 13:55:28.238Z,1.0971,1.1087,100,100,105.2
2026-04-21 13:55:29.246Z,1.0984,1.1068,100,100,76.2
2026-04-21 13:55:30.006Z,1.0973,1.1067,100,100,85.3
2026-04-21 13:55:31.734Z,1.0959,1.1075,100,100,105.3
2026-04-21 13:55:32.427Z,1.0968,1.1054,100,100,78.1
2026-04-21 13:55:33.524Z,1.0954,1.1070,100,100,105.3
2026-04-21 13:55:34.613Z,1.0960,1.1052,100,100,83.6
2026-04-21 13:55:35.568Z,1.0949,1.1055,100,100,96.3
2026-04-21 13:55:36.037Z,1.0949,1.1059,100,100,100.0
2026-04-21 13:55:37.477Z,1.0954,1.1044,100,100,81.8
2026-04-21 13:55:38.796Z,1.0949,1.1049,100,100,90.9
2026-04-21 13:55:39.698Z,1.0950,1.1050,100,100,90.9
2026-04-21 13:55:40.560Z,1.0949,1.1053,100,100,94.5
2026-04-21 13:55:41.566Z,1.0946,1.1058,100,100,101.8
2026-04-21 13:55:42.653Z,1.0945,1.1055,100,100,100.0
2026-04-21 13:55:43.242Z,1.0958,1.1052,100,100,85.4
2026-04-21 13:55:44.256Z,1.0958,1.1050,100,100,83.6
2026-04-21 13:55:45.830Z,1.0962,1.1046,100,100,76.3
2026-04-21 13:55:46.269Z,1.0953,1.1057,100,100,94.5
2026-04-21 13:55:47.689Z,1.0961,1.1053,100,100,83.6
2026-04-21 13:55:48.447Z,1.0964,1.1052,100,100,79.9
2026-04-21 13:55:49.749Z,1.0954,1.1052,100,100,89.1
2026-04-21 13:55:50.802Z,1.0957,1.1055,100,100,89.0
2026-04-21 13:55:51.036Z,1.0951,1.1055,100,100,94.5
2026-04-21 13:55:52.035Z,1.0952,1.1048,100,100,87.3
2026-04-21 13:55:53.280Z,1.0956,1.1048,100,100,83.6
2026-04-21 13:55:54.850Z,1.0958,1.1046,100,100,80.0
2026-04-21 13:55:55.118Z,1.0944,1.1062,100,100,107.2
2026-04-21 13:55:56.005Z,1.0943,1.1061,100,100,107.3
2026-04-21 13:55:57.079Z,1.0940,1.1058,100,100,107.3
2026-04-21 13:55:58.432Z,1.0943,1.1059,100,100,105.4
2026-04-21 13:55:59.363Z,1.0946,1.1054,100,100,98.2
2026-04-21 13:57:00.327Z,1.1005,1.1095,100,100,81.4
2026-04-21 13:57:01.121Z,1.0999,1.1101,100,100,92.3
2026-04-21 13:57:02.569Z,1.1004,1.1094,100,100,81.5
2026-04-21 13:57:03.260Z,1.0995,1.1105,100,100,99.5
2026-04-21 13:57:04.611Z,1.0997,1.1105,100,100,97.7
2026-04-21 13:57:05.872Z,1.1008,1.1092,100,100,76.0
2026-04-21 13:57:06.549Z,1.0997,1.1107,100,100,99.5
2026-04-21 13:57:07.711Z,1.1007,1.1089,100,100,74.2
2026-04-21 13:57:08.436Z,1.0989,1.1109,100,100,108.6
2026-04-21 13:57:09.523Z,1.1002,1.1098,100,100,86.9
2026-04-21 13:57:10.871Z,1.0999,1.1095,100,100,86.9
2026-04-21 13:57:11.363Z,1.0999,1.1097,100,100,88.7
2026-04-21 13:57:12.094Z,1.1001,1.1099,100,100,88.7
2026-04-21 13:57:13.890Z,1.1006,1.1096,100,100,81.4
2026-04-21 13:57:14.234Z,1.1006,1.1098,100,100,83.2
2026-04-21 13:57:15.123Z,1.0989,1.1109,100,100,108.6
2026-04-21 13:57:16.729Z,1.0997,1.1099,100,100,92.3
2026-04-21 13:57:17.823Z,1.1002,1.1098,100,100,86.9
2026-04-21 13:57:18.536Z,1.0998,1.1100,100,100,92.3
2026-04-21 13:57:19.826Z,1.1004,1.1094,100,100,81.5
2026-04-21 13:57:20.896Z,1.0996,1.1102,100,100,95.9
2026-04-21 13:57:21.837Z,1.1002,1.1102,100,100,90.5
2026-04-21 13:57:22.550Z,1.0998,1.1102,100,100,94.1
2026-04-21 13:57:23.873Z,1.0997,1.1099,100,100,92.3
2026-04-21 13:57:24.564Z,1.1011,1.1093,100,100,74.2
2026-04-21 13:57:25.190Z,1.0999,1.1097,100,100,88.7
2026-04-21 13:57:26.746Z,1.1001,1.1093,100,100,83.3
2026-04-21 13:57:27.374Z,1.0999,1.1101,100,100,92.3
2026-04-21 13:57:28.724Z,1.1001,1.1095,100,100,85.1
2026-04-21 13:57:29.568Z,1.1003,1.1099,100,100,86.9
2026-04-21 13:57:30.817Z,1.1008,1.1096,100,100,79.6
2026-04-21 13:57:31.174Z,1.1012,1.1092,100,100,72.4
2026-04-21 13:57:32.309Z,1.1005,1.1101,100,100,86.9
2026-04-21 13:57:33.755Z,1.0993,1.1111,100,100,106.8
2026-04-21 13:57:34.644Z,1.1000,1.1100,100,100,90.5
2026-04-21 13:57:35.767Z,1.1006,1.1100,100,100,85.0
2026-04-21 13:57:36.790Z,1.1001,1.1097,100,100,86.9
2026-04-21 13:57:37.683Z,1.0995,1.1107,100,100,101.3
2026-04-21 13:57:38.186Z,1.0994,1.1106,100,100,101.4
2026-04-21 13:57:39.687Z,1.1006,1.1090,100,100,76.0
2026-04-21 13:57:40.148Z,1.1009,1.1091,100,100,74.2
2026-04-21 13:57:41.661Z,1.0992,1.1108,100,100,105.0
2026-04-21 13:57:42.411Z,1.0998,1.1102,100,100,94.1
2026-04-21 13:57:43.138Z,1.1005,1.1099,100,100,85.1
2026-04-21 13:57:44.753Z,1.1000,1.1100,100,100,90.5
2026-04-21 13:57:45.887Z,1.0995,1.1101,100,100,95.9
2026-04-21 13:57:46.590Z,1.1003,1.1097,100,100,85.1
2026-04-21 13:57:47.767Z,1.0997,1.1107,100,100,99.5
2026-04-21 13:57:48.734Z,1.1007,1.1089,100,100,74.2
2026-04-21 13:57:49.337Z,1.0997,1.1105,100,100,97.7
2026-04-21 13:57:50.778Z,1.0997,1.1097,100,100,90.5
2026-04-21 13:57:51.497Z,1.0989,1.1109,100,100,108.6
2026-04-21 13:57:52.009Z,1.1007,1.1089,100,100,74.2
2026-04-21 13:57:53.107Z,1.1000,1.1098,100,100,88.7
2026-04-21 13:57:54.898Z,1.1000,1.1102,100,100,92.3
2026-04-21 13:57:55.271Z,1.1002,1.1094,100,100,83.3
2026-04-21 13:57:56.443Z,1.1008,1.1098,100,100,81.4
2026-04-21 13:57:57.049Z,1.0994,1.1106,100,100,101.4
2026-04-21 13:57:58.452Z,1.1001,1.1101,100,100,90.5
2026-04-21 13:57:59.261Z,1.0994,1.1106,100,100,101.4
2026-04-21 13:59:00.138Z,1.1009,1.1091,100,100,74.2
2026-04-21 13:59:01.739Z,1.1001,1.1095,100,100,85.1
2026-04-21 13:59:02.447Z,1.1002,1.1094,100,100,83.3
2026-04-21 13:59:03.849Z,1.1003,1.1099,100,100,86.9
2026-04-21 13:59:04.260Z,1.1004,1.1096,100,100,83.3
2026-04-21 13:59:05.694Z,1.0995,1.1109,100,100,103.1
2026-04-21 13:59:06.705Z,1.1006,1.1094,100,100,79.6
2026-04-21 13:59:07.479Z,1.1004,1.1100,100,100,86.9
2026-04-21 13:59:08.021Z,1.0988,1.1108,100,100,108.6
2026-04-21 13:59:09.006Z,1.1001,1.1101,100,100,90.5
2026-04-21 13:59:10.697Z,1.0995,1.1109,100,100,103.1
2026-04-21 13:59:11.608Z,1.1000,1.1100,100,174,90.5
2026-04-21 13:59:12.808Z,1.0998,1.1106,100,100,97.7
2026-04-21 13:59:13.651Z,1.1001,1.1099,100,133,88.7
2026-04-21 13:59:14.463Z,1.0993,1.1113,100,100,108.6
2026-04-21 13:59:15.706Z,1.1007,1.1089,100,100,74.2
2026-04-21 13:59:16.387Z,1.1005,1.1091,100,100,77.8
2026-04-21 13:59:17.497Z,1.0999,1.1095,100,117,86.9
2026-04-21 13:59:18.684Z,1.1002,1.1096,100,100,85.1
2026-04-21 13:59:19.220Z,1.1010,1.1096,100,100,77.8
2026-04-21 13:59:20.742Z,1.1004,1.1102,100,100,88.7
2026-04-21 13:59:21.863Z,1.1007,1.1103,100,100,86.8
2026-04-21 13:59:22.223Z,1.1006,1.1108,100,100,92.2
2026-04-21 13:59:23.644Z,1.1015,1.1105,100,100,81.4
2026-04-21 13:59:24.050Z,1.1016,1.1104,100,100,79.6
2026-04-21 13:59:25.609Z,1.1008,1.1122,100,100,103.0
2026-04-21 13:59:26.384Z,1.1015,1.1115,100,100,90.4
2026-04-21 13:59:27.272Z,1.1023,1.1119,100,100,86.7
2026-04-21 13:59:28.779Z,1.1025,1.1121,100,100,86.7
2026-04-21 13:59:29.797Z,1.1029,1.1133,100,100,93.9
2026-04-21 13:59:30.229Z,1.1023,1.1137,100,100,102.9
2026-04-21 13:59:31.175Z,1.1040,1.1128,100,100,79.4
2026-04-21 13:59:32.086Z,1.1037,1.1141,100,100,93.8
2026-04-21 13:59:33.705Z,1.1037,1.1143,100,100,95.6
2026-04-21 13:59:34.331Z,1.1034,1.1152,100,100,106.4
2026-04-21 13:59:35.743Z,1.1041,1.1149,100,100,97.3
2026-04-21 13:59:36.203Z,1.1055,1.1141,100,100,77.5
2026-04-21 13:59:37.349Z,1.1054,1.1146,100,100,82.9
2026-04-21 13:59:38.642Z,1.1056,1.1144,100,100,79.3
2026-04-21 13:59:39.480Z,1.1049,1.1147,100,122,88.3
2026-04-21 13:59:40.647Z,1.1040,1.1158,129,100,106.3
2026-04-21 13:59:41.634Z,1.1056,1.1140,100,100,75.7
2026-04-21 13:59:42.783Z,1.1048,1.1146,100,100,88.3
2026-04-21 13:59:43.554Z,1.1041,1.1151,100,100,99.1
2026-04-21 13:59:44.254Z,1.1048,1.1142,100,100,84.7
2026-04-21 13:59:45.629Z,1.1037,1.1155,100,100,106.3
2026-04-21 13:59:46.347Z,1.1043,1.1151,100,100,97.3
2026-04-21 13:59:47.778Z,1.1051,1.1135,100,100,75.7
2026-04-21 13:59:48.309Z,1.1035,1.1153,100,100,106.4
2026-04-21 13:59:49.347Z,1.1042,1.1152,100,100,99.1
2026-04-21 13:59:50.714Z,1.1042,1.1152,100,100,99.1
2026-04-21 13:59:51.342Z,1.1048,1.1142,100,100,84.7
2026-04-21 13:59:52.778Z,1.1039,1.1153,100,100,102.7
2026-04-21 13:59:53.571Z,1.1049,1.1143,100,100,84.7
2026-04-21 13:59:54.413Z,1.1051,1.1143,100,100,82.9
2026-04-21 13:59:55.721Z,1.1057,1.1143,100,100,77.5
2026-04-21 13:59:56.458Z,1.1047,1.1145,100,100,88.3
2026-04-21 13:59:57.238Z,1.1048,1.1154,100,100,95.5
2026-04-21 13:59:58.323Z,1.1061,1.1143,100,100,73.9
2026-04-21 13:59:59.643Z,1.1040,1.1158,100,100,106.3
2026-04-21 14:00:00.713Z,1.1054,1.1142,100,100,79.3
2026-04-21 14:00:01.518Z,1.1054,1.1140,100,100,77.5
2026-04-21 14:00:02.402Z,1.1049,1.1149,100,100,90.1
2026-04-21 14:00:03.842Z,1.1046,1.1150,100,100,93.7
2026-04-21 14:00:04.621Z,1.1041,1.1153,100,100,100.9
2026-04-21 14:00:05.378Z,1.1055,1.1139,100,100,75.7
2026-04-21 14:00:06.174Z,1.1054,1.1142,100,100,79.3
2026-04-21 14:00:07.867Z,1.1048,1.1152,100,100,93.7
2026-04-21 14:00:08.613Z,1.1052,1.1146,100,100,84.7
2026-04-21 14:00:09.323Z,1.1047,1.1151,100,100,93.7
2026-04-21 14:00:10.609Z,1.1050,1.1146,100,100,86.5
2026-04-21 14:00:11.323Z,1.1039,1.1157,100,100,106.3
2026-04-21 14:00:12.082Z,1.1057,1.1141,100,100,75.7
2026-04-21 14:00:13.008Z,1.1050,1.1142,100,100,82.9
2026-04-21 14:00:14.733Z,1.1043,1.1159,100,100,104.5
2026-04-21 14:00:15.404Z,1.1053,1.1147,100,100,84.7
2026-04-21 14:00:16.366Z,1.1056,1.1138,100,100,73.9
2026-04-21 14:00:17.330Z,1.1050,1.1148,100,100,88.3
2026-04-21 14:00:18.123Z,1.1050,1.1142,100,100,82.9
2026-04-21 14:00:19.626Z,1.1052,1.1138,100,100,77.5
2026-04-21 14:00:20.474Z,1.1048,1.1150,100,100,91.9
2026-04-21 14:00:21.561Z,1.1044,1.1152,100,100,97.3
2026-04-21 14:00:22.319Z,1.1040,1.1160,100,100,108.1
2026-04-21 14:00:23.319Z,1.1040,1.1154,100,100,102.7
2026-04-21 14:00:24.252Z,1.1043,1.1151,100,100,97.3
2026-04-21 14:00:25.370Z,1.1045,1.1151,100,100,95.5
2026-04-21 14:00:26.536Z,1.1046,1.1150,100,100,93.7
2026-04-21 14:00:27.802Z,1.1049,1.1151,100,100,91.9
2026-04-21 14:00:28.391Z,1.1042,1.1150,100,100,97.3
2026-04-21 14:00:29.350Z,1.1057,1.1139,100,100,73.9
2026-04-21 14:00:30.441Z,1.1050,1.1142,100,100,82.9
2026-04-21 14:00:31.546Z,1.1053,1.1147,100,100,84.7
2026-04-21 14:00:32.465Z,1.1045,1.1151,100,100,95.5
2026-04-21 14:00:33.861Z,1.1054,1.1144,100,100,81.1
2026-04-21 14:00:34.212Z,1.1049,1.1153,100,100,93.7
2026-04-21 14:00:35.327Z,1.1050,1.1142,100,100,82.9
2026-04-21 14:00:36.620Z,1.1056,1.1140,100,100,75.7
2026-04-21 14:00:37.827Z,1.1051,1.1141,100,100,81.1
2026-04-21 14:00:38.720Z,1.1057,1.1139,100,100,73.9
2026-04-21 14:00:39.404Z,1.1040,1.1160,100,100,108.1
2026-04-21 14:00:40.024Z,1.1041,1.1153,100,100,100.9
2026-04-21 14:00:41.634Z,1.1043,1.1153,100,100,99.1
2026-04-21 14:00:42.595Z,1.1055,1.1143,100,100,79.3
2026-04-21 14:00:43.028Z,1.1041,1.1155,100,100,102.7
2026-04-21 14:00:44.244Z,1.1040,1.1156,100,100,104.5
2026-04-21 14:00:45.362Z,1.1046,1.1152,100,100,95.5
2026-04-21 14:00:46.664Z,1.1039,1.1157,100,100,106.3
2026-04-21 14:00:47.478Z,1.1057,1.1137,100,100,72.1
2026-04-21 14:00:48.632Z,1.1042,1.1152,100,100,99.1
2026-04-21 14:00:49.464Z,1.1043,1.1149,100,100,95.5
2026-04-21 14:00:50.651Z,1.1053,1.1145,100,100,82.9
2026-04-21 14:00:51.795Z,1.1046,1.1154,100,100,97.3
2026-04-21 14:00:52.148Z,1.1049,1.1143,100,100,84.7
2026-04-21 14:00:53.045Z,1.1048,1.1148,100,100,90.1
2026-04-21 14:00:54.574Z,1.1041,1.1149,100,100,97.3
2026-04-21 14:00:55.710Z,1.1040,1.1160,100,100,108.1
2026-04-21 14:00:56.551Z,1.1059,1.1143,100,100,75.7
2026-04-21 14:00:57.339Z,1.1037,1.1155,100,100,106.3
2026-04-21 14:00:58.426Z,1.1047,1.1151,100,100,93.7
2026-04-21 14:00:59.645Z,1.1048,1.1148,100,100,90.1
2026-04-21 14:01:00.763Z,1.1009,1.1101,100,100,83.2
2026-04-21 14:01:01.027Z,1.1008,1.1104,100,100,86.8
2026-04-21 14:01:02.487Z,1.0999,1.1113,100,100,103.1
2026-04-21 14:01:03.487Z,1.1015,1.1095,100,100,72.4
2026-04-21 14:01:04.780Z,1.1004,1.1100,100,100,86.9
2026-04-21 14:01:05.530Z,1.1007,1.1099,100,100,83.2
2026-04-21 14:01:06.806Z,1.0994,1.1114,100,100,108.6
2026-04-21 14:01:07.168Z,1.0999,1.1107,100,100,97.7
2026-04-21 14:01:08.852Z,1.0999,1.1109,100,100,99.5
2026-04-21 14:01:09.784Z,1.1004,1.1108,100,100,94.1
2026-04-21 14:01:10.114Z,1.1014,1.1096,100,100,74.2
2026-04-21 14:01:11.367Z,1.1010,1.1104,100,100,85.0
2026-04-21 14:01:12.426Z,1.1008,1.1102,100,100,85.0
2026-04-21 14:01:13.618Z,1.1009,1.1097,100,100,79.6
2026-04-21 14:01:14.714Z,1.1002,1.1108,100,100,95.9
2026-04-21 14:01:15.228Z,1.1008,1.1102,100,100,85.0
2026-04-21 14:01:16.223Z,1.0997,1.1117,100,100,108.5
2026-04-21 14:01:17.045Z,1.1007,1.1099,100,100,83.2
2026-04-21 14:01:18.382Z,1.0995,1.1111,100,100,104.9
2026-04-21 14:01:19.630Z,1.1004,1.1110,100,100,95.9
2026-04-21 14:01:20.313Z,1.1002,1.1104,100,100,92.3
2026-04-21 14:01:21.518Z,1.1014,1.1098,100,100,76.0
2026-04-21 14:01:22.670Z,1.1007,1.1103,100,100,86.8
2026-04-21 14:01:23.310Z,1.1009,1.1105,100,100,86.8
2026-04-21 14:01:24.444Z,1.0998,1.1116,100,100,106.7
2026-04-21 14:01:25.803Z,1.1010,1.1096,100,100,77.8
2026-04-21 14:01:26.459Z,1.1004,1.1106,100,100,92.3
2026-04-21 14:01:27.543Z,1.0997,1.1115,100,100,106.7
2026-04-21 14:01:28.428Z,1.0996,1.1110,100,100,103.1
2026-04-21 14:01:29.499Z,1.1003,1.1105,100,100,92.3
2026-04-21 14:01:30.505Z,1.1010,1.1094,100,100,76.0
2026-04-21 14:01:31.260Z,1.0997,1.1109,100,100,101.3
2026-04-21 14:01:32.524Z,1.1015,1.1097,100,100,74.2
2026-04-21 14:01:33.030Z,1.0996,1.1112,100,100,104.9
2026-04-21 14:01:34.262Z,1.1007,1.1105,100,100,88.6
2026-04-21 14:01:35.449Z,1.1009,1.1097,100,100,79.6
2026-04-21 14:01:36.578Z,1.1007,1.1101,100,100,85.0
2026-04-21 14:01:37.688Z,1.1008,1.1104,100,100,86.8
2026-04-21 14:01:38.524Z,1.0992,1.1114,100,100,110.4
2026-04-21 14:01:39.708Z,1.1011,1.1101,100,100,81.4
2026-04-21 14:01:40.694Z,1.1009,1.1097,100,100,79.6
2026-04-21 14:01:41.256Z,1.1015,1.1099,100,100,76.0
2026-04-21 14:01:42.873Z,1.1001,1.1105,100,100,94.1
2026-04-21 14:01:43.113Z,1.1008,1.1102,100,100,85.0
2026-04-21 14:01:44.044Z,1.1007,1.1101,100,100,85.0
2026-04-21 14:01:45.163Z,1.0994,1.1112,100,100,106.8
2026-04-21 14:01:46.883Z,1.0995,1.1109,100,100,103.1
2026-04-21 14:01:47.615Z,1.1007,1.1107,100,100,90.4
2026-04-21 14:01:48.045Z,1.1003,1.1111,100,100,97.7
2026-04-21 14:01:49.395Z,1.1011,1.1095,100,100,76.0
2026-04-21 14:01:50.264Z,1.1011,1.1099,100,100,79.6
2026-04-21 14:01:51.096Z,1.1012,1.1102,100,100,81.4
2026-04-21 14:01:52.758Z,1.1009,1.1097,100,100,79.6
2026-04-21 14:01:53.193Z,1.0997,1.1117,100,100,108.5
2026-04-21 14:01:54.753Z,1.1014,1.1098,100,100,76.0
2026-04-21 14:01:55.055Z,1.1006,1.1108,100,100,92.2
2026-04-21 14:01:56.601Z,1.0999,1.1109,100,100,99.5
2026-04-21 14:01:57.859Z,1.1001,1.1107,100,100,95.9
2026-04-21 14:01:58.669Z,1.0997,1.1111,100,100,103.1
2026-04-21 14:01:59.289Z,1.1000,1.1110,100,100,99.5
2026-04-21 14:03:00.202Z,1.1040,1.1158,100,100,106.3
2026-04-21 14:03:01.704Z,1.1041,1.1157,100,100,104.5
2026-04-21 14:03:02.414Z,1.1046,1.1154,100,100,97.3
2026-04-21 14:03:03.818Z,1.1041,1.1151,100,100,99.1
2026-04-21 14:03:04.138Z,1.1059,1.1143,100,100,75.7
2026-04-21 14:03:05.419Z,1.1047,1.1147,100,100,90.1
2026-04-21 14:03:06.081Z,1.1056,1.1140,100,100,75.7
2026-04-21 14:03:07.012Z,1.1053,1.1143,100,100,81.1
2026-04-21 14:03:08.441Z,1.1049,1.1155,100,100,95.5
2026-04-21 14:03:09.581Z,1.1040,1.1160,100,100,108.1
2026-04-21 14:03:10.617Z,1.1042,1.1152,100,100,99.1
2026-04-21 14:03:11.253Z,1.1054,1.1140,100,100,77.5
2026-04-21 14:03:12.110Z,1.1042,1.1160,100,100,106.3
2026-04-21 14:03:13.518Z,1.1041,1.1153,100,100,100.9
2026-04-21 14:03:14.191Z,1.1042,1.1160,100,100,106.3
2026-04-21 14:03:15.414Z,1.1044,1.1152,100,100,97.3
2026-04-21 14:03:16.835Z,1.1047,1.1151,100,100,93.7
2026-04-21 14:03:17.803Z,1.1050,1.1152,100,100,91.9
2026-04-21 14:03:18.683Z,1.1039,1.1157,100,100,106.3
2026-04-21 14:03:19.890Z,1.1041,1.1157,100,100,104.5
2026-04-21 14:03:20.144Z,1.1046,1.1150,100,100,93.7
2026-04-21 14:03:21.374Z,1.1045,1.1141,100,100,86.5
2026-04-21 14:03:22.059Z,1.1038,1.1152,100,100,102.7
2026-04-21 14:03:23.719Z,1.1032,1.1148,100,100,104.6
2026-04-21 14:03:24.158Z,1.1038,1.1134,100,100,86.6
2026-04-21 14:03:25.248Z,1.1038,1.1130,100,100,83.0
2026-04-21 14:03:26.697Z,1.1032,1.1130,100,100,88.4
2026-04-21 14:03:27.736Z,1.1035,1.1121,100,100,77.6
2026-04-21 14:03:28.847Z,1.1029,1.1117,100,100,79.5
2026-04-21 14:03:29.681Z,1.1031,1.1111,100,100,72.3
2026-04-21 14:03:30.175Z,1.1019,1.1119,100,100,90.3
2026-04-21 14:03:31.641Z,1.1019,1.1109,100,100,81.3
2026-04-21 14:03:32.207Z,1.0999,1.1119,100,100,108.5
2026-04-21 14:03:33.774Z,1.1008,1.1112,100,100,94.0
2026-04-21 14:03:34.285Z,1.1013,1.1101,100,100,79.6
2026-04-21 14:03:35.462Z,1.0997,1.1109,100,100,101.3
2026-04-21 14:03:36.472Z,1.0999,1.1107,100,100,97.7
2026-04-21 14:03:37.375Z,1.0991,1.1105,100,100,103.2
2026-04-21 14:03:38.849Z,1.0996,1.1102,100,100,95.9
2026-04-21 14:03:39.066Z,1.0996,1.1100,100,100,94.1
2026-04-21 14:03:40.410Z,1.1007,1.1095,100,100,79.6
2026-04-21 14:03:41.702Z,1.1002,1.1102,100,100,90.5
2026-04-21 14:03:42.849Z,1.1010,1.1096,100,100,77.8
2026-04-21 14:03:43.186Z,1.1004,1.1104,100,100,90.5
2026-04-21 14:03:44.783Z,1.1000,1.1110,100,100,99.5
2026-04-21 14:03:45.312Z,1.0997,1.1111,100,100,103.1
2026-04-21 14:03:46.208Z,1.1008,1.1108,100,100,90.4
2026-04-21 14:03:47.516Z,1.1010,1.1096,100,100,77.8
2026-04-21 14:03:48.308Z,1.1009,1.1103,100,100,85.0
2026-04-21 14:03:49.768Z,1.0999,1.1111,100,100,101.3
2026-04-21 14:03:50.729Z,1.0995,1.1113,100,100,106.7
2026-04-21 14:03:51.159Z,1.0996,1.1106,100,100,99.5
2026-04-21 14:03:52.524Z,1.1006,1.1100,100,100,85.0
2026-04-21 14:03:53.388Z,1.1002,1.1104,100,100,92.3
2026-04-21 14:03:54.041Z,1.0999,1.1099,100,100,90.5
2026-04-21 14:03:55.085Z,1.1010,1.1096,100,100,77.8
2026-04-21 14:03:56.740Z,1.1008,1.1096,100,100,79.6
2026-04-21 14:03:57.107Z,1.1005,1.1091,100,100,77.8
2026-04-21 14:03:58.206Z,1.0992,1.1108,100,100,105.0
2026-04-21 14:03:59.031Z,1.1000,1.1100,100,100,90.5
2026-04-21 14:04:00.791Z,1.1044,1.1126,100,100,74.0
2026-04-21 14:04:01.266Z,1.1041,1.1133,100,100,83.0
2026-04-21 14:04:02.396Z,1.1033,1.1137,100,100,93.8
2026-04-21 14:04:03.252Z,1.1046,1.1128,100,100,74.0
2026-04-21 14:04:04.073Z,1.1032,1.1142,100,100,99.2
2026-04-21 14:04:05.885Z,1.1043,1.1133,100,100,81.2
2026-04-21 14:04:06.029Z,1.1033,1.1135,100,100,92.0
2026-04-21 14:04:07.742Z,1.1039,1.1125,100,105,77.6
2026-04-21 14:04:08.365Z,1.1036,1.1132,116,100,86.6
2026-04-21 14:04:09.708Z,1.1037,1.1137,100,100,90.2
2026-04-21 14:04:10.792Z,1.1038,1.1130,100,100,83.0
2026-04-21 14:04:11.330Z,1.1027,1.1145,146,100,106.4
2026-04-21 14:04:12.612Z,1.1044,1.1126,100,239,74.0
2026-04-21 14:04:13.630Z,1.1028,1.1146,120,100,106.4
2026-04-21 14:04:14.172Z,1.1035,1.1137,100,100,92.0
2026-04-21 14:04:15.899Z,1.1040,1.1130,100,100,81.2
2026-04-21 14:04:16.649Z,1.1041,1.1133,149,104,83.0
2026-04-21 14:04:17.300Z,1.1035,1.1135,100,100,90.2
2026-04-21 14:04:18.097Z,1.1046,1.1128,158,124,74.0
2026-04-21 14:04:19.673Z,1.1032,1.1140,112,214,97.4
2026-04-21 14:04:20.036Z,1.1036,1.1132,100,100,86.6
2026-04-21 14:04:21.848Z,1.1034,1.1132,100,100,88.4
2026-04-21 14:04:22.685Z,1.1021,1.1141,100,101,108.3
2026-04-21 14:04:23.097Z,1.1020,1.1134,100,100,102.9
2026-04-21 14:04:24.281Z,1.1026,1.1130,100,100,93.9
2026-04-21 14:04:25.143Z,1.1022,1.1124,100,100,92.1
2026-04-21 14:04:26.232Z,1.1012,1.1130,100,100,106.6
2026-04-21 14:04:27.392Z,1.1019,1.1127,100,100,97.5
2026-04-21 14:04:28.795Z,1.1027,1.1113,100,100,77.7
2026-04-21 14:04:29.513Z,1.1007,1.1119,100,100,101.2
2026-04-21 14:04:30.878Z,1.1024,1.1106,100,100,74.1
2026-04-21 14:04:31.305Z,1.1016,1.1106,100,100,81.4
2026-04-21 14:04:32.759Z,1.1014,1.1106,100,100,83.2
2026-04-21 14:04:33.273Z,1.1010,1.1100,100,100,81.4
2026-04-21 14:04:34.248Z,1.1010,1.1098,100,100,79.6
2026-04-21 14:04:35.732Z,1.1000,1.1106,100,100,95.9
2026-04-21 14:04:36.869Z,1.0993,1.1111,100,100,106.8
2026-04-21 14:04:37.749Z,1.0997,1.1103,100,202,95.9
2026-04-21 14:04:38.151Z,1.1007,1.1089,100,141,74.2
2026-04-21 14:04:39.443Z,1.0992,1.1104,100,105,101.4
2026-04-21 14:04:40.041Z,1.1011,1.1095,102,100,76.0
2026-04-21 14:04:41.243Z,1.1010,1.1096,100,100,77.8
2026-04-21 14:04:42.808Z,1.1004,1.1104,100,100,90.5
2026-04-21 14:04:43.814Z,1.1002,1.1100,100,100,88.7
2026-04-21 14:04:44.229Z,1.0999,1.1109,100,100,99.5
2026-04-21 14:04:45.486Z,1.0996,1.1106,100,112,99.5
2026-04-21 14:04:46.414Z,1.0994,1.1112,145,100,106.8
2026-04-21 14:04:47.736Z,1.1009,1.1099,100,100,81.4
2026-04-21 14:04:48.691Z,1.1007,1.1101,100,100,85.0
2026-04-21 14:04:49.039Z,1.1007,1.1097,100,100,81.4
2026-04-21 14:04:50.204Z,1.0991,1.1111,100,100,108.6
2026-04-21 14:04:51.137Z,1.1012,1.1094,100,100,74.2
2026-04-21 14:04:52.894Z,1.0998,1.1108,100,100,99.5
2026-04-21 14:04:53.319Z,1.1010,1.1098,100,100,79.6
2026-04-21 14:04:54.849Z,1.1004,1.1096,100,121,83.3
2026-04-21 14:04:55.618Z,1.0994,1.1104,100,100,99.6
2026-04-21 14:04:56.384Z,1.1000,1.1106,100,100,95.9
2026-04-21 14:04:57.825Z,1.0993,1.1109,100,100,105.0
2026-04-21 14:04:58.897Z,1.0995,1.1101,100,104,95.9
2026-04-21 14:04:59.265Z,1.0991,1.1109,100,100,106.8
2026-04-21 14:07:00.334Z,1.1054,1.1144,100,100,81.1
2026-04-21 14:07:01.727Z,1.1052,1.1150,100,100,88.3
2026-04-21 14:07:02.657Z,1.1048,1.1148,100,100,90.1
2026-04-21 14:07:03.548Z,1.1049,1.1151,100,100,91.9
2026-04-21 14:07:04.835Z,1.1057,1.1143,100,100,77.5
2026-04-21 14:07:05.161Z,1.1053,1.1145,100,100,82.9
2026-04-21 14:07:06.779Z,1.1046,1.1156,100,100,99.1
2026-04-21 14:07:07.843Z,1.1041,1.1161,100,100,108.1
2026-04-21 14:07:08.587Z,1.1046,1.1152,100,100,95.5
2026-04-21 14:07:09.394Z,1.1048,1.1148,100,100,90.1
2026-04-21 14:07:10.032Z,1.1049,1.1145,100,100,86.5
2026-04-21 14:07:11.127Z,1.1053,1.1143,100,100,81.1
2026-04-21 14:07:12.441Z,1.1046,1.1150,100,100,93.7
2026-04-21 14:07:13.867Z,1.1056,1.1142,100,100,77.5
2026-04-21 14:07:14.319Z,1.1047,1.1155,100,100,97.3
2026-04-21 14:07:15.379Z,1.1039,1.1157,100,100,106.3
2026-04-21 14:07:16.128Z,1.1052,1.1142,100,100,81.1
2026-04-21 14:07:17.610Z,1.1057,1.1141,100,100,75.7
2026-04-21 14:07:18.770Z,1.1040,1.1156,100,100,104.5
2026-04-21 14:07:19.812Z,1.1056,1.1142,100,100,77.5
2026-04-21 14:07:20.072Z,1.1042,1.1158,100,100,104.5
2026-04-21 14:07:21.757Z,1.1050,1.1142,100,100,82.9
2026-04-21 14:07:22.184Z,1.1039,1.1155,100,100,104.5
2026-04-21 14:07:23.700Z,1.1054,1.1148,100,100,84.7
2026-04-21 14:07:24.229Z,1.1046,1.1158,100,100,100.9
2026-04-21 14:07:25.338Z,1.1036,1.1158,100,100,109.9
2026-04-21 14:07:26.347Z,1.1038,1.1156,100,100,106.3
2026-04-21 14:07:27.854Z,1.1044,1.1152,100,100,97.3
2026-04-21 14:07:28.853Z,1.1039,1.1157,100,100,106.3
2026-04-21 14:07:29.496Z,1.1060,1.1142,100,100,73.9
2026-04-21 14:07:30.372Z,1.1042,1.1158,100,100,104.5
2026-04-21 14:07:31.247Z,1.1052,1.1150,100,100,88.3
2026-04-21 14:07:32.120Z,1.1054,1.1140,100,100,77.5
2026-04-21 14:07:33.113Z,1.1041,1.1159,100,100,106.3
2026-04-21 14:07:34.579Z,1.1056,1.1144,100,100,79.3
2026-04-21 14:07:35.864Z,1.1040,1.1156,100,100,104.5
2026-04-21 14:07:36.044Z,1.1057,1.1145,100,100,79.3
2026-04-21 14:07:37.057Z,1.1042,1.1154,100,100,100.9
2026-04-21 14:07:38.244Z,1.1043,1.1151,100,100,97.3
2026-04-21 14:07:39.815Z,1.1046,1.1152,100,100,95.5
2026-04-21 14:07:40.512Z,1.1047,1.1157,100,100,99.1
2026-04-21 14:07:41.460Z,1.1047,1.1145,100,100,88.3
2026-04-21 14:07:42.537Z,1.1049,1.1147,100,100,88.3
2026-04-21 14:07:43.547Z,1.1045,1.1157,100,100,100.9
2026-04-21 14:07:44.471Z,1.1048,1.1152,100,100,93.7
2026-04-21 14:07:45.263Z,1.1048,1.1154,100,100,95.5
2026-04-21 14:07:46.305Z,1.1053,1.1149,100,100,86.5
2026-04-21 14:07:47.140Z,1.1038,1.1158,100,100,108.1
2026-04-21 14:07:48.364Z,1.1056,1.1148,100,100,82.9
2026-04-21 14:07:49.002Z,1.1052,1.1142,100,100,81.1
2026-04-21 14:07:50.442Z,1.1058,1.1140,100,100,73.9
2026-04-21 14:07:51.331Z,1.1055,1.1141,100,100,77.5
2026-04-21 14:07:52.121Z,1.1055,1.1145,100,100,81.1
2026-04-21 14:07:53.091Z,1.1058,1.1140,100,100,73.9
2026-04-21 14:07:54.540Z,1.1050,1.1152,100,100,91.9
2026-04-21 14:07:55.242Z,1.1050,1.1144,100,100,84.7
2026-04-21 14:07:56.561Z,1.1039,1.1157,100,100,106.3
2026-04-21 14:07:57.254Z,1.1047,1.1147,100,100,90.1
2026-04-21 14:07:58.178Z,1.1046,1.1154,100,100,97.3
2026-04-21 14:07:59.536Z,1.1046,1.1152,100,100,95.5
2026-04-21 14:08:00.852Z,1.1002,1.1098,683,1052,86.9
2026-04-21 14:08:01.627Z,1.0997,1.1109,1240,518,101.3
2026-04-21 14:08:02.662Z,1.0993,1.1101,753,1098,97.8
2026-04-21 14:08:03.471Z,1.1004,1.1098,1482,925,85.1
2026-04-21 14:08:04.560Z,1.1006,1.1096,1187,1041,81.4
2026-04-21 14:08:05.320Z,1.0994,1.1110,557,452,105.0
2026-04-21 14:08:06.850Z,1.1005,1.1095,643,834,81.4
2026-04-21 14:08:07.200Z,1.1003,1.1101,1640,708,88.7
2026-04-21 14:08:08.050Z,1.1001,1.1105,740,906,94.1
2026-04-21 14:08:09.784Z,1.0989,1.1107,377,756,106.8
2026-04-21 14:08:10.555Z,1.0990,1.1108,1257,769,106.8
2026-04-21 14:08:11.340Z,1.0998,1.1106,1116,1055,97.7
2026-04-21 14:08:12.093Z,1.0994,1.1108,627,1015,103.2
2026-04-21 14:08:13.444Z,1.0995,1.1107,1752,2319,101.3
2026-04-21 14:08:14.328Z,1.0994,1.1108,986,1096,103.2
2026-04-21 14:08:15.784Z,1.0998,1.1100,308,369,92.3
2026-04-21 14:08:16.304Z,1.1007,1.1093,1155,1191,77.8
2026-04-21 14:08:17.501Z,1.0998,1.1104,691,627,95.9
2026-04-21 14:08:18.523Z,1.1004,1.1094,627,1537,81.5
2026-04-21 14:08:19.238Z,1.1000,1.1100,1383,824,90.5
2026-04-21 14:08:20.410Z,1.1009,1.1101,437,332,83.2
2026-04-21 14:08:21.870Z,1.1010,1.1122,815,465,101.2
2026-04-21 14:08:22.632Z,1.1013,1.1131,388,359,106.6
2026-04-21 14:08:23.512Z,1.1031,1.1133,289,293,92.0
2026-04-21 14:08:24.313Z,1.1048,1.1144,384,343,86.5
2026-04-21 14:08:25.130Z,1.1057,1.1157,849,274,90.0
2026-04-21 14:08:26.054Z,1.1070,1.1166,626,285,86.3
2026-04-21 14:08:27.155Z,1.1086,1.1186,470,166,89.8
2026-04-21 14:08:28.352Z,1.1087,1.1213,806,361,113.0
2026-04-21 14:08:29.328Z,1.1111,1.1223,526,198,100.3
2026-04-21 14:08:30.150Z,1.1124,1.1230,797,427,94.8
2026-04-21 14:08:31.332Z,1.1139,1.1245,1051,689,94.7
2026-04-21 14:08:32.311Z,1.1152,1.1258,620,562,94.6
2026-04-21 14:08:33.436Z,1.1160,1.1276,873,349,103.4
2026-04-21 14:08:34.846Z,1.1177,1.1275,394,293,87.3
2026-04-21 14:08:35.315Z,1.1177,1.1293,607,345,103.2
2026-04-21 14:08:36.457Z,1.1200,1.1290,979,566,80.0
2026-04-21 14:08:37.119Z,1.1195,1.1297,3076,1804,90.7
2026-04-21 14:08:38.390Z,1.1199,1.1297,2067,974,87.1
2026-04-21 14:08:39.515Z,1.1191,1.1307,2200,786,103.1
2026-04-21 14:08:40.261Z,1.1194,1.1306,1409,1051,99.6
2026-04-21 14:08:41.709Z,1.1204,1.1288,443,743,74.7
2026-04-21 14:08:42.164Z,1.1191,1.1289,278,564,87.2
2026-04-21 14:08:43.059Z,1.1189,1.1285,247,858,85.4
2026-04-21 14:08:44.721Z,1.1181,1.1295,752,369,101.4
2026-04-21 14:08:45.665Z,1.1187,1.1285,559,1242,87.2
2026-04-21 14:08:46.293Z,1.1182,1.1288,475,1313,94.3
2026-04-21 14:08:47.197Z,1.1187,1.1281,416,1008,83.7
2026-04-21 14:08:48.703Z,1.1179,1.1287,318,918,96.1
2026-04-21 14:08:49.223Z,1.1180,1.1286,574,558,94.4
2026-04-21 14:08:50.647Z,1.1194,1.1280,1396,696,76.5
2026-04-21 14:08:51.310Z,1.1183,1.1297,939,423,101.4
2026-04-21 14:08:52.813Z,1.1196,1.1282,443,530,76.5
2026-04-21 14:08:53.290Z,1.1196,1.1288,654,535,81.8
2026-04-21 14:08:54.035Z,1.1199,1.1293,400,307,83.6
2026-04-21 14:08:55.296Z,1.1202,1.1294,931,499,81.8
2026-04-21 14:08:56.445Z,1.1206,1.1294,839,538,78.2
2026-04-21 14:08:57.544Z,1.1196,1.1302,413,1399,94.2
2026-04-21 14:08:58.467Z,1.1202,1.1292,842,1104,80.0
2026-04-21 14:08:59.711Z,1.1199,1.1301,783,268,90.7
2026-04-21 14:09:00.232Z,1.1198,1.1302,100,100,92.4
2026-04-21 14:09:01.477Z,1.1196,1.1302,100,100,94.2
2026-04-21 14:09:02.357Z,1.1192,1.1306,100,100,101.3
2026-04-21 14:09:03.688Z,1.1210,1.1296,100,100,76.4
2026-04-21 14:09:04.699Z,1.1185,1.1309,100,100,110.3
2026-04-21 14:09:05.623Z,1.1206,1.1298,100,100,81.8
2026-04-21 14:09:06.617Z,1.1188,1.1308,100,100,106.7
2026-04-21 14:09:07.412Z,1.1203,1.1299,100,100,85.3
2026-04-21 14:09:08.170Z,1.1198,1.1300,100,100,90.7
2026-04-21 14:09:09.773Z,1.1197,1.1299,100,106,90.7
2026-04-21 14:09:10.304Z,1.1193,1.1311,100,100,104.9
2026-04-21 14:09:11.821Z,1.1202,1.1294,131,287,81.8
2026-04-21 14:09:12.756Z,1.1207,1.1297,129,100,80.0
2026-04-21 14:09:13.725Z,1.1204,1.1302,100,100,87.1
2026-04-21 14:09:14.776Z,1.1209,1.1295,100,100,76.4
2026-04-21 14:09:15.507Z,1.1198,1.1300,100,100,90.7
2026-04-21 14:09:16.874Z,1.1196,1.1302,100,108,94.2
2026-04-21 14:09:17.339Z,1.1192,1.1310,100,100,104.9
2026-04-21 14:09:18.779Z,1.1207,1.1291,100,100,74.7
2026-04-21 14:09:19.502Z,1.1195,1.1303,104,100,96.0
2026-04-21 14:09:20.538Z,1.1201,1.1297,100,100,85.3
2026-04-21 14:09:21.186Z,1.1207,1.1295,100,100,78.2
2026-04-21 14:09:22.850Z,1.1204,1.1298,100,100,83.5
2026-04-21 14:09:23.675Z,1.1204,1.1294,100,100,80.0
2026-04-21 14:09:24.367Z,1.1199,1.1295,100,100,85.4
2026-04-21 14:09:25.674Z,1.1196,1.1306,100,100,97.8
2026-04-21 14:09:26.008Z,1.1194,1.1304,100,100,97.8
2026-04-21 14:09:27.245Z,1.1198,1.1302,100,100,92.4
2026-04-21 14:09:28.272Z,1.1191,1.1311,100,100,106.7
2026-04-21 14:09:29.546Z,1.1205,1.1297,100,100,81.8
2026-04-21 14:09:30.201Z,1.1211,1.1293,100,100,72.9
2026-04-21 14:09:31.154Z,1.1212,1.1294,100,100,72.9
2026-04-21 14:09:32.276Z,1.1198,1.1302,100,100,92.4
2026-04-21 14:09:33.089Z,1.1195,1.1305,100,100,97.8
2026-04-21 14:09:34.867Z,1.1190,1.1304,100,100,101.4
2026-04-21 14:09:35.662Z,1.1202,1.1300,100,100,87.1
2026-04-21 14:09:36.007Z,1.1209,1.1293,100,100,74.7
2026-04-21 14:09:37.172Z,1.1202,1.1298,112,120,85.3
2026-04-21 14:09:38.681Z,1.1189,1.1309,100,111,106.7
2026-04-21 14:09:39.130Z,1.1201,1.1303,141,125,90.7
2026-04-21 14:09:40.160Z,1.1201,1.1303,100,111,90.7
2026-04-21 14:09:41.423Z,1.1202,1.1298,100,100,85.3
2026-04-21 14:09:42.159Z,1.1199,1.1301,100,100,90.7
2026-04-21 14:09:43.118Z,1.1198,1.1296,100,100,87.1
2026-04-21 14:09:44.744Z,1.1194,1.1312,100,100,104.9
2026-04-21 14:09:45.888Z,1.1205,1.1291,100,100,76.5
2026-04-21 14:09:46.231Z,1.1202,1.1300,100,100,87.1
2026-04-21 14:09:47.370Z,1.1199,1.1303,100,100,92.4
2026-04-21 14:09:48.734Z,1.1202,1.1294,100,100,81.8
2026-04-21 14:09:49.088Z,1.1197,1.1307,100,100,97.8
2026-04-21 14:09:50.166Z,1.1189,1.1309,100,100,106.7
2026-04-21 14:09:51.668Z,1.1208,1.1294,100,100,76.4
2026-04-21 14:09:52.626Z,1.1198,1.1300,100,100,90.7
2026-04-21 14:09:53.836Z,1.1193,1.1309,100,100,103.1
2026-04-21 14:09:54.546Z,1.1186,1.1308,100,100,108.5
2026-04-21 14:09:55.324Z,1.1208,1.1288,100,100,71.1
2026-04-21 14:09:56.589Z,1.1199,1.1301,100,100,90.7
2026-04-21 14:09:57.636Z,1.1199,1.1297,100,100,87.1
2026-04-21 14:09:58.377Z,1.1196,1.1300,100,100,92.5
2026-04-21 14:09:59.863Z,1.1202,1.1298,100,100,85.3
2026-04-21 14:11:00.307Z,1.1156,1.1246,100,100,80.3
2026-04-21 14:11:01.828Z,1.1143,1.1257,100,100,101.8
2026-04-21 14:11:02.127Z,1.1149,1.1259,100,100,98.2
2026-04-21 14:11:03.412Z,1.1144,1.1262,100,100,105.3
2026-04-21 14:11:04.712Z,1.1161,1.1243,100,100,73.2
2026-04-21 14:11:05.715Z,1.1152,1.1254,100,100,91.0
2026-04-21 14:11:06.468Z,1.1138,1.1260,100,100,108.9
2026-04-21 14:11:07.503Z,1.1152,1.1250,100,100,87.5
2026-04-21 14:11:08.461Z,1.1146,1.1252,100,100,94.7
2026-04-21 14:11:09.714Z,1.1154,1.1244,100,100,80.4
2026-04-21 14:11:10.327Z,1.1148,1.1252,100,100,92.9
2026-04-21 14:11:11.854Z,1.1161,1.1243,100,100,73.2
2026-04-21 14:11:12.213Z,1.1142,1.1260,100,121,105.3
2026-04-21 14:11:13.543Z,1.1140,1.1256,100,100,103.6
2026-04-21 14:11:14.386Z,1.1159,1.1241,100,100,73.2
2026-04-21 14:11:15.437Z,1.1145,1.1257,100,100,100.0
2026-04-21 14:11:16.607Z,1.1146,1.1256,100,100,98.2
2026-04-21 14:11:17.361Z,1.1159,1.1243,100,100,75.0
2026-04-21 14:11:18.570Z,1.1151,1.1249,100,100,87.5
2026-04-21 14:11:19.010Z,1.1149,1.1251,100,100,91.1
2026-04-21 14:11:20.176Z,1.1149,1.1257,100,100,96.4
2026-04-21 14:11:21.245Z,1.1152,1.1252,100,100,89.3
2026-04-21 14:11:22.679Z,1.1158,1.1242,100,100,75.0
2026-04-21 14:11:23.613Z,1.1146,1.1252,100,100,94.7
2026-04-21 14:11:24.351Z,1.1148,1.1254,100,100,94.6
2026-04-21 14:11:25.611Z,1.1152,1.1244,100,100,82.2
2026-04-21 14:11:26.431Z,1.1155,1.1247,100,100,82.1
2026-04-21 14:11:27.028Z,1.1153,1.1253,100,100,89.3
2026-04-21 14:11:28.800Z,1.1147,1.1249,100,100,91.1
2026-04-21 14:11:29.297Z,1.1154,1.1250,100,100,85.7
2026-04-21 14:11:30.765Z,1.1151,1.1247,100,100,85.7
2026-04-21 14:11:31.335Z,1.1158,1.1244,100,100,76.8
2026-04-21 14:11:32.684Z,1.1154,1.1242,100,100,78.6
2026-04-21 14:11:33.880Z,1.1143,1.1261,100,100,105.3
2026-04-21 14:11:34.551Z,1.1146,1.1254,100,100,96.4
2026-04-21 14:11:35.724Z,1.1161,1.1245,100,100,75.0
2026-04-21 14:11:36.556Z,1.1153,1.1251,100,100,87.5
2026-04-21 14:11:37.339Z,1.1147,1.1257,100,100,98.2
2026-04-21 14:11:38.473Z,1.1152,1.1248,100,100,85.7
2026-04-21 14:11:39.797Z,1.1149,1.1245,100,100,85.7
2026-04-21 14:11:40.185Z,1.1156,1.1246,107,100,80.3
2026-04-21 14:11:41.413Z,1.1148,1.1248,100,100,89.3
2026-04-21 14:11:42.176Z,1.1147,1.1255,100,100,96.4
2026-04-21 14:11:43.094Z,1.1144,1.1256,100,100,100.0
2026-04-21 14:11:44.007Z,1.1156,1.1242,100,100,76.8
2026-04-21 14:11:45.132Z,1.1146,1.1252,100,100,94.7
2026-04-21 14:11:46.896Z,1.1156,1.1242,100,100,76.8
2026-04-21 14:11:47.846Z,1.1157,1.1247,100,100,80.3
2026-04-21 14:11:48.052Z,1.1150,1.1250,100,100,89.3
2026-04-21 14:11:49.001Z,1.1151,1.1243,100,100,82.2
2026-04-21 14:11:50.498Z,1.1151,1.1247,100,100,85.7
2026-04-21 14:11:51.162Z,1.1153,1.1251,100,100,87.5
2026-04-21 14:11:52.898Z,1.1147,1.1255,100,100,96.4
2026-04-21 14:11:53.309Z,1.1145,1.1259,100,100,101.8
2026-04-21 14:11:54.166Z,1.1148,1.1252,100,100,92.9
2026-04-21 14:11:55.498Z,1.1155,1.1245,100,100,80.4
2026-04-21 14:11:56.265Z,1.1160,1.1242,100,100,73.2
2026-04-21 14:11:57.728Z,1.1162,1.1242,100,100,71.4
2026-04-21 14:11:58.194Z,1.1155,1.1243,100,100,78.6
2026-04-21 14:11:59.600Z,1.1158,1.1242,100,100,75.0
2026-04-21 14:12:00.015Z,1.1042,1.1158,100,100,104.5
2026-04-21 14:12:01.534Z,1.1056,1.1142,100,100,77.5
2026-04-21 14:12:02.504Z,1.1042,1.1162,100,100,108.1
2026-04-21 14:12:03.052Z,1.1055,1.1139,100,100,75.7
2026-04-21 14:12:04.766Z,1.1054,1.1144,100,100,81.1
2026-04-21 14:12:05.577Z,1.1048,1.1150,100,100,91.9
2026-04-21 14:12:06.705Z,1.1046,1.1154,100,100,97.3
2026-04-21 14:12:07.165Z,1.1050,1.1154,100,100,93.7
2026-04-21 14:12:08.863Z,1.1043,1.1159,100,100,104.5
2026-04-21 14:12:09.032Z,1.1047,1.1149,100,100,91.9
2026-04-21 14:12:10.371Z,1.1058,1.1144,100,100,77.5
2026-04-21 14:12:11.426Z,1.1040,1.1158,100,100,106.3
2026-04-21 14:12:12.352Z,1.1058,1.1140,100,100,73.9
2026-04-21 14:12:13.773Z,1.1055,1.1141,100,100,77.5
2026-04-21 14:12:14.467Z,1.1049,1.1155,100,100,95.5
2026-04-21 14:12:15.274Z,1.1048,1.1156,100,100,97.3
2026-04-21 14:12:16.731Z,1.1051,1.1149,100,100,88.3
2026-04-21 14:12:17.465Z,1.1050,1.1154,100,100,93.7
2026-04-21 14:12:18.859Z,1.1043,1.1157,100,100,102.7
2026-04-21 14:12:19.694Z,1.1056,1.1150,100,100,84.7
2026-04-21 14:12:20.774Z,1.1057,1.1143,100,100,77.5
2026-04-21 14:12:21.333Z,1.1061,1.1147,100,100,77.4
2026-04-21 14:12:22.636Z,1.1063,1.1151,100,100,79.2
2026-04-21 14:12:23.146Z,1.1051,1.1163,100,100,100.8
2026-04-21 14:12:24.540Z,1.1070,1.1154,100,100,75.6
2026-04-21 14:12:25.483Z,1.1060,1.1172,100,100,100.8
2026-04-21 14:12:26.227Z,1.1064,1.1180,100,100,104.3
2026-04-21 14:12:27.685Z,1.1080,1.1162,100,100,73.7
2026-04-21 14:12:28.332Z,1.1072,1.1188,100,100,104.2
2026-04-21 14:12:29.532Z,1.1074,1.1194,100,100,107.8
2026-04-21 14:12:30.089Z,1.1078,1.1196,100,100,106.0
2026-04-21 14:12:31.731Z,1.1088,1.1190,100,100,91.6
2026-04-21 14:12:32.494Z,1.1088,1.1202,100,100,102.3
2026-04-21 14:12:33.227Z,1.1105,1.1193,100,100,78.9
2026-04-21 14:12:34.669Z,1.1099,1.1193,100,100,84.3
2026-04-21 14:12:35.554Z,1.1103,1.1197,100,100,84.3
2026-04-21 14:12:36.215Z,1.1099,1.1203,100,100,93.3
2026-04-21 14:12:37.863Z,1.1102,1.1208,100,100,95.0
2026-04-21 14:12:38.473Z,1.1110,1.1200,100,100,80.7
2026-04-21 14:12:39.701Z,1.1115,1.1199,100,100,75.3
2026-04-21 14:12:40.307Z,1.1101,1.1213,100,100,100.4
2026-04-21 14:12:41.321Z,1.1105,1.1207,100,100,91.4
2026-04-21 14:12:42.066Z,1.1098,1.1206,100,100,96.8
2026-04-21 14:12:43.678Z,1.1105,1.1197,100,100,82.5
2026-04-21 14:12:44.019Z,1.1091,1.1209,100,100,105.8
2026-04-21 14:12:45.045Z,1.1106,1.1198,100,100,82.5
2026-04-21 14:12:46.486Z,1.1097,1.1207,100,100,98.6
2026-04-21 14:12:47.879Z,1.1106,1.1194,100,100,78.9
2026-04-21 14:12:48.671Z,1.1107,1.1189,100,100,73.6
2026-04-21 14:12:49.105Z,1.1103,1.1193,100,100,80.7
2026-04-21 14:12:50.061Z,1.1094,1.1212,100,100,105.8
2026-04-21 14:12:51.071Z,1.1089,1.1211,100,100,109.4
2026-04-21 14:12:52.760Z,1.1094,1.1210,100,100,104.0
2026-04-21 14:12:53.730Z,1.1112,1.1194,100,100,73.5
2026-04-21 14:12:54.410Z,1.1098,1.1206,100,100,96.8
2026-04-21 14:12:55.590Z,1.1110,1.1194,100,100,75.3
2026-04-21 14:12:56.172Z,1.1094,1.1214,100,100,107.6
2026-04-21 14:12:57.140Z,1.1097,1.1213,100,100,104.0
2026-04-21 14:12:58.848Z,1.1099,1.1207,100,100,96.8
2026-04-21 14:12:59.367Z,1.1113,1.1197,100,100,75.3
2026-04-21 14:13:00.459Z,1.1042,1.1160,100,100,106.3
2026-04-21 14:13:01.354Z,1.1052,1.1148,100,100,86.5
2026-04-21 14:13:02.757Z,1.1044,1.1156,100,100,100.9
2026-04-21 14:13:03.134Z,1.1057,1.1147,100,100,81.1
2026-04-21 14:13:04.783Z,1.1053,1.1153,100,100,90.1
2026-04-21 14:13:05.702Z,1.1056,1.1142,100,100,77.5
2026-04-21 14:13:06.150Z,1.1041,1.1157,100,100,104.5
2026-04-21 14:13:07.707Z,1.1055,1.1147,100,100,82.9
2026-04-21 14:13:08.480Z,1.1050,1.1156,100,100,95.5
2026-04-21 14:13:09.411Z,1.1055,1.1149,100,100,84.7
2026-04-21 14:13:10.002Z,1.1047,1.1159,100,100,100.9
2026-04-21 14:13:11.048Z,1.1062,1.1142,100,162,72.1
2026-04-21 14:13:12.386Z,1.1039,1.1159,100,100,108.1
2026-04-21 14:13:13.139Z,1.1043,1.1159,100,100,104.5
2026-04-21 14:13:14.622Z,1.1056,1.1144,100,100,79.3
2026-04-21 14:13:15.187Z,1.1040,1.1156,100,100,104.5
2026-04-21 14:13:16.035Z,1.1044,1.1160,100,100,104.5
2026-04-21 14:13:17.325Z,1.1047,1.1155,100,100,97.3
2026-04-21 14:13:18.175Z,1.1047,1.1153,100,100,95.5
2026-04-21 14:13:19.155Z,1.1045,1.1151,100,100,95.5
2026-04-21 14:13:20.154Z,1.1049,1.1159,100,100,99.1
2026-04-21 14:13:21.038Z,1.1047,1.1151,100,100,93.7
2026-04-21 14:13:22.149Z,1.1039,1.1157,100,100,106.3
2026-04-21 14:13:23.586Z,1.1045,1.1159,100,100,102.7
2026-04-21 14:13:24.721Z,1.1040,1.1156,100,100,104.5
2026-04-21 14:13:25.219Z,1.1055,1.1141,100,100,77.5
2026-04-21 14:13:26.088Z,1.1044,1.1152,100,100,97.3
2026-04-21 14:13:27.865Z,1.1054,1.1152,100,100,88.3
2026-04-21 14:13:28.794Z,1.1060,1.1142,100,100,73.9
2026-04-21 14:13:29.086Z,1.1042,1.1154,100,100,100.9
2026-04-21 14:13:30.385Z,1.1051,1.1151,100,100,90.1
2026-04-21 14:13:31.771Z,1.1051,1.1155,100,100,93.7
2026-04-21 14:13:32.311Z,1.1043,1.1155,100,100,100.9
2026-04-21 14:13:33.509Z,1.1050,1.1156,100,100,95.5
2026-04-21 14:13:34.131Z,1.1049,1.1155,100,100,95.5
2026-04-21 14:13:35.577Z,1.1050,1.1146,100,100,86.5
2026-04-21 14:13:36.442Z,1.1042,1.1154,100,100,100.9
2026-04-21 14:13:37.349Z,1.1054,1.1142,103,100,79.3
2026-04-21 14:13:38.055Z,1.1053,1.1149,100,100,86.5
2026-04-21 14:13:39.006Z,1.1050,1.1150,100,100,90.1
2026-04-21 14:13:40.134Z,1.1042,1.1162,100,100,108.1
2026-04-21 14:13:41.523Z,1.1052,1.1144,100,100,82.9
2026-04-21 14:13:42.098Z,1.1058,1.1144,100,100,77.5
2026-04-21 14:13:43.644Z,1.1042,1.1162,100,100,108.1
2026-04-21 14:13:44.807Z,1.1040,1.1154,100,100,102.7
2026-04-21 14:13:45.503Z,1.1061,1.1143,100,100,73.9
2026-04-21 14:13:46.204Z,1.1044,1.1162,100,100,106.3
2026-04-21 14:13:47.215Z,1.1041,1.1157,100,100,104.5
2026-04-21 14:13:48.664Z,1.1044,1.1158,100,100,102.7
2026-04-21 14:13:49.400Z,1.1047,1.1149,100,100,91.9
2026-04-21 14:13:50.043Z,1.1043,1.1163,100,100,108.1
2026-04-21 14:13:51.251Z,1.1059,1.1145,100,100,77.5
2026-04-21 14:13:52.608Z,1.1057,1.1145,100,100,79.3
2026-04-21 14:13:53.101Z,1.1045,1.1153,100,100,97.3
2026-04-21 14:13:54.253Z,1.1049,1.1147,100,100,88.3
2026-04-21 14:13:55.659Z,1.1057,1.1141,100,100,75.7
2026-04-21 14:13:56.500Z,1.1045,1.1155,100,100,99.1
2026-04-21 14:13:57.591Z,1.1049,1.1149,100,100,90.1
2026-04-21 14:13:58.034Z,1.1051,1.1151,100,100,90.1
2026-04-21 14:13:59.397Z,1.1055,1.1145,100,100,81.1
2026-04-21 14:16:00.282Z,1.1109,1.1191,100,100,73.5
2026-04-21 14:16:01.685Z,1.1093,1.1207,100,100,102.2
2026-04-21 14:16:02.653Z,1.1105,1.1193,100,100,78.9
2026-04-21 14:16:03.444Z,1.1096,1.1198,100,100,91.5
2026-04-21 14:16:04.580Z,1.1091,1.1211,100,100,107.6
2026-04-21 14:16:05.542Z,1.1107,1.1195,100,100,78.9
2026-04-21 14:16:06.527Z,1.1096,1.1208,100,100,100.4
2026-04-21 14:16:07.132Z,1.1100,1.1202,100,100,91.5
2026-04-21 14:16:08.764Z,1.1090,1.1208,100,100,105.8
2026-04-21 14:16:09.693Z,1.1097,1.1201,100,100,93.3
2026-04-21 14:16:10.798Z,1.1101,1.1199,100,100,87.9
2026-04-21 14:16:11.269Z,1.1106,1.1196,100,100,80.7
2026-04-21 14:16:12.420Z,1.1102,1.1196,100,100,84.3
2026-04-21 14:16:13.521Z,1.1104,1.1196,100,100,82.5
2026-04-21 14:16:14.382Z,1.1090,1.1208,100,100,105.8
2026-04-21 14:16:15.413Z,1.1098,1.1206,100,100,96.8
2026-04-21 14:16:16.407Z,1.1090,1.1206,100,100,104.1
2026-04-21 14:16:17.346Z,1.1096,1.1200,100,100,93.3
2026-04-21 14:16:18.594Z,1.1097,1.1203,100,100,95.1
2026-04-21 14:16:19.727Z,1.1100,1.1200,100,100,89.7
2026-04-21 14:16:20.662Z,1.1091,1.1209,100,100,105.8
2026-04-21 14:16:21.199Z,1.1092,1.1206,100,100,102.3
2026-04-21 14:16:22.039Z,1.1100,1.1198,100,100,87.9
2026-04-21 14:16:23.342Z,1.1108,1.1196,100,100,78.9
2026-04-21 14:16:24.339Z,1.1094,1.1208,100,100,102.2
2026-04-21 14:16:25.860Z,1.1102,1.1194,100,100,82.5
2026-04-21 14:16:26.540Z,1.1107,1.1199,100,100,82.5
2026-04-21 14:16:27.412Z,1.1095,1.1203,100,100,96.9
2026-04-21 14:16:28.479Z,1.1101,1.1199,100,100,87.9
2026-04-21 14:16:29.819Z,1.1108,1.1192,100,100,75.3
2026-04-21 14:16:30.676Z,1.1102,1.1196,100,100,84.3
2026-04-21 14:16:31.199Z,1.1107,1.1191,100,100,75.3
2026-04-21 14:16:32.519Z,1.1107,1.1193,100,100,77.1
2026-04-21 14:16:33.619Z,1.1093,1.1203,100,100,98.7
2026-04-21 14:16:34.833Z,1.1108,1.1196,100,100,78.9
2026-04-21 14:16:35.224Z,1.1110,1.1196,100,100,77.1
2026-04-21 14:16:36.672Z,1.1095,1.1203,100,100,96.9
2026-04-21 14:16:37.573Z,1.1101,1.1197,100,100,86.1
2026-04-21 14:16:38.883Z,1.1111,1.1193,100,100,73.5
2026-04-21 14:16:39.686Z,1.1111,1.1195,100,100,75.3
2026-04-21 14:16:40.697Z,1.1103,1.1193,100,100,80.7
2026-04-21 14:16:41.332Z,1.1098,1.1200,100,100,91.5
2026-04-21 14:16:42.167Z,1.1098,1.1198,100,100,89.7
2026-04-21 14:16:43.644Z,1.1099,1.1207,100,100,96.8
2026-04-21 14:16:44.356Z,1.1091,1.1205,100,100,102.3
2026-04-21 14:16:45.578Z,1.1104,1.1200,100,100,86.1
2026-04-21 14:16:46.826Z,1.1106,1.1200,100,100,84.3
2026-04-21 14:16:47.020Z,1.1111,1.1193,100,100,73.5
2026-04-21 14:16:48.361Z,1.1111,1.1195,100,100,75.3
2026-04-21 14:16:49.320Z,1.1095,1.1207,100,100,100.4
2026-04-21 14:16:50.232Z,1.1109,1.1195,100,100,77.1
2026-04-21 14:16:51.706Z,1.1096,1.1210,100,100,102.2
2026-04-21 14:16:52.418Z,1.1107,1.1191,100,100,75.3
2026-04-21 14:16:53.095Z,1.1104,1.1196,100,100,82.5
2026-04-21 14:16:54.586Z,1.1110,1.1194,100,100,75.3
2026-04-21 14:16:55.683Z,1.1093,1.1209,100,100,104.0
2026-04-21 14:16:56.433Z,1.1098,1.1202,100,100,93.3
2026-04-21 14:16:57.516Z,1.1094,1.1210,100,100,104.0
2026-04-21 14:16:58.393Z,1.1102,1.1202,100,100,89.7
2026-04-21 14:16:59.868Z,1.1096,1.1204,100,100,96.9
2026-04-21 14:17:00.820Z,1.1101,1.1199,100,100,87.9
2026-04-21 14:17:01.758Z,1.1105,1.1199,100,100,84.3
2026-04-21 14:17:02.447Z,1.1088,1.1206,100,100,105.9
2026-04-21 14:17:03.500Z,1.1101,1.1197,100,100,86.1
2026-04-21 14:17:04.608Z,1.1091,1.1209,100,100,105.8
2026-04-21 14:17:05.471Z,1.1110,1.1194,100,100,75.3
2026-04-21 14:17:06.357Z,1.1096,1.1200,100,100,93.3
2026-04-21 14:17:07.585Z,1.1090,1.1206,100,100,104.1
2026-04-21 14:17:08.322Z,1.1108,1.1198,100,100,80.7
2026-04-21 14:17:09.790Z,1.1093,1.1203,100,100,98.7
2026-04-21 14:17:10.621Z,1.1109,1.1195,100,100,77.1
2026-04-21 14:17:11.177Z,1.1091,1.1205,100,100,102.3
2026-04-21 14:17:12.675Z,1.1102,1.1196,100,100,84.3
2026-04-21 14:17:13.371Z,1.1090,1.1208,100,100,105.8
2026-04-21 14:17:14.316Z,1.1100,1.1196,100,100,86.1
2026-04-21 14:17:15.281Z,1.1101,1.1203,100,100,91.5
2026-04-21 14:17:16.096Z,1.1095,1.1205,100,100,98.7
2026-04-21 14:17:17.567Z,1.1098,1.1206,100,100,96.8
2026-04-21 14:17:18.764Z,1.1099,1.1199,100,100,89.7
2026-04-21 14:17:19.266Z,1.1090,1.1210,100,100,107.6
2026-04-21 14:17:20.367Z,1.1109,1.1191,100,100,73.5
2026-04-21 14:17:21.672Z,1.1092,1.1204,100,100,100.5
2026-04-21 14:17:22.776Z,1.1103,1.1201,100,100,87.9
2026-04-21 14:17:23.335Z,1.1090,1.1206,100,100,104.1
2026-04-21 14:17:24.701Z,1.1098,1.1206,100,100,96.8
2026-04-21 14:17:25.589Z,1.1099,1.1207,100,100,96.8
2026-04-21 14:17:26.809Z,1.1106,1.1196,100,100,80.7
2026-04-21 14:17:27.469Z,1.1087,1.1209,100,100,109.4
2026-04-21 14:17:28.572Z,1.1100,1.1196,100,100,86.1
2026-04-21 14:17:29.158Z,1.1104,1.1198,100,100,84.3
2026-04-21 14:17:30.500Z,1.1109,1.1193,100,100,75.3
2026-04-21 14:17:31.722Z,1.1091,1.1209,100,100,105.8
2026-04-21 14:17:32.167Z,1.1091,1.1207,100,100,104.0
2026-04-21 14:17:33.562Z,1.1097,1.1201,100,100,93.3
2026-04-21 14:17:34.039Z,1.1094,1.1210,100,100,104.0
2026-04-21 14:17:35.885Z,1.1099,1.1197,100,100,87.9
2026-04-21 14:17:36.235Z,1.1103,1.1199,100,100,86.1
2026-04-21 14:17:37.379Z,1.1100,1.1200,100,100,89.7
2026-04-21 14:17:38.325Z,1.1106,1.1192,100,100,77.1
2026-04-21 14:17:39.383Z,1.1107,1.1197,100,100,80.7
2026-04-21 14:17:40.873Z,1.1105,1.1191,100,100,77.1
2026-04-21 14:17:41.632Z,1.1091,1.1213,100,100,109.4
2026-04-21 14:17:42.483Z,1.1104,1.1194,100,100,80.7
2026-04-21 14:17:43.439Z,1.1103,1.1193,100,100,80.7
2026-04-21 14:17:44.455Z,1.1100,1.1204,100,100,93.3
2026-04-21 14:17:45.200Z,1.1106,1.1192,100,100,77.1
2026-04-21 14:17:46.871Z,1.1091,1.1211,100,100,107.6
2026-04-21 14:17:47.053Z,1.1107,1.1195,100,100,78.9
2026-04-21 14:17:48.117Z,1.1104,1.1190,100,100,77.2
2026-04-21 14:17:49.561Z,1.1105,1.1193,100,100,78.9
2026-04-21 14:17:50.836Z,1.1093,1.1211,100,100,105.8
2026-04-21 14:17:51.776Z,1.1111,1.1193,100,100,73.5
2026-04-21 14:17:52.046Z,1.1101,1.1199,100,100,87.9
2026-04-21 14:17:53.546Z,1.1088,1.1208,100,100,107.6
2026-04-21 14:17:54.831Z,1.1096,1.1208,100,100,100.4
2026-04-21 14:17:55.850Z,1.1095,1.1203,100,100,96.9
2026-04-21 14:17:56.155Z,1.1091,1.1213,100,100,109.4
2026-04-21 14:17:57.785Z,1.1096,1.1202,100,100,95.1
2026-04-21 14:17:58.271Z,1.1104,1.1194,100,100,80.7
2026-04-21 14:17:59.841Z,1.1097,1.1203,100,100,95.1
2026-04-21 14:18:00.664Z,1.1076,1.1164,100,100,79.1
2026-04-21 14:18:01.145Z,1.1066,1.1176,100,100,98.9
2026-04-21 14:18:02.859Z,1.1074,1.1162,100,100,79.2
2026-04-21 14:18:03.236Z,1.1075,1.1167,100,100,82.7
2026-04-21 14:18:04.681Z,1.1077,1.1163,100,100,77.3
2026-04-21 14:18:05.163Z,1.1069,1.1175,100,100,95.3
2026-04-21 14:18:06.540Z,1.1072,1.1162,100,100,81.0
2026-04-21 14:18:07.250Z,1.1075,1.1169,100,100,84.5
2026-04-21 14:18:08.680Z,1.1066,1.1178,100,100,100.7
2026-04-21 14:18:09.334Z,1.1075,1.1169,100,100,84.5
2026-04-21 14:18:10.072Z,1.1061,1.1179,100,100,106.1
2026-04-21 14:18:11.113Z,1.1064,1.1176,100,100,100.7
2026-04-21 14:18:12.822Z,1.1078,1.1164,100,100,77.3
2026-04-21 14:18:13.094Z,1.1065,1.1171,100,100,95.3
2026-04-21 14:18:14.730Z,1.1076,1.1162,100,100,77.3
2026-04-21 14:18:15.206Z,1.1076,1.1160,100,100,75.6
2026-04-21 14:18:16.298Z,1.1077,1.1165,100,100,79.1
2026-04-21 14:18:17.248Z,1.1075,1.1169,100,100,84.5
2026-04-21 14:18:18.293Z,1.1059,1.1179,100,100,107.9
2026-04-21 14:18:19.534Z,1.1068,1.1174,100,100,95.3
2026-04-21 14:18:20.017Z,1.1074,1.1162,100,100,79.2
2026-04-21 14:18:21.484Z,1.1074,1.1168,100,100,84.5
2026-04-21 14:18:22.388Z,1.1064,1.1174,100,100,98.9
2026-04-21 14:18:23.852Z,1.1071,1.1167,100,100,86.3
2026-04-21 14:18:24.389Z,1.1078,1.1160,100,100,73.7
2026-04-21 14:18:25.379Z,1.1066,1.1174,100,100,97.1
2026-04-21 14:18:26.615Z,1.1069,1.1173,100,100,93.5
2026-04-21 14:18:27.093Z,1.1076,1.1162,100,100,77.3
2026-04-21 14:18:28.269Z,1.1074,1.1160,100,100,77.4
2026-04-21 14:18:29.417Z,1.1062,1.1180,100,100,106.1
2026-04-21 14:18:30.783Z,1.1069,1.1171,100,100,91.7
2026-04-21 14:18:31.310Z,1.1072,1.1170,100,100,88.1
2026-04-21 14:18:32.385Z,1.1077,1.1159,100,100,73.8
2026-04-21 14:18:33.687Z,1.1079,1.1161,100,100,73.7
2026-04-21 14:18:34.819Z,1.1073,1.1163,100,100,80.9
2026-04-21 14:18:35.638Z,1.1071,1.1173,100,100,91.7
2026-04-21 14:18:36.518Z,1.1070,1.1166,100,100,86.3
2026-04-21 14:18:37.702Z,1.1068,1.1168,100,100,89.9
2026-04-21 14:18:38.874Z,1.1079,1.1161,100,100,73.7
2026-04-21 14:18:39.710Z,1.1075,1.1163,100,100,79.1
2026-04-21 14:18:40.739Z,1.1078,1.1166,100,100,79.1
2026-04-21 14:18:41.330Z,1.1059,1.1179,100,100,107.9
2026-04-21 14:18:42.719Z,1.1081,1.1163,100,100,73.7
2026-04-21 14:18:43.270Z,1.1065,1.1177,100,100,100.7
2026-04-21 14:18:44.779Z,1.1068,1.1176,100,100,97.1
2026-04-21 14:18:45.290Z,1.1074,1.1170,100,100,86.3
2026-04-21 14:18:46.226Z,1.1067,1.1173,100,100,95.3
2026-04-21 14:18:47.128Z,1.1064,1.1180,100,100,104.3
2026-04-21 14:18:48.352Z,1.1069,1.1169,100,100,89.9
2026-04-21 14:18:49.127Z,1.1079,1.1165,100,100,77.3
2026-04-21 14:18:50.380Z,1.1068,1.1168,100,100,89.9
2026-04-21 14:18:51.174Z,1.1073,1.1171,100,100,88.1
2026-04-21 14:18:52.244Z,1.1070,1.1166,100,100,86.3
2026-04-21 14:18:53.539Z,1.1061,1.1177,100,100,104.3
2026-04-21 14:18:54.723Z,1.1065,1.1173,100,100,97.1
2026-04-21 14:18:55.614Z,1.1079,1.1161,100,100,73.7
2026-04-21 14:18:56.849Z,1.1065,1.1179,100,100,102.5
2026-04-21 14:18:57.204Z,1.1064,1.1182,100,100,106.1
2026-04-21 14:18:58.513Z,1.1068,1.1170,100,100,91.7
2026-04-21 14:18:59.662Z,1.1079,1.1161,100,100,73.7
2026-04-21 14:20:00.480Z,1.1057,1.1163,100,100,95.4
2026-04-21 14:20:01.329Z,1.1053,1.1169,100,100,104.4
2026-04-21 14:20:02.836Z,1.1068,1.1156,100,100,79.2
2026-04-21 14:20:03.581Z,1.1059,1.1159,100,100,90.0
2026-04-21 14:20:04.895Z,1.1071,1.1153,100,100,73.8
2026-04-21 14:20:05.682Z,1.1072,1.1152,100,100,72.0
2026-04-21 14:20:06.829Z,1.1062,1.1158,100,100,86.4
2026-04-21 14:20:07.764Z,1.1065,1.1151,100,100,77.4
2026-04-21 14:20:08.422Z,1.1058,1.1158,100,100,90.0
2026-04-21 14:20:09.257Z,1.1054,1.1170,100,100,104.4
2026-04-21 14:20:10.067Z,1.1059,1.1165,100,100,95.4
2026-04-21 14:20:11.076Z,1.1060,1.1162,100,100,91.8
2026-04-21 14:20:12.601Z,1.1060,1.1162,100,100,91.8
2026-04-21 14:20:13.670Z,1.1063,1.1161,100,100,88.2
2026-04-21 14:20:14.838Z,1.1057,1.1167,100,100,99.0
2026-04-21 14:20:15.704Z,1.1049,1.1167,100,100,106.2
2026-04-21 14:20:16.521Z,1.1057,1.1161,100,100,93.6
2026-04-21 14:20:17.028Z,1.1055,1.1163,100,100,97.2
2026-04-21 14:20:18.596Z,1.1061,1.1155,100,100,84.6
2026-04-21 14:20:19.546Z,1.1059,1.1159,100,100,90.0
2026-04-21 14:20:20.757Z,1.1053,1.1171,100,100,106.2
2026-04-21 14:20:21.452Z,1.1067,1.1155,100,100,79.2
2026-04-21 14:20:22.464Z,1.1065,1.1155,100,100,81.0
2026-04-21 14:20:23.629Z,1.1062,1.1152,100,100,81.0
2026-04-21 14:20:24.687Z,1.1056,1.1156,100,100,90.0
2026-04-21 14:20:25.881Z,1.1062,1.1158,100,100,86.4
2026-04-21 14:20:26.411Z,1.1052,1.1164,100,100,100.8
2026-04-21 14:20:27.068Z,1.1064,1.1148,100,100,75.6
2026-04-21 14:20:28.219Z,1.1060,1.1154,100,100,84.6
2026-04-21 14:20:29.214Z,1.1057,1.1155,100,100,88.2
2026-04-21 14:20:30.304Z,1.1051,1.1157,100,100,95.5
2026-04-21 14:20:31.729Z,1.1054,1.1152,100,100,88.3
2026-04-21 14:20:32.756Z,1.1057,1.1153,100,100,86.4
2026-04-21 14:20:33.082Z,1.1044,1.1160,100,100,104.5
2026-04-21 14:20:34.607Z,1.1059,1.1141,100,100,73.9
2026-04-21 14:20:35.226Z,1.1054,1.1150,100,100,86.5
2026-04-21 14:20:36.728Z,1.1048,1.1156,100,100,97.3
2026-04-21 14:20:37.670Z,1.1058,1.1146,100,100,79.3
2026-04-21 14:20:38.797Z,1.1048,1.1158,100,100,99.1
2026-04-21 14:20:39.433Z,1.1054,1.1152,100,100,88.3
2026-04-21 14:20:40.616Z,1.1054,1.1148,100,100,84.7
2026-04-21 14:20:41.885Z,1.1063,1.1145,100,100,73.8
2026-04-21 14:20:42.539Z,1.1060,1.1144,100,100,75.7
2026-04-21 14:20:43.622Z,1.1050,1.1156,100,100,95.5
2026-04-21 14:20:44.731Z,1.1060,1.1144,100,100,75.7
2026-04-21 14:20:45.765Z,1.1047,1.1157,100,100,99.1
2026-04-21 14:20:46.508Z,1.1061,1.1145,100,100,75.7
2026-04-21 14:20:47.825Z,1.1046,1.1156,100,100,99.1
2026-04-21 14:20:48.703Z,1.1057,1.1149,100,100,82.9
2026-04-21 14:20:49.889Z,1.1059,1.1141,100,100,73.9
2026-04-21 14:20:50.430Z,1.1062,1.1146,100,100,75.6
2026-04-21 14:20:51.785Z,1.1055,1.1147,100,100,82.9
2026-04-21 14:20:52.779Z,1.1047,1.1161,100,100,102.7
2026-04-21 14:20:53.754Z,1.1045,1.1163,100,100,106.3
2026-04-21 14:20:54.268Z,1.1044,1.1162,100,100,106.3
2026-04-21 14:20:55.530Z,1.1052,1.1152,100,100,90.1
2026-04-21 14:20:56.441Z,1.1051,1.1155,100,100,93.7
2026-04-21 14:20:57.181Z,1.1046,1.1162,100,100,104.5
2026-04-21 14:20:58.347Z,1.1056,1.1152,100,100,86.5
2026-04-21 14:20:59.490Z,1.1057,1.1145,100,100,79.3
2026-04-21 14:21:00.892Z,1.1067,1.1153,100,100,77.4
2026-04-21 14:21:01.705Z,1.1061,1.1163,100,100,91.8
2026-04-21 14:21:02.296Z,1.1067,1.1159,100,100,82.8
2026-04-21 14:21:03.360Z,1.1065,1.1151,100,100,77.4
2026-04-21 14:21:04.370Z,1.1059,1.1165,100,100,95.4
2026-04-21 14:21:05.055Z,1.1062,1.1164,100,100,91.8
2026-04-21 14:21:06.793Z,1.1050,1.1168,100,100,106.2
2026-04-21 14:21:07.569Z,1.1061,1.1163,100,100,91.8
2026-04-21 14:21:08.807Z,1.1064,1.1152,100,100,79.2
2026-04-21 14:21:09.258Z,1.1070,1.1154,100,100,75.6
2026-04-21 14:21:10.233Z,1.1055,1.1165,100,100,99.0
2026-04-21 14:21:11.137Z,1.1064,1.1158,100,100,84.6
2026-04-21 14:21:12.871Z,1.1052,1.1170,100,100,106.2
2026-04-21 14:21:13.736Z,1.1067,1.1155,148,100,79.2
2026-04-21 14:21:14.177Z,1.1063,1.1161,100,100,88.2
2026-04-21 14:21:15.407Z,1.1052,1.1168,100,100,104.4
2026-04-21 14:21:16.822Z,1.1065,1.1159,108,100,84.6
2026-04-21 14:21:17.173Z,1.1060,1.1162,100,100,91.8
2026-04-21 14:21:18.035Z,1.1066,1.1154,100,100,79.2
2026-04-21 14:21:19.717Z,1.1069,1.1155,100,100,77.4
2026-04-21 14:21:20.847Z,1.1051,1.1167,100,100,104.4
2026-04-21 14:21:21.158Z,1.1062,1.1152,100,100,81.0
2026-04-21 14:21:22.299Z,1.1063,1.1159,100,100,86.4
2026-04-21 14:21:23.774Z,1.1051,1.1163,100,100,100.8
2026-04-21 14:21:24.502Z,1.1068,1.1150,100,100,73.8
2026-04-21 14:21:25.432Z,1.1060,1.1152,100,100,82.8
2026-04-21 14:21:26.460Z,1.1060,1.1154,100,100,84.6
2026-04-21 14:21:27.177Z,1.1060,1.1150,100,100,81.0
2026-04-21 14:21:28.489Z,1.1056,1.1160,100,100,93.6
2026-04-21 14:21:29.755Z,1.1064,1.1146,100,100,73.8
2026-04-21 14:21:30.019Z,1.1057,1.1147,100,100,81.1
2026-04-21 14:21:31.465Z,1.1054,1.1152,100,100,88.3
2026-04-21 14:21:32.143Z,1.1060,1.1150,100,100,81.0
2026-04-21 14:21:33.475Z,1.1051,1.1151,100,100,90.1
2026-04-21 14:21:34.181Z,1.1047,1.1159,100,100,100.9
2026-04-21 14:21:35.660Z,1.1040,1.1160,100,100,108.1
2026-04-21 14:21:36.391Z,1.1052,1.1150,100,100,88.3
2026-04-21 14:21:37.510Z,1.1045,1.1155,100,100,99.1
2026-04-21 14:21:38.053Z,1.1048,1.1150,100,100,91.9
2026-04-21 14:21:39.082Z,1.1049,1.1155,100,100,95.5
2026-04-21 14:21:40.446Z,1.1053,1.1147,100,100,84.7
2026-04-21 14:21:41.359Z,1.1043,1.1161,100,100,106.3
2026-04-21 14:21:42.775Z,1.1052,1.1144,100,100,82.9
2026-04-21 14:21:43.603Z,1.1054,1.1150,100,100,86.5
2026-04-21 14:21:44.829Z,1.1044,1.1162,100,100,106.3
2026-04-21 14:21:45.765Z,1.1059,1.1141,100,100,73.9
2026-04-21 14:21:46.222Z,1.1041,1.1159,100,100,106.3
2026-04-21 14:21:47.851Z,1.1051,1.1147,100,100,86.5
2026-04-21 14:21:48.527Z,1.1046,1.1152,100,100,95.5
2026-04-21 14:21:49.533Z,1.1041,1.1159,100,100,106.3
2026-04-21 14:21:50.229Z,1.1051,1.1155,100,100,93.7
2026-04-21 14:21:51.433Z,1.1059,1.1143,100,100,75.7
