TimestampUtc,Price,Size,Exchange
2026-04-21 13:30:00.208Z,1.1102,143,SYNTH
2026-04-21 13:30:01.027Z,1.1113,180,SYNTH
2026-04-21 13:30:02.143Z,1.1099,194,SYNTH
2026-04-21 13:30:03.707Z,1.1105,168,SYNTH
2026-04-21 13:30:04.220Z,1.1114,212,SYNTH
2026-04-21 13:30:05.130Z,1.1100,296,SYNTH
2026-04-21 13:30:06.186Z,1.1103,135,SYNTH
2026-04-21 13:30:07.519Z,1.1121,167,SYNTH
2026-04-21 13:30:08.624Z,1.1092,272,SYNTH
2026-04-21 13:30:09.898Z,1.1093,144,SYNTH
2026-04-21 13:30:10.856Z,1.1102,139,SYNTH
2026-04-21 13:30:11.190Z,1.1110,592,SYNTH
2026-04-21 13:30:12.160Z,1.1110,261,SYNTH
2026-04-21 13:30:13.843Z,1.1078,516,SYNTH
2026-04-21 13:30:14.839Z,1.1109,210,SYNTH
2026-04-21 13:30:15.260Z,1.1086,126,SYNTH
2026-04-21 13:30:16.262Z,1.1079,429,SYNTH
2026-04-21 13:30:17.659Z,1.1116,200,SYNTH
2026-04-21 13:30:18.607Z,1.1113,399,SYNTH
2026-04-21 13:30:19.602Z,1.1119,248,SYNTH
2026-04-21 13:30:20.235Z,1.1111,98,SYNTH
2026-04-21 13:30:21.173Z,1.1087,129,SYNTH
2026-04-21 13:30:22.878Z,1.1112,155,SYNTH
2026-04-21 13:30:23.591Z,1.1122,152,SYNTH
2026-04-21 13:30:24.748Z,1.1125,166,SYNTH
2026-04-21 13:30:25.005Z,1.1133,189,SYNTH
2026-04-21 13:30:26.639Z,1.1145,172,SYNTH
2026-04-21 13:30:27.289Z,1.1153,167,SYNTH
2026-04-21 13:30:28.530Z,1.1164,181,SYNTH
2026-04-21 13:30:29.132Z,1.1161,211,SYNTH
2026-04-21 13:30:30.433Z,1.1166,113,SYNTH
2026-04-21 13:30:31.067Z,1.1183,186,SYNTH
2026-04-21 13:30:32.439Z,1.1182,122,SYNTH
2026-04-21 13:30:33.818Z,1.1187,163,SYNTH
2026-04-21 13:30:34.799Z,1.1201,218,SYNTH
2026-04-21 13:30:35.529Z,1.1210,111,SYNTH
2026-04-21 13:30:36.039Z,1.1200,164,SYNTH
2026-04-21 13:30:37.211Z,1.1215,407,SYNTH
2026-04-21 13:30:38.645Z,1.1206,308,SYNTH
2026-04-21 13:30:39.746Z,1.1207,480,SYNTH
2026-04-21 13:30:40.463Z,1.1188,400,SYNTH
2026-04-21 13:30:41.699Z,1.1185,167,SYNTH
2026-04-21 13:30:42.571Z,1.1187,110,SYNTH
2026-04-21 13:30:43.804Z,1.1177,179,SYNTH
2026-04-21 13:30:44.843Z,1.1193,116,SYNTH
2026-04-21 13:30:45.702Z,1.1178,300,SYNTH
2026-04-21 13:30:46.005Z,1.1183,178,SYNTH
2026-04-21 13:30:47.610Z,1.1193,195,SYNTH
2026-04-21 13:30:48.252Z,1.1171,151,SYNTH
2026-04-21 13:30:49.554Z,1.1194,241,SYNTH
2026-04-21 13:30:50.705Z,1.1172,218,SYNTH
2026-04-21 13:30:51.819Z,1.1196,147,SYNTH
2026-04-21 13:30:52.807Z,1.1174,225,SYNTH
2026-04-21 13:30:53.242Z,1.1197,204,SYNTH
2026-04-21 13:30:54.087Z,1.1206,161,SYNTH
2026-04-21 13:30:55.588Z,1.1210,283,SYNTH
2026-04-21 13:30:56.236Z,1.1205,180,SYNTH
2026-04-21 13:30:57.253Z,1.1205,265,SYNTH
2026-04-21 13:30:58.736Z,1.1208,334,SYNTH
2026-04-21 13:30:59.408Z,1.1190,214,SYNTH
2026-04-21 13:31:00.688Z,1.1123,66,SYNTH
2026-04-21 13:31:01.803Z,1.1117,61,SYNTH
2026-04-21 13:31:02.613Z,1.1123,44,SYNTH
2026-04-21 13:31:03.375Z,1.1099,44,SYNTH
2026-04-21 13:31:04.511Z,1.1115,57,SYNTH
2026-04-21 13:31:05.026Z,1.1091,35,SYNTH
2026-04-21 13:31:06.568Z,1.1122,57,SYNTH
2026-04-21 13:31:07.288Z,1.1108,34,SYNTH
2026-04-21 13:31:08.886Z,1.1126,34,SYNTH
2026-04-21 13:31:09.225Z,1.1113,39,SYNTH
2026-04-21 13:31:10.746Z,1.1107,43,SYNTH
2026-04-21 13:31:11.149Z,1.1116,110,SYNTH
2026-04-21 13:31:12.745Z,1.1094,112,SYNTH
2026-04-21 13:31:13.555Z,1.1117,132,SYNTH
2026-04-21 13:31:14.704Z,1.1092,49,SYNTH
2026-04-21 13:31:15.177Z,1.1115,44,SYNTH
2026-04-21 13:31:16.104Z,1.1093,41,SYNTH
2026-04-21 13:31:17.241Z,1.1101,54,SYNTH
2026-04-21 13:31:18.029Z,1.1116,67,SYNTH
2026-04-21 13:31:19.601Z,1.1123,82,SYNTH
2026-04-21 13:31:20.611Z,1.1102,22,SYNTH
2026-04-21 13:31:21.027Z,1.1104,43,SYNTH
2026-04-21 13:31:22.199Z,1.1114,44,SYNTH
2026-04-21 13:31:23.854Z,1.1124,32,SYNTH
2026-04-21 13:31:24.414Z,1.1105,33,SYNTH
2026-04-21 13:31:25.821Z,1.1112,22,SYNTH
2026-04-21 13:31:26.620Z,1.1117,37,SYNTH
2026-04-21 13:31:27.302Z,1.1123,24,SYNTH
2026-04-21 13:31:28.036Z,1.1126,25,SYNTH
2026-04-21 13:31:29.580Z,1.1098,40,SYNTH
2026-04-21 13:31:30.020Z,1.1130,22,SYNTH
2026-04-21 13:31:31.804Z,1.1104,23,SYNTH
2026-04-21 13:31:32.070Z,1.1116,25,SYNTH
2026-04-21 13:31:33.576Z,1.1121,45,SYNTH
2026-04-21 13:31:34.466Z,1.1099,34,SYNTH
2026-04-21 13:31:35.853Z,1.1128,34,SYNTH
2026-04-21 13:31:36.531Z,1.1125,33,SYNTH
2026-04-21 13:31:37.039Z,1.1092,88,SYNTH
2026-04-21 13:31:38.742Z,1.1117,90,SYNTH
2026-04-21 13:31:39.421Z,1.1101,114,SYNTH
2026-04-21 13:31:40.339Z,1.1113,76,SYNTH
2026-04-21 13:31:41.190Z,1.1127,49,SYNTH
2026-04-21 13:31:42.048Z,1.1090,31,SYNTH
2026-04-21 13:31:43.273Z,1.1126,41,SYNTH
2026-04-21 13:31:44.222Z,1.1111,49,SYNTH
2026-04-21 13:31:45.424Z,1.1108,64,SYNTH
2026-04-21 13:31:46.126Z,1.1116,68,SYNTH
2026-04-21 13:31:47.395Z,1.1093,79,SYNTH
2026-04-21 13:31:48.739Z,1.1117,43,SYNTH
2026-04-21 13:31:49.770Z,1.1093,44,SYNTH
2026-04-21 13:31:50.051Z,1.1112,27,SYNTH
2026-04-21 13:31:51.020Z,1.1109,34,SYNTH
2026-04-21 13:31:52.353Z,1.1123,59,SYNTH
2026-04-21 13:31:53.640Z,1.1099,35,SYNTH
2026-04-21 13:31:54.582Z,1.1094,46,SYNTH
2026-04-21 13:31:55.047Z,1.1097,49,SYNTH
2026-04-21 13:31:56.264Z,1.1118,47,SYNTH
2026-04-21 13:31:57.009Z,1.1104,34,SYNTH
2026-04-21 13:31:58.230Z,1.1130,55,SYNTH
2026-04-21 13:31:59.563Z,1.1104,38,SYNTH
2026-04-21 13:34:00.831Z,1.1167,81,SYNTH
2026-04-21 13:34:01.200Z,1.1147,39,SYNTH
2026-04-21 13:34:02.893Z,1.1161,42,SYNTH
2026-04-21 13:34:03.604Z,1.1162,35,SYNTH
2026-04-21 13:34:04.170Z,1.1169,77,SYNTH
2026-04-21 13:34:05.019Z,1.1166,77,SYNTH
2026-04-21 13:34:06.691Z,1.1155,66,SYNTH
2026-04-21 13:34:07.587Z,1.1157,67,SYNTH
2026-04-21 13:34:08.343Z,1.1158,64,SYNTH
2026-04-21 13:34:09.842Z,1.1161,49,SYNTH
2026-04-21 13:34:10.759Z,1.1151,55,SYNTH
2026-04-21 13:34:11.293Z,1.1174,99,SYNTH
2026-04-21 13:34:12.683Z,1.1174,138,SYNTH
2026-04-21 13:34:13.339Z,1.1174,109,SYNTH
2026-04-21 13:34:14.250Z,1.1143,55,SYNTH
2026-04-21 13:34:15.853Z,1.1171,62,SYNTH
2026-04-21 13:34:16.772Z,1.1142,79,SYNTH
2026-04-21 13:34:17.147Z,1.1171,57,SYNTH
2026-04-21 13:34:18.072Z,1.1144,98,SYNTH
2026-04-21 13:34:19.117Z,1.1158,105,SYNTH
2026-04-21 13:34:20.107Z,1.1171,55,SYNTH
2026-04-21 13:34:21.262Z,1.1161,26,SYNTH
2026-04-21 13:34:22.664Z,1.1144,48,SYNTH
2026-04-21 13:34:23.225Z,1.1148,25,SYNTH
2026-04-21 13:34:24.289Z,1.1171,55,SYNTH
2026-04-21 13:34:25.201Z,1.1138,26,SYNTH
2026-04-21 13:34:26.482Z,1.1170,23,SYNTH
2026-04-21 13:34:27.396Z,1.1138,39,SYNTH
2026-04-21 13:34:28.574Z,1.1141,25,SYNTH
2026-04-21 13:34:29.395Z,1.1160,25,SYNTH
2026-04-21 13:34:30.291Z,1.1168,54,SYNTH
2026-04-21 13:34:31.832Z,1.1146,50,SYNTH
2026-04-21 13:34:32.454Z,1.1164,48,SYNTH
2026-04-21 13:34:33.481Z,1.1161,45,SYNTH
2026-04-21 13:34:34.295Z,1.1141,30,SYNTH
2026-04-21 13:34:35.449Z,1.1165,29,SYNTH
2026-04-21 13:34:36.381Z,1.1175,24,SYNTH
2026-04-21 13:34:37.020Z,1.1179,135,SYNTH
2026-04-21 13:34:38.151Z,1.1144,84,SYNTH
2026-04-21 13:34:39.039Z,1.1145,137,SYNTH
2026-04-21 13:34:40.640Z,1.1165,59,SYNTH
2026-04-21 13:34:41.347Z,1.1157,55,SYNTH
2026-04-21 13:34:42.244Z,1.1159,47,SYNTH
2026-04-21 13:34:43.707Z,1.1169,27,SYNTH
2026-04-21 13:34:44.102Z,1.1149,32,SYNTH
2026-04-21 13:34:45.663Z,1.1141,55,SYNTH
2026-04-21 13:34:46.894Z,1.1176,50,SYNTH
2026-04-21 13:34:47.275Z,1.1170,97,SYNTH
2026-04-21 13:34:48.169Z,1.1146,61,SYNTH
2026-04-21 13:34:49.524Z,1.1148,43,SYNTH
2026-04-21 13:34:50.266Z,1.1163,35,SYNTH
2026-04-21 13:34:51.797Z,1.1151,72,SYNTH
2026-04-21 13:34:52.694Z,1.1140,33,SYNTH
2026-04-21 13:34:53.213Z,1.1163,70,SYNTH
2026-04-21 13:34:54.755Z,1.1175,31,SYNTH
2026-04-21 13:34:55.796Z,1.1177,61,SYNTH
2026-04-21 13:34:56.399Z,1.1171,38,SYNTH
2026-04-21 13:34:57.860Z,1.1179,60,SYNTH
2026-04-21 13:34:58.854Z,1.1143,55,SYNTH
2026-04-21 13:34:59.874Z,1.1173,67,SYNTH
2026-04-21 13:36:00.884Z,1.1115,34,SYNTH
2026-04-21 13:36:01.811Z,1.1113,26,SYNTH
2026-04-21 13:36:02.730Z,1.1094,18,SYNTH
2026-04-21 13:36:03.058Z,1.1080,21,SYNTH
2026-04-21 13:36:04.624Z,1.1117,24,SYNTH
2026-04-21 13:36:05.010Z,1.1089,21,SYNTH
2026-04-21 13:36:06.494Z,1.1113,30,SYNTH
2026-04-21 13:36:07.025Z,1.1110,29,SYNTH
2026-04-21 13:36:08.787Z,1.1088,26,SYNTH
2026-04-21 13:36:09.303Z,1.1106,29,SYNTH
2026-04-21 13:36:10.609Z,1.1105,18,SYNTH
2026-04-21 13:36:11.098Z,1.1115,71,SYNTH
2026-04-21 13:36:12.053Z,1.1082,76,SYNTH
2026-04-21 13:36:13.767Z,1.1114,66,SYNTH
2026-04-21 13:36:14.542Z,1.1093,13,SYNTH
2026-04-21 13:36:15.022Z,1.1095,16,SYNTH
2026-04-21 13:36:16.534Z,1.1105,31,SYNTH
2026-04-21 13:36:17.074Z,1.1109,44,SYNTH
2026-04-21 13:36:18.602Z,1.1080,44,SYNTH
2026-04-21 13:36:19.808Z,1.1115,25,SYNTH
2026-04-21 13:36:20.100Z,1.1104,24,SYNTH
2026-04-21 13:36:21.887Z,1.1092,23,SYNTH
2026-04-21 13:36:22.208Z,1.1115,22,SYNTH
2026-04-21 13:36:23.649Z,1.1105,25,SYNTH
2026-04-21 13:36:24.706Z,1.1114,16,SYNTH
2026-04-21 13:36:25.560Z,1.1100,22,SYNTH
2026-04-21 13:36:26.611Z,1.1110,20,SYNTH
2026-04-21 13:36:27.838Z,1.1092,20,SYNTH
2026-04-21 13:36:28.180Z,1.1105,24,SYNTH
2026-04-21 13:36:29.490Z,1.1093,21,SYNTH
2026-04-21 13:36:30.557Z,1.1111,26,SYNTH
2026-04-21 13:36:31.071Z,1.1088,18,SYNTH
2026-04-21 13:36:32.810Z,1.1085,26,SYNTH
2026-04-21 13:36:33.351Z,1.1106,13,SYNTH
2026-04-21 13:36:34.669Z,1.1091,11,SYNTH
2026-04-21 13:36:35.530Z,1.1098,25,SYNTH
2026-04-21 13:36:36.217Z,1.1108,18,SYNTH
2026-04-21 13:36:37.750Z,1.1089,45,SYNTH
2026-04-21 13:36:38.798Z,1.1103,30,SYNTH
2026-04-21 13:36:39.071Z,1.1120,32,SYNTH
2026-04-21 13:36:40.082Z,1.1099,45,SYNTH
2026-04-21 13:36:41.219Z,1.1101,13,SYNTH
2026-04-21 13:36:42.067Z,1.1110,14,SYNTH
2026-04-21 13:36:43.638Z,1.1097,16,SYNTH
2026-04-21 13:36:44.054Z,1.1112,27,SYNTH
2026-04-21 13:36:45.063Z,1.1086,43,SYNTH
2026-04-21 13:36:46.272Z,1.1101,35,SYNTH
2026-04-21 13:36:47.389Z,1.1103,29,SYNTH
2026-04-21 13:36:48.193Z,1.1110,15,SYNTH
2026-04-21 13:36:49.297Z,1.1105,26,SYNTH
2026-04-21 13:36:50.548Z,1.1108,23,SYNTH
2026-04-21 13:36:51.467Z,1.1112,19,SYNTH
2026-04-21 13:36:52.507Z,1.1096,25,SYNTH
2026-04-21 13:36:53.860Z,1.1111,26,SYNTH
2026-04-21 13:36:54.489Z,1.1082,30,SYNTH
2026-04-21 13:36:55.321Z,1.1102,30,SYNTH
2026-04-21 13:36:56.069Z,1.1084,30,SYNTH
2026-04-21 13:36:57.281Z,1.1113,19,SYNTH
2026-04-21 13:36:58.238Z,1.1095,39,SYNTH
2026-04-21 13:36:59.396Z,1.1108,20,SYNTH
2026-04-21 13:38:00.866Z,1.1018,409,SYNTH
2026-04-21 13:38:01.820Z,1.0988,255,SYNTH
2026-04-21 13:38:02.300Z,1.0984,357,SYNTH
2026-04-21 13:38:03.169Z,1.0972,293,SYNTH
2026-04-21 13:38:04.018Z,1.0960,182,SYNTH
2026-04-21 13:38:05.339Z,1.0953,193,SYNTH
2026-04-21 13:38:06.202Z,1.0929,240,SYNTH
2026-04-21 13:38:07.334Z,1.0922,305,SYNTH
2026-04-21 13:38:08.714Z,1.0909,285,SYNTH
2026-04-21 13:38:09.083Z,1.0900,265,SYNTH
2026-04-21 13:38:10.476Z,1.0890,163,SYNTH
2026-04-21 13:38:11.794Z,1.0883,614,SYNTH
2026-04-21 13:38:12.335Z,1.0886,766,SYNTH
2026-04-21 13:38:13.234Z,1.0919,363,SYNTH
2026-04-21 13:38:14.167Z,1.0914,152,SYNTH
2026-04-21 13:38:15.344Z,1.0934,287,SYNTH
2026-04-21 13:38:16.508Z,1.0941,477,SYNTH
2026-04-21 13:38:17.399Z,1.0931,547,SYNTH
2026-04-21 13:38:18.687Z,1.0952,510,SYNTH
2026-04-21 13:38:19.517Z,1.0948,286,SYNTH
2026-04-21 13:38:20.601Z,1.0918,128,SYNTH
2026-04-21 13:38:21.823Z,1.0941,181,SYNTH
2026-04-21 13:38:22.533Z,1.0950,185,SYNTH
2026-04-21 13:38:23.588Z,1.0950,287,SYNTH
2026-04-21 13:38:24.483Z,1.0962,201,SYNTH
2026-04-21 13:38:25.632Z,1.0955,226,SYNTH
2026-04-21 13:38:26.774Z,1.0977,206,SYNTH
2026-04-21 13:38:27.234Z,1.0979,235,SYNTH
2026-04-21 13:38:28.400Z,1.0972,232,SYNTH
2026-04-21 13:38:29.159Z,1.0979,148,SYNTH
2026-04-21 13:38:30.417Z,1.0980,132,SYNTH
2026-04-21 13:38:31.556Z,1.0997,227,SYNTH
2026-04-21 13:38:32.822Z,1.1003,221,SYNTH
2026-04-21 13:38:33.784Z,1.1002,224,SYNTH
2026-04-21 13:38:34.260Z,1.1008,234,SYNTH
2026-04-21 13:38:35.369Z,1.1011,165,SYNTH
2026-04-21 13:38:36.130Z,1.0993,131,SYNTH
2026-04-21 13:38:37.605Z,1.1006,568,SYNTH
2026-04-21 13:38:38.571Z,1.0992,622,SYNTH
2026-04-21 13:38:39.608Z,1.1007,446,SYNTH
2026-04-21 13:38:40.561Z,1.1006,699,SYNTH
2026-04-21 13:38:41.112Z,1.1013,138,SYNTH
2026-04-21 13:38:42.777Z,1.0997,282,SYNTH
2026-04-21 13:38:43.450Z,1.1006,216,SYNTH
2026-04-21 13:38:44.767Z,1.0985,227,SYNTH
2026-04-21 13:38:45.142Z,1.1011,323,SYNTH
2026-04-21 13:38:46.859Z,1.0993,368,SYNTH
2026-04-21 13:38:47.398Z,1.1011,482,SYNTH
2026-04-21 13:38:48.330Z,1.1009,242,SYNTH
2026-04-21 13:38:49.177Z,1.1009,305,SYNTH
2026-04-21 13:38:50.317Z,1.0987,298,SYNTH
2026-04-21 13:38:51.545Z,1.1007,175,SYNTH
2026-04-21 13:38:52.250Z,1.0985,299,SYNTH
2026-04-21 13:38:53.878Z,1.1008,391,SYNTH
2026-04-21 13:38:54.363Z,1.1020,224,SYNTH
2026-04-21 13:38:55.181Z,1.0991,179,SYNTH
2026-04-21 13:38:56.459Z,1.1016,237,SYNTH
2026-04-21 13:38:57.717Z,1.1020,258,SYNTH
2026-04-21 13:38:58.810Z,1.1012,372,SYNTH
2026-04-21 13:38:59.414Z,1.0996,245,SYNTH
2026-04-21 13:40:00.111Z,1.0951,3,SYNTH
2026-04-21 13:40:01.495Z,1.0938,3,SYNTH
2026-04-21 13:40:02.879Z,1.0957,3,SYNTH
2026-04-21 13:40:03.762Z,1.0931,3,SYNTH
2026-04-21 13:40:04.429Z,1.0958,3,SYNTH
2026-04-21 13:40:05.493Z,1.0970,3,SYNTH
2026-04-21 13:40:06.673Z,1.0945,3,SYNTH
2026-04-21 13:40:07.355Z,1.0965,3,SYNTH
2026-04-21 13:40:08.401Z,1.0935,4,SYNTH
2026-04-21 13:40:09.601Z,1.0967,2,SYNTH
2026-04-21 13:40:10.214Z,1.0959,3,SYNTH
2026-04-21 13:40:11.196Z,1.0953,5,SYNTH
2026-04-21 13:40:12.583Z,1.0935,9,SYNTH
2026-04-21 13:40:13.480Z,1.0952,7,SYNTH
2026-04-21 13:40:14.157Z,1.0971,2,SYNTH
2026-04-21 13:40:15.392Z,1.0962,2,SYNTH
2026-04-21 13:40:16.878Z,1.0932,6,SYNTH
2026-04-21 13:40:17.892Z,1.0930,4,SYNTH
2026-04-21 13:40:18.287Z,1.0967,5,SYNTH
2026-04-21 13:40:19.345Z,1.0939,4,SYNTH
2026-04-21 13:40:20.509Z,1.0934,2,SYNTH
2026-04-21 13:40:21.848Z,1.0961,3,SYNTH
2026-04-21 13:40:22.475Z,1.0944,3,SYNTH
2026-04-21 13:40:23.435Z,1.0963,2,SYNTH
2026-04-21 13:40:24.784Z,1.0964,2,SYNTH
2026-04-21 13:40:25.548Z,1.0967,3,SYNTH
2026-04-21 13:40:26.474Z,1.0959,2,SYNTH
2026-04-21 13:40:27.307Z,1.0961,1,SYNTH
2026-04-21 13:40:28.874Z,1.0955,3,SYNTH
2026-04-21 13:40:29.584Z,1.0938,1,SYNTH
2026-04-21 13:40:30.880Z,1.0953,2,SYNTH
2026-04-21 13:40:31.659Z,1.0939,3,SYNTH
2026-04-21 13:40:32.603Z,1.0955,2,SYNTH
2026-04-21 13:40:33.320Z,1.0965,2,SYNTH
2026-04-21 13:40:34.320Z,1.0956,2,SYNTH
2026-04-21 13:40:35.328Z,1.0929,2,SYNTH
2026-04-21 13:40:36.197Z,1.0961,3,SYNTH
2026-04-21 13:40:37.706Z,1.0936,5,SYNTH
2026-04-21 13:40:38.596Z,1.0953,8,SYNTH
2026-04-21 13:40:39.788Z,1.0945,4,SYNTH
2026-04-21 13:40:40.702Z,1.0970,8,SYNTH
2026-04-21 13:40:41.106Z,1.0970,3,SYNTH
2026-04-21 13:40:42.707Z,1.0932,3,SYNTH
2026-04-21 13:40:43.218Z,1.0957,2,SYNTH
2026-04-21 13:40:44.084Z,1.0943,3,SYNTH
2026-04-21 13:40:45.811Z,1.0971,5,SYNTH
2026-04-21 13:40:46.214Z,1.0942,5,SYNTH
2026-04-21 13:40:47.750Z,1.0942,5,SYNTH
2026-04-21 13:40:48.208Z,1.0938,4,SYNTH
2026-04-21 13:40:49.736Z,1.0953,4,SYNTH
2026-04-21 13:40:50.820Z,1.0937,2,SYNTH
2026-04-21 13:40:51.465Z,1.0953,2,SYNTH
2026-04-21 13:40:52.410Z,1.0971,3,SYNTH
2026-04-21 13:40:53.423Z,1.0952,3,SYNTH
2026-04-21 13:40:54.592Z,1.0937,3,SYNTH
2026-04-21 13:40:55.497Z,1.0943,3,SYNTH
2026-04-21 13:40:56.468Z,1.0959,4,SYNTH
2026-04-21 13:40:57.826Z,1.0943,2,SYNTH
2026-04-21 13:40:58.340Z,1.0961,3,SYNTH
2026-04-21 13:40:59.815Z,1.0946,5,SYNTH
2026-04-21 13:41:00.125Z,1.0961,106,SYNTH
2026-04-21 13:41:01.239Z,1.0940,47,SYNTH
2026-04-21 13:41:02.561Z,1.0952,70,SYNTH
2026-04-21 13:41:03.352Z,1.0945,84,SYNTH
2026-04-21 13:41:04.608Z,1.0946,79,SYNTH
2026-04-21 13:41:05.892Z,1.0951,74,SYNTH
2026-04-21 13:41:06.684Z,1.0966,61,SYNTH
2026-04-21 13:41:07.295Z,1.0930,48,SYNTH
2026-04-21 13:41:08.302Z,1.0967,41,SYNTH
2026-04-21 13:41:09.244Z,1.0941,55,SYNTH
2026-04-21 13:41:10.333Z,1.0954,44,SYNTH
2026-04-21 13:41:11.874Z,1.0930,141,SYNTH
2026-04-21 13:41:12.680Z,1.0949,102,SYNTH
2026-04-21 13:41:13.316Z,1.0958,148,SYNTH
2026-04-21 13:41:14.761Z,1.0954,34,SYNTH
2026-04-21 13:41:15.436Z,1.0956,39,SYNTH
2026-04-21 13:41:16.289Z,1.0946,76,SYNTH
2026-04-21 13:41:17.307Z,1.0958,109,SYNTH
2026-04-21 13:41:18.340Z,1.0958,64,SYNTH
2026-04-21 13:41:19.186Z,1.0943,120,SYNTH
2026-04-21 13:41:20.448Z,1.0965,42,SYNTH
2026-04-21 13:41:21.813Z,1.0958,51,SYNTH
2026-04-21 13:41:22.548Z,1.0943,43,SYNTH
2026-04-21 13:41:23.004Z,1.0928,31,SYNTH
2026-04-21 13:41:24.507Z,1.0965,45,SYNTH
2026-04-21 13:41:25.368Z,1.0957,66,SYNTH
2026-04-21 13:41:26.774Z,1.0958,51,SYNTH
2026-04-21 13:41:27.409Z,1.0939,32,SYNTH
2026-04-21 13:41:28.628Z,1.0965,34,SYNTH
2026-04-21 13:41:29.465Z,1.0932,59,SYNTH
2026-04-21 13:41:30.590Z,1.0970,39,SYNTH
2026-04-21 13:41:31.307Z,1.0965,66,SYNTH
2026-04-21 13:41:32.537Z,1.0940,38,SYNTH
2026-04-21 13:41:33.088Z,1.0956,62,SYNTH
2026-04-21 13:41:34.509Z,1.0948,37,SYNTH
2026-04-21 13:41:35.281Z,1.0962,64,SYNTH
2026-04-21 13:41:36.524Z,1.0949,63,SYNTH
2026-04-21 13:41:37.161Z,1.0930,120,SYNTH
2026-04-21 13:41:38.645Z,1.0970,139,SYNTH
2026-04-21 13:41:39.017Z,1.0961,107,SYNTH
2026-04-21 13:41:40.828Z,1.0952,149,SYNTH
2026-04-21 13:41:41.791Z,1.0957,43,SYNTH
2026-04-21 13:41:42.364Z,1.0972,53,SYNTH
2026-04-21 13:41:43.463Z,1.0937,50,SYNTH
2026-04-21 13:41:44.176Z,1.0940,43,SYNTH
2026-04-21 13:41:45.469Z,1.0956,63,SYNTH
2026-04-21 13:41:46.382Z,1.0953,55,SYNTH
2026-04-21 13:41:47.551Z,1.0947,100,SYNTH
2026-04-21 13:41:48.158Z,1.0952,39,SYNTH
2026-04-21 13:41:49.566Z,1.0939,53,SYNTH
2026-04-21 13:41:50.013Z,1.0973,59,SYNTH
2026-04-21 13:41:51.472Z,1.0935,76,SYNTH
2026-04-21 13:41:52.741Z,1.0959,40,SYNTH
2026-04-21 13:41:53.427Z,1.0946,53,SYNTH
2026-04-21 13:41:54.309Z,1.0963,45,SYNTH
2026-04-21 13:41:55.333Z,1.0953,89,SYNTH
2026-04-21 13:41:56.344Z,1.0961,96,SYNTH
2026-04-21 13:41:57.291Z,1.0930,80,SYNTH
2026-04-21 13:41:58.327Z,1.0969,97,SYNTH
2026-04-21 13:41:59.876Z,1.0960,84,SYNTH
2026-04-21 13:42:00.387Z,1.1012,51,SYNTH
2026-04-21 13:42:01.140Z,1.0993,36,SYNTH
2026-04-21 13:42:02.461Z,1.1016,27,SYNTH
2026-04-21 13:42:03.630Z,1.1002,42,SYNTH
2026-04-21 13:42:04.084Z,1.1017,27,SYNTH
2026-04-21 13:42:05.286Z,1.0997,48,SYNTH
2026-04-21 13:42:06.247Z,1.1016,30,SYNTH
2026-04-21 13:42:07.228Z,1.0982,40,SYNTH
2026-04-21 13:42:08.750Z,1.1004,28,SYNTH
2026-04-21 13:42:09.855Z,1.0990,41,SYNTH
2026-04-21 13:42:10.170Z,1.1008,28,SYNTH
2026-04-21 13:42:11.470Z,1.0986,79,SYNTH
2026-04-21 13:42:12.572Z,1.1010,107,SYNTH
2026-04-21 13:42:13.549Z,1.0993,46,SYNTH
2026-04-21 13:42:14.056Z,1.1002,34,SYNTH
2026-04-21 13:42:15.261Z,1.1013,34,SYNTH
2026-04-21 13:42:16.088Z,1.1006,43,SYNTH
2026-04-21 13:42:17.772Z,1.0993,35,SYNTH
2026-04-21 13:42:18.241Z,1.0983,62,SYNTH
2026-04-21 13:42:19.397Z,1.1007,66,SYNTH
2026-04-21 13:42:20.033Z,1.1005,30,SYNTH
2026-04-21 13:42:21.158Z,1.1006,21,SYNTH
2026-04-21 13:42:22.030Z,1.0998,32,SYNTH
2026-04-21 13:42:23.571Z,1.1005,30,SYNTH
2026-04-21 13:42:24.108Z,1.0989,21,SYNTH
2026-04-21 13:42:25.256Z,1.1003,18,SYNTH
2026-04-21 13:42:26.182Z,1.0995,30,SYNTH
2026-04-21 13:42:27.146Z,1.1006,36,SYNTH
2026-04-21 13:42:28.728Z,1.1007,19,SYNTH
2026-04-21 13:42:29.647Z,1.0985,34,SYNTH
2026-04-21 13:42:30.279Z,1.1009,24,SYNTH
2026-04-21 13:42:31.518Z,1.1003,18,SYNTH
2026-04-21 13:42:32.827Z,1.0991,23,SYNTH
2026-04-21 13:42:33.853Z,1.1013,32,SYNTH
2026-04-21 13:42:34.489Z,1.1013,29,SYNTH
2026-04-21 13:42:35.754Z,1.0997,23,SYNTH
2026-04-21 13:42:36.186Z,1.1007,21,SYNTH
2026-04-21 13:42:37.862Z,1.1008,76,SYNTH
2026-04-21 13:42:38.259Z,1.0986,39,SYNTH
2026-04-21 13:42:39.138Z,1.1001,73,SYNTH
2026-04-21 13:42:40.445Z,1.0993,47,SYNTH
2026-04-21 13:42:41.804Z,1.1014,28,SYNTH
2026-04-21 13:42:42.791Z,1.1002,25,SYNTH
2026-04-21 13:42:43.636Z,1.0985,23,SYNTH
2026-04-21 13:42:44.332Z,1.1000,23,SYNTH
2026-04-21 13:42:45.476Z,1.1014,38,SYNTH
2026-04-21 13:42:46.362Z,1.0986,61,SYNTH
2026-04-21 13:42:47.507Z,1.1003,33,SYNTH
2026-04-21 13:42:48.692Z,1.1019,40,SYNTH
2026-04-21 13:42:49.632Z,1.1000,44,SYNTH
2026-04-21 13:42:50.359Z,1.0990,28,SYNTH
2026-04-21 13:42:51.280Z,1.1014,47,SYNTH
2026-04-21 13:42:52.622Z,1.0982,28,SYNTH
2026-04-21 13:42:53.193Z,1.1020,30,SYNTH
2026-04-21 13:42:54.261Z,1.1022,23,SYNTH
2026-04-21 13:42:55.246Z,1.0980,51,SYNTH
2026-04-21 13:42:56.156Z,1.1003,50,SYNTH
2026-04-21 13:42:57.543Z,1.1006,38,SYNTH
2026-04-21 13:42:58.452Z,1.0997,32,SYNTH
2026-04-21 13:42:59.615Z,1.1014,34,SYNTH
2026-04-21 13:45:00.298Z,1.1060,22,SYNTH
2026-04-21 13:45:01.865Z,1.1070,19,SYNTH
2026-04-21 13:45:02.149Z,1.1066,11,SYNTH
2026-04-21 13:45:03.513Z,1.1060,15,SYNTH
2026-04-21 13:45:04.472Z,1.1042,12,SYNTH
2026-04-21 13:45:05.785Z,1.1056,10,SYNTH
2026-04-21 13:45:06.020Z,1.1035,9,SYNTH
2026-04-21 13:45:07.492Z,1.1043,12,SYNTH
2026-04-21 13:45:08.836Z,1.1052,14,SYNTH
2026-04-21 13:45:09.700Z,1.1056,18,SYNTH
2026-04-21 13:45:10.352Z,1.1035,8,SYNTH
2026-04-21 13:45:11.494Z,1.1036,29,SYNTH
2026-04-21 13:45:12.020Z,1.1064,31,SYNTH
2026-04-21 13:45:13.369Z,1.1055,38,SYNTH
2026-04-21 13:45:14.630Z,1.1034,11,SYNTH
2026-04-21 13:45:15.667Z,1.1042,10,SYNTH
2026-04-21 13:45:16.724Z,1.1054,22,SYNTH
2026-04-21 13:45:17.328Z,1.1032,14,SYNTH
2026-04-21 13:45:18.743Z,1.1038,14,SYNTH
2026-04-21 13:45:19.346Z,1.1065,15,SYNTH
2026-04-21 13:45:20.818Z,1.1064,13,SYNTH
2026-04-21 13:45:21.666Z,1.1040,8,SYNTH
2026-04-21 13:45:22.687Z,1.1056,14,SYNTH
2026-04-21 13:45:23.772Z,1.1052,10,SYNTH
2026-04-21 13:45:24.394Z,1.1070,10,SYNTH
2026-04-21 13:45:25.648Z,1.1042,6,SYNTH
2026-04-21 13:45:26.597Z,1.1031,11,SYNTH
2026-04-21 13:45:27.210Z,1.1059,11,SYNTH
2026-04-21 13:45:28.546Z,1.1071,14,SYNTH
2026-04-21 13:45:29.393Z,1.1040,11,SYNTH
2026-04-21 13:45:30.236Z,1.1033,9,SYNTH
2026-04-21 13:45:31.431Z,1.1059,9,SYNTH
2026-04-21 13:45:32.671Z,1.1066,11,SYNTH
2026-04-21 13:45:33.862Z,1.1063,8,SYNTH
2026-04-21 13:45:34.320Z,1.1048,13,SYNTH
2026-04-21 13:45:35.602Z,1.1038,7,SYNTH
2026-04-21 13:45:36.380Z,1.1049,7,SYNTH
2026-04-21 13:45:37.380Z,1.1060,16,SYNTH
2026-04-21 13:45:38.258Z,1.1072,20,SYNTH
2026-04-21 13:45:39.079Z,1.1035,30,SYNTH
2026-04-21 13:45:40.832Z,1.1067,26,SYNTH
2026-04-21 13:45:41.734Z,1.1038,10,SYNTH
2026-04-21 13:45:42.154Z,1.1067,13,SYNTH
2026-04-21 13:45:43.883Z,1.1056,14,SYNTH
2026-04-21 13:45:44.172Z,1.1029,8,SYNTH
2026-04-21 13:45:45.666Z,1.1055,11,SYNTH
2026-04-21 13:45:46.482Z,1.1058,20,SYNTH
2026-04-21 13:45:47.693Z,1.1046,21,SYNTH
2026-04-21 13:45:48.173Z,1.1061,11,SYNTH
2026-04-21 13:45:49.758Z,1.1034,12,SYNTH
2026-04-21 13:45:50.499Z,1.1068,17,SYNTH
2026-04-21 13:45:51.878Z,1.1034,17,SYNTH
2026-04-21 13:45:52.798Z,1.1072,13,SYNTH
2026-04-21 13:45:53.338Z,1.1066,17,SYNTH
2026-04-21 13:45:54.676Z,1.1048,8,SYNTH
2026-04-21 13:45:55.232Z,1.1033,19,SYNTH
2026-04-21 13:45:56.816Z,1.1046,19,SYNTH
2026-04-21 13:45:57.415Z,1.1045,19,SYNTH
2026-04-21 13:45:58.451Z,1.1055,16,SYNTH
2026-04-21 13:45:59.730Z,1.1066,17,SYNTH
2026-04-21 13:46:00.623Z,1.1066,23,SYNTH
2026-04-21 13:46:01.564Z,1.1065,10,SYNTH
2026-04-21 13:46:02.382Z,1.1042,13,SYNTH
2026-04-21 13:46:03.356Z,1.1056,19,SYNTH
2026-04-21 13:46:04.493Z,1.1063,22,SYNTH
2026-04-21 13:46:05.329Z,1.1044,13,SYNTH
2026-04-21 13:46:06.224Z,1.1068,13,SYNTH
2026-04-21 13:46:07.299Z,1.1030,13,SYNTH
2026-04-21 13:46:08.834Z,1.1059,13,SYNTH
2026-04-21 13:46:09.424Z,1.1036,17,SYNTH
2026-04-21 13:46:10.026Z,1.1030,10,SYNTH
2026-04-21 13:46:11.686Z,1.1054,24,SYNTH
2026-04-21 13:46:12.731Z,1.1059,46,SYNTH
2026-04-21 13:46:13.064Z,1.1061,36,SYNTH
2026-04-21 13:46:14.337Z,1.1048,18,SYNTH
2026-04-21 13:46:15.374Z,1.1036,9,SYNTH
2026-04-21 13:46:16.734Z,1.1052,15,SYNTH
2026-04-21 13:46:17.603Z,1.1028,26,SYNTH
2026-04-21 13:46:18.281Z,1.1056,18,SYNTH
2026-04-21 13:46:19.398Z,1.1071,27,SYNTH
2026-04-21 13:46:20.847Z,1.1046,14,SYNTH
2026-04-21 13:46:21.256Z,1.1056,14,SYNTH
2026-04-21 13:46:22.362Z,1.1029,8,SYNTH
2026-04-21 13:46:23.376Z,1.1051,16,SYNTH
2026-04-21 13:46:24.649Z,1.1057,8,SYNTH
2026-04-21 13:46:25.446Z,1.1070,12,SYNTH
2026-04-21 13:46:26.123Z,1.1032,9,SYNTH
2026-04-21 13:46:27.394Z,1.1052,16,SYNTH
2026-04-21 13:46:28.605Z,1.1032,11,SYNTH
2026-04-21 13:46:29.676Z,1.1067,14,SYNTH
2026-04-21 13:46:30.158Z,1.1028,10,SYNTH
2026-04-21 13:46:31.663Z,1.1040,10,SYNTH
2026-04-21 13:46:32.300Z,1.1068,8,SYNTH
2026-04-21 13:46:33.197Z,1.1046,12,SYNTH
2026-04-21 13:46:34.851Z,1.1062,14,SYNTH
2026-04-21 13:46:35.635Z,1.1055,10,SYNTH
2026-04-21 13:46:36.736Z,1.1042,13,SYNTH
2026-04-21 13:46:37.314Z,1.1066,20,SYNTH
2026-04-21 13:46:38.100Z,1.1062,38,SYNTH
2026-04-21 13:46:39.652Z,1.1039,40,SYNTH
2026-04-21 13:46:40.310Z,1.1054,38,SYNTH
2026-04-21 13:46:41.206Z,1.1047,14,SYNTH
2026-04-21 13:46:42.274Z,1.1036,12,SYNTH
2026-04-21 13:46:43.606Z,1.1057,13,SYNTH
2026-04-21 13:46:44.670Z,1.1054,11,SYNTH
2026-04-21 13:46:45.519Z,1.1050,15,SYNTH
2026-04-21 13:46:46.533Z,1.1035,28,SYNTH
2026-04-21 13:46:47.035Z,1.1072,23,SYNTH
2026-04-21 13:46:48.650Z,1.1029,16,SYNTH
2026-04-21 13:46:49.157Z,1.1057,12,SYNTH
2026-04-21 13:46:50.745Z,1.1054,12,SYNTH
2026-04-21 13:46:51.300Z,1.1053,19,SYNTH
2026-04-21 13:46:52.482Z,1.1042,16,SYNTH
2026-04-21 13:46:53.127Z,1.1068,14,SYNTH
2026-04-21 13:46:54.407Z,1.1052,13,SYNTH
2026-04-21 13:46:55.392Z,1.1031,15,SYNTH
2026-04-21 13:46:56.726Z,1.1061,16,SYNTH
2026-04-21 13:46:57.856Z,1.1069,24,SYNTH
2026-04-21 13:46:58.277Z,1.1056,15,SYNTH
2026-04-21 13:46:59.536Z,1.1038,14,SYNTH
2026-04-21 13:47:00.150Z,1.1021,18,SYNTH
2026-04-21 13:47:01.564Z,1.0995,25,SYNTH
2026-04-21 13:47:02.817Z,1.1033,24,SYNTH
2026-04-21 13:47:03.601Z,1.0996,25,SYNTH
2026-04-21 13:47:04.038Z,1.1029,25,SYNTH
2026-04-21 13:47:05.862Z,1.0994,19,SYNTH
2026-04-21 13:47:06.595Z,1.1030,22,SYNTH
2026-04-21 13:47:07.541Z,1.0994,12,SYNTH
2026-04-21 13:47:08.127Z,1.1019,17,SYNTH
2026-04-21 13:47:09.737Z,1.1026,11,SYNTH
2026-04-21 13:47:10.470Z,1.1027,11,SYNTH
2026-04-21 13:47:11.873Z,1.1025,39,SYNTH
2026-04-21 13:47:12.108Z,1.1029,26,SYNTH
2026-04-21 13:47:13.245Z,1.0997,22,SYNTH
2026-04-21 13:47:14.564Z,1.1027,13,SYNTH
2026-04-21 13:47:15.204Z,1.0998,13,SYNTH
2026-04-21 13:47:16.559Z,1.1011,34,SYNTH
2026-04-21 13:47:17.892Z,1.1031,20,SYNTH
2026-04-21 13:47:18.370Z,1.1023,31,SYNTH
2026-04-21 13:47:19.114Z,1.1022,31,SYNTH
2026-04-21 13:47:20.667Z,1.1006,12,SYNTH
2026-04-21 13:47:21.486Z,1.1006,19,SYNTH
2026-04-21 13:47:22.768Z,1.1035,15,SYNTH
2026-04-21 13:47:23.257Z,1.1034,19,SYNTH
2026-04-21 13:47:24.107Z,1.1013,12,SYNTH
2026-04-21 13:47:25.548Z,1.1038,8,SYNTH
2026-04-21 13:47:26.460Z,1.1045,19,SYNTH
2026-04-21 13:47:27.179Z,1.1033,8,SYNTH
2026-04-21 13:47:28.886Z,1.1040,17,SYNTH
2026-04-21 13:47:29.340Z,1.1015,18,SYNTH
2026-04-21 13:47:30.550Z,1.1053,16,SYNTH
2026-04-21 13:47:31.710Z,1.1052,19,SYNTH
2026-04-21 13:47:32.032Z,1.1058,11,SYNTH
2026-04-21 13:47:33.004Z,1.1045,18,SYNTH
2026-04-21 13:47:34.778Z,1.1060,8,SYNTH
2026-04-21 13:47:35.419Z,1.1063,17,SYNTH
2026-04-21 13:47:36.383Z,1.1051,14,SYNTH
2026-04-21 13:47:37.432Z,1.1062,33,SYNTH
2026-04-21 13:47:38.835Z,1.1071,22,SYNTH
2026-04-21 13:47:39.326Z,1.1051,47,SYNTH
2026-04-21 13:47:40.444Z,1.1054,48,SYNTH
2026-04-21 13:47:41.633Z,1.1031,18,SYNTH
2026-04-21 13:47:42.219Z,1.1038,8,SYNTH
2026-04-21 13:47:43.016Z,1.1049,9,SYNTH
2026-04-21 13:47:44.166Z,1.1063,19,SYNTH
2026-04-21 13:47:45.626Z,1.1034,25,SYNTH
2026-04-21 13:47:46.133Z,1.1059,19,SYNTH
2026-04-21 13:47:47.375Z,1.1060,26,SYNTH
2026-04-21 13:47:48.734Z,1.1061,18,SYNTH
2026-04-21 13:47:49.606Z,1.1030,21,SYNTH
2026-04-21 13:47:50.300Z,1.1058,19,SYNTH
2026-04-21 13:47:51.675Z,1.1045,18,SYNTH
2026-04-21 13:47:52.552Z,1.1057,21,SYNTH
2026-04-21 13:47:53.478Z,1.1053,14,SYNTH
2026-04-21 13:47:54.466Z,1.1063,21,SYNTH
2026-04-21 13:47:55.240Z,1.1042,17,SYNTH
2026-04-21 13:47:56.013Z,1.1055,17,SYNTH
2026-04-21 13:47:57.832Z,1.1067,16,SYNTH
2026-04-21 13:47:58.123Z,1.1068,28,SYNTH
2026-04-21 13:47:59.142Z,1.1036,26,SYNTH
2026-04-21 13:50:00.147Z,1.1059,26,SYNTH
2026-04-21 13:50:01.670Z,1.1056,29,SYNTH
2026-04-21 13:50:02.504Z,1.1056,34,SYNTH
2026-04-21 13:50:03.601Z,1.1028,19,SYNTH
2026-04-21 13:50:04.545Z,1.1070,34,SYNTH
2026-04-21 13:50:05.202Z,1.1047,15,SYNTH
2026-04-21 13:50:06.323Z,1.1061,32,SYNTH
2026-04-21 13:50:07.337Z,1.1062,33,SYNTH
2026-04-21 13:50:08.898Z,1.1032,23,SYNTH
2026-04-21 13:50:09.839Z,1.1051,27,SYNTH
2026-04-21 13:50:10.592Z,1.1052,13,SYNTH
2026-04-21 13:50:11.255Z,1.1033,37,SYNTH
2026-04-21 13:50:12.762Z,1.1060,63,SYNTH
2026-04-21 13:50:13.233Z,1.1054,40,SYNTH
2026-04-21 13:50:14.638Z,1.1070,24,SYNTH
2026-04-21 13:50:15.690Z,1.1036,26,SYNTH
2026-04-21 13:50:16.417Z,1.1063,46,SYNTH
2026-04-21 13:50:17.767Z,1.1067,25,SYNTH
2026-04-21 13:50:18.854Z,1.1043,26,SYNTH
2026-04-21 13:50:19.795Z,1.1051,28,SYNTH
2026-04-21 13:50:20.715Z,1.1053,11,SYNTH
2026-04-21 13:50:21.681Z,1.1040,25,SYNTH
2026-04-21 13:50:22.523Z,1.1067,13,SYNTH
2026-04-21 13:50:23.586Z,1.1044,24,SYNTH
2026-04-21 13:50:24.707Z,1.1051,21,SYNTH
2026-04-21 13:50:25.070Z,1.1030,12,SYNTH
2026-04-21 13:50:26.036Z,1.1055,18,SYNTH
2026-04-21 13:50:27.352Z,1.1059,14,SYNTH
2026-04-21 13:50:28.739Z,1.1034,15,SYNTH
2026-04-21 13:50:29.824Z,1.1034,11,SYNTH
2026-04-21 13:50:30.371Z,1.1054,19,SYNTH
2026-04-21 13:50:31.890Z,1.1047,19,SYNTH
2026-04-21 13:50:32.097Z,1.1066,18,SYNTH
2026-04-21 13:50:33.011Z,1.1037,14,SYNTH
2026-04-21 13:50:34.552Z,1.1071,21,SYNTH
2026-04-21 13:50:35.579Z,1.1040,14,SYNTH
2026-04-21 13:50:36.865Z,1.1058,16,SYNTH
2026-04-21 13:50:37.888Z,1.1052,46,SYNTH
2026-04-21 13:50:38.446Z,1.1055,31,SYNTH
2026-04-21 13:50:39.468Z,1.1040,44,SYNTH
2026-04-21 13:50:40.435Z,1.1061,63,SYNTH
2026-04-21 13:50:41.119Z,1.1059,19,SYNTH
2026-04-21 13:50:42.053Z,1.1030,18,SYNTH
2026-04-21 13:50:43.087Z,1.1068,13,SYNTH
2026-04-21 13:50:44.413Z,1.1027,24,SYNTH
2026-04-21 13:50:45.139Z,1.1050,41,SYNTH
2026-04-21 13:50:46.724Z,1.1071,42,SYNTH
2026-04-21 13:50:47.075Z,1.1030,26,SYNTH
2026-04-21 13:50:48.651Z,1.1056,12,SYNTH
2026-04-21 13:50:49.672Z,1.1064,16,SYNTH
2026-04-21 13:50:50.794Z,1.1055,16,SYNTH
2026-04-21 13:50:51.126Z,1.1031,17,SYNTH
2026-04-21 13:50:52.801Z,1.1064,27,SYNTH
2026-04-21 13:50:53.728Z,1.1032,32,SYNTH
2026-04-21 13:50:54.181Z,1.1061,16,SYNTH
2026-04-21 13:50:55.023Z,1.1052,26,SYNTH
2026-04-21 13:50:56.106Z,1.1058,31,SYNTH
2026-04-21 13:50:57.751Z,1.1044,20,SYNTH
2026-04-21 13:50:58.243Z,1.1042,17,SYNTH
2026-04-21 13:50:59.643Z,1.1057,19,SYNTH
2026-04-21 13:52:00.860Z,1.1063,56,SYNTH
2026-04-21 13:52:01.185Z,1.1028,73,SYNTH
2026-04-21 13:52:02.479Z,1.1052,95,SYNTH
2026-04-21 13:52:03.512Z,1.1066,109,SYNTH
2026-04-21 13:52:04.481Z,1.1066,66,SYNTH
2026-04-21 13:52:05.865Z,1.1051,94,SYNTH
2026-04-21 13:52:06.713Z,1.1034,57,SYNTH
2026-04-21 13:52:07.597Z,1.1070,59,SYNTH
2026-04-21 13:52:08.298Z,1.1036,94,SYNTH
2026-04-21 13:52:09.207Z,1.1068,70,SYNTH
2026-04-21 13:52:10.324Z,1.1061,73,SYNTH
2026-04-21 13:52:11.205Z,1.1042,139,SYNTH
2026-04-21 13:52:12.601Z,1.1052,171,SYNTH
2026-04-21 13:52:13.488Z,1.1046,173,SYNTH
2026-04-21 13:52:14.122Z,1.1038,44,SYNTH
2026-04-21 13:52:15.815Z,1.1062,65,SYNTH
2026-04-21 13:52:16.186Z,1.1071,144,SYNTH
2026-04-21 13:52:17.256Z,1.1060,71,SYNTH
2026-04-21 13:52:18.710Z,1.1038,95,SYNTH
2026-04-21 13:52:19.494Z,1.1065,102,SYNTH
2026-04-21 13:52:20.717Z,1.1037,38,SYNTH
2026-04-21 13:52:21.603Z,1.1056,79,SYNTH
2026-04-21 13:52:22.551Z,1.1041,80,SYNTH
2026-04-21 13:52:23.355Z,1.1044,79,SYNTH
2026-04-21 13:52:24.800Z,1.1053,36,SYNTH
2026-04-21 13:52:25.572Z,1.1049,40,SYNTH
2026-04-21 13:52:26.650Z,1.1059,80,SYNTH
2026-04-21 13:52:27.291Z,1.1043,73,SYNTH
2026-04-21 13:52:28.281Z,1.1051,68,SYNTH
2026-04-21 13:52:29.476Z,1.1053,64,SYNTH
2026-04-21 13:52:30.839Z,1.1057,44,SYNTH
2026-04-21 13:52:31.738Z,1.1059,39,SYNTH
2026-04-21 13:52:32.797Z,1.1041,65,SYNTH
2026-04-21 13:52:33.285Z,1.1074,80,SYNTH
2026-04-21 13:52:34.169Z,1.1045,42,SYNTH
2026-04-21 13:52:35.121Z,1.1037,61,SYNTH
2026-04-21 13:52:36.353Z,1.1075,52,SYNTH
2026-04-21 13:52:37.637Z,1.1065,180,SYNTH
2026-04-21 13:52:38.597Z,1.1058,167,SYNTH
2026-04-21 13:52:39.179Z,1.1051,190,SYNTH
2026-04-21 13:52:40.726Z,1.1073,173,SYNTH
2026-04-21 13:52:41.845Z,1.1044,75,SYNTH
2026-04-21 13:52:42.579Z,1.1055,68,SYNTH
2026-04-21 13:52:43.226Z,1.1067,77,SYNTH
2026-04-21 13:52:44.797Z,1.1044,65,SYNTH
2026-04-21 13:52:45.283Z,1.1071,120,SYNTH
2026-04-21 13:52:46.220Z,1.1063,138,SYNTH
2026-04-21 13:52:47.393Z,1.1036,112,SYNTH
2026-04-21 13:52:48.730Z,1.1074,74,SYNTH
2026-04-21 13:52:49.531Z,1.1041,45,SYNTH
2026-04-21 13:52:50.407Z,1.1043,50,SYNTH
2026-04-21 13:52:51.412Z,1.1058,72,SYNTH
2026-04-21 13:52:52.267Z,1.1040,45,SYNTH
2026-04-21 13:52:53.717Z,1.1062,48,SYNTH
2026-04-21 13:52:54.418Z,1.1049,110,SYNTH
2026-04-21 13:52:55.115Z,1.1073,70,SYNTH
2026-04-21 13:52:56.779Z,1.1072,97,SYNTH
2026-04-21 13:52:57.464Z,1.1048,72,SYNTH
2026-04-21 13:52:58.152Z,1.1059,119,SYNTH
2026-04-21 13:52:59.117Z,1.1075,61,SYNTH
2026-04-21 13:54:00.245Z,1.1067,4,SYNTH
2026-04-21 13:54:01.110Z,1.1031,7,SYNTH
2026-04-21 13:54:02.838Z,1.1060,4,SYNTH
2026-04-21 13:54:03.320Z,1.1071,7,SYNTH
2026-04-21 13:54:04.608Z,1.1031,6,SYNTH
2026-04-21 13:54:05.365Z,1.1068,6,SYNTH
2026-04-21 13:54:06.706Z,1.1059,3,SYNTH
2026-04-21 13:54:07.807Z,1.1045,4,SYNTH
2026-04-21 13:54:08.420Z,1.1055,5,SYNTH
2026-04-21 13:54:09.046Z,1.1057,6,SYNTH
2026-04-21 13:54:10.166Z,1.1036,5,SYNTH
2026-04-21 13:54:11.522Z,1.1068,11,SYNTH
2026-04-21 13:54:12.327Z,1.1060,10,SYNTH
2026-04-21 13:54:13.291Z,1.1047,6,SYNTH
2026-04-21 13:54:14.050Z,1.1040,3,SYNTH
2026-04-21 13:54:15.442Z,1.1064,4,SYNTH
2026-04-21 13:54:16.756Z,1.1059,5,SYNTH
2026-04-21 13:54:17.309Z,1.1050,4,SYNTH
2026-04-21 13:54:18.353Z,1.1041,9,SYNTH
2026-04-21 13:54:19.205Z,1.1066,8,SYNTH
2026-04-21 13:54:20.712Z,1.1057,4,SYNTH
2026-04-21 13:54:21.597Z,1.1035,3,SYNTH
2026-04-21 13:54:22.207Z,1.1057,3,SYNTH
2026-04-21 13:54:23.749Z,1.1072,5,SYNTH
2026-04-21 13:54:24.591Z,1.1031,3,SYNTH
2026-04-21 13:54:25.089Z,1.1059,3,SYNTH
2026-04-21 13:54:26.355Z,1.1043,2,SYNTH
2026-04-21 13:54:27.083Z,1.1052,3,SYNTH
2026-04-21 13:54:28.349Z,1.1049,3,SYNTH
2026-04-21 13:54:29.802Z,1.1030,2,SYNTH
2026-04-21 13:54:30.050Z,1.1038,5,SYNTH
2026-04-21 13:54:31.770Z,1.1068,4,SYNTH
2026-04-21 13:54:32.689Z,1.1061,4,SYNTH
2026-04-21 13:54:33.406Z,1.1046,2,SYNTH
2026-04-21 13:54:34.085Z,1.1062,3,SYNTH
2026-04-21 13:54:35.606Z,1.1043,4,SYNTH
2026-04-21 13:54:36.501Z,1.1052,4,SYNTH
2026-04-21 13:54:37.034Z,1.1031,10,SYNTH
2026-04-21 13:54:38.453Z,1.1067,8,SYNTH
2026-04-21 13:54:39.595Z,1.1057,10,SYNTH
2026-04-21 13:54:40.211Z,1.1045,11,SYNTH
2026-04-21 13:54:41.635Z,1.1057,4,SYNTH
2026-04-21 13:54:42.474Z,1.1036,4,SYNTH
2026-04-21 13:54:43.503Z,1.1066,5,SYNTH
2026-04-21 13:54:44.434Z,1.1032,2,SYNTH
2026-04-21 13:54:45.798Z,1.1055,5,SYNTH
2026-04-21 13:54:46.390Z,1.1035,4,SYNTH
2026-04-21 13:54:47.621Z,1.1033,8,SYNTH
2026-04-21 13:54:48.592Z,1.1056,4,SYNTH
2026-04-21 13:54:49.845Z,1.1072,5,SYNTH
2026-04-21 13:54:50.271Z,1.1049,4,SYNTH
2026-04-21 13:54:51.779Z,1.1061,5,SYNTH
2026-04-21 13:54:52.563Z,1.1030,5,SYNTH
2026-04-21 13:54:53.644Z,1.1072,3,SYNTH
2026-04-21 13:54:54.588Z,1.1057,4,SYNTH
2026-04-21 13:54:55.818Z,1.1039,6,SYNTH
2026-04-21 13:54:56.604Z,1.1036,6,SYNTH
2026-04-21 13:54:57.272Z,1.1042,7,SYNTH
2026-04-21 13:54:58.171Z,1.1051,4,SYNTH
2026-04-21 13:54:59.814Z,1.1061,4,SYNTH
2026-04-21 13:55:00.130Z,1.1068,59,SYNTH
2026-04-21 13:55:01.832Z,1.1069,26,SYNTH
2026-04-21 13:55:02.781Z,1.1043,29,SYNTH
2026-04-21 13:55:03.136Z,1.1057,25,SYNTH
2026-04-21 13:55:04.778Z,1.1056,60,SYNTH
2026-04-21 13:55:05.129Z,1.1080,53,SYNTH
2026-04-21 13:55:06.819Z,1.1043,26,SYNTH
2026-04-21 13:55:07.439Z,1.1072,32,SYNTH
2026-04-21 13:55:08.489Z,1.1080,47,SYNTH
2026-04-21 13:55:09.209Z,1.1058,49,SYNTH
2026-04-21 13:55:10.393Z,1.1053,23,SYNTH
2026-04-21 13:55:11.711Z,1.1079,67,SYNTH
2026-04-21 13:55:12.298Z,1.1048,114,SYNTH
2026-04-21 13:55:13.558Z,1.1074,99,SYNTH
2026-04-21 13:55:14.286Z,1.1056,25,SYNTH
2026-04-21 13:55:15.339Z,1.1070,38,SYNTH
2026-04-21 13:55:16.040Z,1.1080,77,SYNTH
2026-04-21 13:55:17.339Z,1.1064,74,SYNTH
2026-04-21 13:55:18.889Z,1.1057,75,SYNTH
2026-04-21 13:55:19.512Z,1.1046,60,SYNTH
2026-04-21 13:55:20.033Z,1.1068,38,SYNTH
2026-04-21 13:55:21.729Z,1.1051,29,SYNTH
2026-04-21 13:55:22.709Z,1.1054,37,SYNTH
2026-04-21 13:55:23.342Z,1.1044,20,SYNTH
2026-04-21 13:55:24.317Z,1.1034,40,SYNTH
2026-04-21 13:55:25.770Z,1.1055,31,SYNTH
2026-04-21 13:55:26.749Z,1.1023,22,SYNTH
2026-04-21 13:55:27.567Z,1.1030,18,SYNTH
2026-04-21 13:55:28.238Z,1.1021,32,SYNTH
2026-04-21 13:55:29.246Z,1.1009,22,SYNTH
2026-04-21 13:55:30.006Z,1.1008,41,SYNTH
2026-04-21 13:55:31.734Z,1.1012,38,SYNTH
2026-04-21 13:55:32.427Z,1.0999,40,SYNTH
2026-04-21 13:55:33.524Z,1.1015,29,SYNTH
2026-04-21 13:55:34.613Z,1.0997,36,SYNTH
2026-04-21 13:55:35.568Z,1.0982,26,SYNTH
2026-04-21 13:55:36.037Z,1.1022,30,SYNTH
2026-04-21 13:55:37.477Z,1.0998,83,SYNTH
2026-04-21 13:55:38.796Z,1.1011,101,SYNTH
2026-04-21 13:55:39.698Z,1.1007,55,SYNTH
2026-04-21 13:55:40.560Z,1.1014,111,SYNTH
2026-04-21 13:55:41.566Z,1.1009,34,SYNTH
2026-04-21 13:55:42.653Z,1.0986,33,SYNTH
2026-04-21 13:55:43.242Z,1.1009,46,SYNTH
2026-04-21 13:55:44.256Z,1.0996,25,SYNTH
2026-04-21 13:55:45.830Z,1.1015,58,SYNTH
2026-04-21 13:55:46.269Z,1.1024,46,SYNTH
2026-04-21 13:55:47.689Z,1.1016,64,SYNTH
2026-04-21 13:55:48.447Z,1.1016,29,SYNTH
2026-04-21 13:55:49.749Z,1.0989,23,SYNTH
2026-04-21 13:55:50.802Z,1.1019,34,SYNTH
2026-04-21 13:55:51.036Z,1.0986,39,SYNTH
2026-04-21 13:55:52.035Z,1.0993,40,SYNTH
2026-04-21 13:55:53.280Z,1.1021,41,SYNTH
2026-04-21 13:55:54.850Z,1.1017,54,SYNTH
2026-04-21 13:55:55.118Z,1.1015,44,SYNTH
2026-04-21 13:55:56.005Z,1.0999,31,SYNTH
2026-04-21 13:55:57.079Z,1.0994,39,SYNTH
2026-04-21 13:55:58.432Z,1.1007,48,SYNTH
2026-04-21 13:55:59.363Z,1.0991,59,SYNTH
2026-04-21 13:57:00.327Z,1.1060,5,SYNTH
2026-04-21 13:57:01.121Z,1.1061,4,SYNTH
2026-04-21 13:57:02.569Z,1.1030,6,SYNTH
2026-04-21 13:57:03.260Z,1.1064,5,SYNTH
2026-04-21 13:57:04.611Z,1.1064,4,SYNTH
2026-04-21 13:57:05.872Z,1.1047,5,SYNTH
2026-04-21 13:57:06.549Z,1.1071,6,SYNTH
2026-04-21 13:57:07.711Z,1.1045,6,SYNTH
2026-04-21 13:57:08.436Z,1.1067,4,SYNTH
2026-04-21 13:57:09.523Z,1.1062,5,SYNTH
2026-04-21 13:57:10.871Z,1.1028,4,SYNTH
2026-04-21 13:57:11.363Z,1.1059,7,SYNTH
2026-04-21 13:57:12.094Z,1.1061,10,SYNTH
2026-04-21 13:57:13.890Z,1.1071,12,SYNTH
2026-04-21 13:57:14.234Z,1.1054,3,SYNTH
2026-04-21 13:57:15.123Z,1.1034,4,SYNTH
2026-04-21 13:57:16.729Z,1.1030,4,SYNTH
2026-04-21 13:57:17.823Z,1.1065,6,SYNTH
2026-04-21 13:57:18.536Z,1.1040,4,SYNTH
2026-04-21 13:57:19.826Z,1.1049,9,SYNTH
2026-04-21 13:57:20.896Z,1.1053,2,SYNTH
2026-04-21 13:57:21.837Z,1.1053,3,SYNTH
2026-04-21 13:57:22.550Z,1.1043,4,SYNTH
2026-04-21 13:57:23.873Z,1.1037,3,SYNTH
2026-04-21 13:57:24.564Z,1.1059,3,SYNTH
2026-04-21 13:57:25.190Z,1.1036,4,SYNTH
2026-04-21 13:57:26.746Z,1.1038,4,SYNTH
2026-04-21 13:57:27.374Z,1.1060,3,SYNTH
2026-04-21 13:57:28.724Z,1.1045,4,SYNTH
2026-04-21 13:57:29.568Z,1.1065,3,SYNTH
2026-04-21 13:57:30.817Z,1.1062,5,SYNTH
2026-04-21 13:57:31.174Z,1.1066,3,SYNTH
2026-04-21 13:57:32.309Z,1.1071,3,SYNTH
2026-04-21 13:57:33.755Z,1.1036,5,SYNTH
2026-04-21 13:57:34.644Z,1.1037,4,SYNTH
2026-04-21 13:57:35.767Z,1.1057,4,SYNTH
2026-04-21 13:57:36.790Z,1.1042,2,SYNTH
2026-04-21 13:57:37.683Z,1.1052,8,SYNTH
2026-04-21 13:57:38.186Z,1.1049,6,SYNTH
2026-04-21 13:57:39.687Z,1.1044,8,SYNTH
2026-04-21 13:57:40.148Z,1.1053,6,SYNTH
2026-04-21 13:57:41.661Z,1.1053,5,SYNTH
2026-04-21 13:57:42.411Z,1.1070,4,SYNTH
2026-04-21 13:57:43.138Z,1.1054,4,SYNTH
2026-04-21 13:57:44.753Z,1.1040,5,SYNTH
2026-04-21 13:57:45.887Z,1.1031,7,SYNTH
2026-04-21 13:57:46.590Z,1.1065,4,SYNTH
2026-04-21 13:57:47.767Z,1.1065,6,SYNTH
2026-04-21 13:57:48.734Z,1.1035,5,SYNTH
2026-04-21 13:57:49.337Z,1.1065,4,SYNTH
2026-04-21 13:57:50.778Z,1.1045,5,SYNTH
2026-04-21 13:57:51.497Z,1.1053,4,SYNTH
2026-04-21 13:57:52.009Z,1.1047,3,SYNTH
2026-04-21 13:57:53.107Z,1.1054,6,SYNTH
2026-04-21 13:57:54.898Z,1.1067,5,SYNTH
2026-04-21 13:57:55.271Z,1.1030,4,SYNTH
2026-04-21 13:57:56.443Z,1.1069,6,SYNTH
2026-04-21 13:57:57.049Z,1.1031,5,SYNTH
2026-04-21 13:57:58.452Z,1.1067,4,SYNTH
2026-04-21 13:57:59.261Z,1.1043,4,SYNTH
2026-04-21 13:59:00.138Z,1.1067,85,SYNTH
2026-04-21 13:59:01.739Z,1.1039,107,SYNTH
2026-04-21 13:59:02.447Z,1.1061,50,SYNTH
2026-04-21 13:59:03.849Z,1.1058,97,SYNTH
2026-04-21 13:59:04.260Z,1.1033,101,SYNTH
2026-04-21 13:59:05.694Z,1.1057,43,SYNTH
2026-04-21 13:59:06.705Z,1.1038,80,SYNTH
2026-04-21 13:59:07.479Z,1.1061,50,SYNTH
2026-04-21 13:59:08.021Z,1.1047,71,SYNTH
2026-04-21 13:59:09.006Z,1.1068,88,SYNTH
2026-04-21 13:59:10.697Z,1.1062,51,SYNTH
2026-04-21 13:59:11.608Z,1.1044,200,SYNTH
2026-04-21 13:59:12.808Z,1.1062,126,SYNTH
2026-04-21 13:59:13.651Z,1.1044,164,SYNTH
2026-04-21 13:59:14.463Z,1.1054,73,SYNTH
2026-04-21 13:59:15.706Z,1.1046,55,SYNTH
2026-04-21 13:59:16.387Z,1.1050,114,SYNTH
2026-04-21 13:59:17.497Z,1.1041,120,SYNTH
2026-04-21 13:59:18.684Z,1.1053,67,SYNTH
2026-04-21 13:59:19.220Z,1.1061,136,SYNTH
2026-04-21 13:59:20.742Z,1.1068,38,SYNTH
2026-04-21 13:59:21.863Z,1.1059,68,SYNTH
2026-04-21 13:59:22.223Z,1.1071,34,SYNTH
2026-04-21 13:59:23.644Z,1.1077,65,SYNTH
2026-04-21 13:59:24.050Z,1.1070,41,SYNTH
2026-04-21 13:59:25.609Z,1.1074,64,SYNTH
2026-04-21 13:59:26.384Z,1.1079,46,SYNTH
2026-04-21 13:59:27.272Z,1.1085,32,SYNTH
2026-04-21 13:59:28.779Z,1.1075,51,SYNTH
2026-04-21 13:59:29.797Z,1.1100,58,SYNTH
2026-04-21 13:59:30.229Z,1.1078,54,SYNTH
2026-04-21 13:59:31.175Z,1.1097,42,SYNTH
2026-04-21 13:59:32.086Z,1.1094,43,SYNTH
2026-04-21 13:59:33.705Z,1.1096,54,SYNTH
2026-04-21 13:59:34.331Z,1.1111,40,SYNTH
2026-04-21 13:59:35.743Z,1.1105,67,SYNTH
2026-04-21 13:59:36.203Z,1.1100,61,SYNTH
2026-04-21 13:59:37.349Z,1.1107,116,SYNTH
2026-04-21 13:59:38.642Z,1.1104,142,SYNTH
2026-04-21 13:59:39.480Z,1.1085,164,SYNTH
2026-04-21 13:59:40.647Z,1.1117,149,SYNTH
2026-04-21 13:59:41.634Z,1.1093,56,SYNTH
2026-04-21 13:59:42.783Z,1.1092,70,SYNTH
2026-04-21 13:59:43.554Z,1.1083,69,SYNTH
2026-04-21 13:59:44.254Z,1.1093,62,SYNTH
2026-04-21 13:59:45.629Z,1.1108,69,SYNTH
2026-04-21 13:59:46.347Z,1.1116,124,SYNTH
2026-04-21 13:59:47.778Z,1.1083,128,SYNTH
2026-04-21 13:59:48.309Z,1.1106,74,SYNTH
2026-04-21 13:59:49.347Z,1.1112,83,SYNTH
2026-04-21 13:59:50.714Z,1.1113,58,SYNTH
2026-04-21 13:59:51.342Z,1.1092,50,SYNTH
2026-04-21 13:59:52.778Z,1.1112,82,SYNTH
2026-04-21 13:59:53.571Z,1.1114,80,SYNTH
2026-04-21 13:59:54.413Z,1.1115,75,SYNTH
2026-04-21 13:59:55.721Z,1.1109,85,SYNTH
2026-04-21 13:59:56.458Z,1.1094,73,SYNTH
2026-04-21 13:59:57.238Z,1.1119,109,SYNTH
2026-04-21 13:59:58.323Z,1.1103,75,SYNTH
2026-04-21 13:59:59.643Z,1.1095,108,SYNTH
2026-04-21 14:00:00.713Z,1.1107,5,SYNTH
2026-04-21 14:00:01.518Z,1.1093,5,SYNTH
2026-04-21 14:00:02.402Z,1.1114,3,SYNTH
2026-04-21 14:00:03.842Z,1.1095,4,SYNTH
2026-04-21 14:00:04.621Z,1.1084,3,SYNTH
2026-04-21 14:00:05.378Z,1.1110,3,SYNTH
2026-04-21 14:00:06.174Z,1.1108,2,SYNTH
2026-04-21 14:00:07.867Z,1.1107,2,SYNTH
2026-04-21 14:00:08.613Z,1.1079,3,SYNTH
2026-04-21 14:00:09.323Z,1.1110,2,SYNTH
2026-04-21 14:00:10.609Z,1.1079,2,SYNTH
2026-04-21 14:00:11.323Z,1.1105,4,SYNTH
2026-04-21 14:00:12.082Z,1.1119,8,SYNTH
2026-04-21 14:00:13.008Z,1.1083,8,SYNTH
2026-04-21 14:00:14.733Z,1.1107,2,SYNTH
2026-04-21 14:00:15.404Z,1.1086,2,SYNTH
2026-04-21 14:00:16.366Z,1.1077,6,SYNTH
2026-04-21 14:00:17.330Z,1.1100,4,SYNTH
2026-04-21 14:00:18.123Z,1.1079,5,SYNTH
2026-04-21 14:00:19.626Z,1.1075,3,SYNTH
2026-04-21 14:00:20.474Z,1.1114,3,SYNTH
2026-04-21 14:00:21.561Z,1.1080,2,SYNTH
2026-04-21 14:00:22.319Z,1.1112,2,SYNTH
2026-04-21 14:00:23.319Z,1.1086,3,SYNTH
2026-04-21 14:00:24.252Z,1.1104,2,SYNTH
2026-04-21 14:00:25.370Z,1.1107,3,SYNTH
2026-04-21 14:00:26.536Z,1.1113,2,SYNTH
2026-04-21 14:00:27.802Z,1.1116,2,SYNTH
2026-04-21 14:00:28.391Z,1.1087,2,SYNTH
2026-04-21 14:00:29.350Z,1.1104,3,SYNTH
2026-04-21 14:00:30.441Z,1.1079,2,SYNTH
2026-04-21 14:00:31.546Z,1.1112,2,SYNTH
2026-04-21 14:00:32.465Z,1.1085,1,SYNTH
2026-04-21 14:00:33.861Z,1.1108,1,SYNTH
2026-04-21 14:00:34.212Z,1.1101,2,SYNTH
2026-04-21 14:00:35.327Z,1.1079,3,SYNTH
2026-04-21 14:00:36.620Z,1.1114,3,SYNTH
2026-04-21 14:00:37.827Z,1.1096,4,SYNTH
2026-04-21 14:00:38.720Z,1.1113,8,SYNTH
2026-04-21 14:00:39.404Z,1.1104,8,SYNTH
2026-04-21 14:00:40.024Z,1.1089,8,SYNTH
2026-04-21 14:00:41.634Z,1.1103,3,SYNTH
2026-04-21 14:00:42.595Z,1.1114,3,SYNTH
2026-04-21 14:00:43.028Z,1.1081,2,SYNTH
2026-04-21 14:00:44.244Z,1.1118,4,SYNTH
2026-04-21 14:00:45.362Z,1.1104,3,SYNTH
2026-04-21 14:00:46.664Z,1.1085,3,SYNTH
2026-04-21 14:00:47.478Z,1.1080,5,SYNTH
2026-04-21 14:00:48.632Z,1.1104,2,SYNTH
2026-04-21 14:00:49.464Z,1.1088,3,SYNTH
2026-04-21 14:00:50.651Z,1.1114,4,SYNTH
2026-04-21 14:00:51.795Z,1.1110,2,SYNTH
2026-04-21 14:00:52.148Z,1.1086,2,SYNTH
2026-04-21 14:00:53.045Z,1.1118,4,SYNTH
2026-04-21 14:00:54.574Z,1.1081,3,SYNTH
2026-04-21 14:00:55.710Z,1.1113,3,SYNTH
2026-04-21 14:00:56.551Z,1.1102,2,SYNTH
2026-04-21 14:00:57.339Z,1.1092,4,SYNTH
2026-04-21 14:00:58.426Z,1.1100,4,SYNTH
2026-04-21 14:00:59.645Z,1.1086,5,SYNTH
2026-04-21 14:01:00.763Z,1.1055,8,SYNTH
2026-04-21 14:01:01.027Z,1.1075,4,SYNTH
2026-04-21 14:01:02.487Z,1.1066,7,SYNTH
2026-04-21 14:01:03.487Z,1.1044,4,SYNTH
2026-04-21 14:01:04.780Z,1.1044,4,SYNTH
2026-04-21 14:01:05.530Z,1.1072,7,SYNTH
2026-04-21 14:01:06.806Z,1.1059,7,SYNTH
2026-04-21 14:01:07.168Z,1.1047,8,SYNTH
2026-04-21 14:01:08.852Z,1.1058,8,SYNTH
2026-04-21 14:01:09.784Z,1.1070,6,SYNTH
2026-04-21 14:01:10.114Z,1.1050,7,SYNTH
2026-04-21 14:01:11.367Z,1.1075,16,SYNTH
2026-04-21 14:01:12.426Z,1.1037,10,SYNTH
2026-04-21 14:01:13.618Z,1.1052,17,SYNTH
2026-04-21 14:01:14.714Z,1.1069,7,SYNTH
2026-04-21 14:01:15.228Z,1.1062,6,SYNTH
2026-04-21 14:01:16.223Z,1.1076,8,SYNTH
2026-04-21 14:01:17.045Z,1.1041,6,SYNTH
2026-04-21 14:01:18.382Z,1.1061,7,SYNTH
2026-04-21 14:01:19.630Z,1.1070,9,SYNTH
2026-04-21 14:01:20.313Z,1.1050,4,SYNTH
2026-04-21 14:01:21.518Z,1.1071,5,SYNTH
2026-04-21 14:01:22.670Z,1.1042,5,SYNTH
2026-04-21 14:01:23.310Z,1.1064,4,SYNTH
2026-04-21 14:01:24.444Z,1.1067,4,SYNTH
2026-04-21 14:01:25.803Z,1.1050,4,SYNTH
2026-04-21 14:01:26.459Z,1.1057,5,SYNTH
2026-04-21 14:01:27.543Z,1.1066,4,SYNTH
2026-04-21 14:01:28.428Z,1.1039,6,SYNTH
2026-04-21 14:01:29.499Z,1.1065,5,SYNTH
2026-04-21 14:01:30.505Z,1.1049,6,SYNTH
2026-04-21 14:01:31.260Z,1.1053,4,SYNTH
2026-04-21 14:01:32.524Z,1.1062,5,SYNTH
2026-04-21 14:01:33.030Z,1.1048,4,SYNTH
2026-04-21 14:01:34.262Z,1.1075,6,SYNTH
2026-04-21 14:01:35.449Z,1.1048,6,SYNTH
2026-04-21 14:01:36.578Z,1.1070,5,SYNTH
2026-04-21 14:01:37.688Z,1.1067,9,SYNTH
2026-04-21 14:01:38.524Z,1.1042,17,SYNTH
2026-04-21 14:01:39.708Z,1.1063,17,SYNTH
2026-04-21 14:01:40.694Z,1.1035,8,SYNTH
2026-04-21 14:01:41.256Z,1.1070,7,SYNTH
2026-04-21 14:01:42.873Z,1.1049,3,SYNTH
2026-04-21 14:01:43.113Z,1.1058,4,SYNTH
2026-04-21 14:01:44.044Z,1.1036,6,SYNTH
2026-04-21 14:01:45.163Z,1.1033,5,SYNTH
2026-04-21 14:01:46.883Z,1.1046,8,SYNTH
2026-04-21 14:01:47.615Z,1.1064,12,SYNTH
2026-04-21 14:01:48.045Z,1.1073,3,SYNTH
2026-04-21 14:01:49.395Z,1.1033,5,SYNTH
2026-04-21 14:01:50.264Z,1.1055,6,SYNTH
2026-04-21 14:01:51.096Z,1.1077,8,SYNTH
2026-04-21 14:01:52.758Z,1.1045,4,SYNTH
2026-04-21 14:01:53.193Z,1.1065,6,SYNTH
2026-04-21 14:01:54.753Z,1.1041,4,SYNTH
2026-04-21 14:01:55.055Z,1.1071,7,SYNTH
2026-04-21 14:01:56.601Z,1.1040,8,SYNTH
2026-04-21 14:01:57.859Z,1.1063,6,SYNTH
2026-04-21 14:01:58.669Z,1.1061,5,SYNTH
2026-04-21 14:01:59.289Z,1.1074,7,SYNTH
2026-04-21 14:03:00.202Z,1.1108,57,SYNTH
2026-04-21 14:03:01.704Z,1.1110,50,SYNTH
2026-04-21 14:03:02.414Z,1.1116,72,SYNTH
2026-04-21 14:03:03.818Z,1.1094,30,SYNTH
2026-04-21 14:03:04.138Z,1.1111,33,SYNTH
2026-04-21 14:03:05.419Z,1.1085,40,SYNTH
2026-04-21 14:03:06.081Z,1.1118,50,SYNTH
2026-04-21 14:03:07.012Z,1.1116,41,SYNTH
2026-04-21 14:03:08.441Z,1.1119,62,SYNTH
2026-04-21 14:03:09.581Z,1.1081,54,SYNTH
2026-04-21 14:03:10.617Z,1.1088,50,SYNTH
2026-04-21 14:03:11.253Z,1.1116,84,SYNTH
2026-04-21 14:03:12.110Z,1.1120,101,SYNTH
2026-04-21 14:03:13.518Z,1.1097,65,SYNTH
2026-04-21 14:03:14.191Z,1.1102,47,SYNTH
2026-04-21 14:03:15.414Z,1.1087,37,SYNTH
2026-04-21 14:03:16.835Z,1.1115,53,SYNTH
2026-04-21 14:03:17.803Z,1.1105,54,SYNTH
2026-04-21 14:03:18.683Z,1.1087,84,SYNTH
2026-04-21 14:03:19.890Z,1.1110,84,SYNTH
2026-04-21 14:03:20.144Z,1.1094,44,SYNTH
2026-04-21 14:03:21.374Z,1.1082,43,SYNTH
2026-04-21 14:03:22.059Z,1.1097,31,SYNTH
2026-04-21 14:03:23.719Z,1.1070,36,SYNTH
2026-04-21 14:03:24.158Z,1.1072,40,SYNTH
2026-04-21 14:03:25.248Z,1.1068,46,SYNTH
2026-04-21 14:03:26.697Z,1.1063,47,SYNTH
2026-04-21 14:03:27.736Z,1.1073,29,SYNTH
2026-04-21 14:03:28.847Z,1.1065,48,SYNTH
2026-04-21 14:03:29.681Z,1.1067,32,SYNTH
2026-04-21 14:03:30.175Z,1.1052,22,SYNTH
2026-04-21 14:03:31.641Z,1.1057,48,SYNTH
2026-04-21 14:03:32.207Z,1.1059,25,SYNTH
2026-04-21 14:03:33.774Z,1.1071,22,SYNTH
2026-04-21 14:03:34.285Z,1.1048,43,SYNTH
2026-04-21 14:03:35.462Z,1.1045,33,SYNTH
2026-04-21 14:03:36.472Z,1.1064,35,SYNTH
2026-04-21 14:03:37.375Z,1.1032,86,SYNTH
2026-04-21 14:03:38.849Z,1.1064,68,SYNTH
2026-04-21 14:03:39.066Z,1.1031,66,SYNTH
2026-04-21 14:03:40.410Z,1.1061,87,SYNTH
2026-04-21 14:03:41.702Z,1.1063,52,SYNTH
2026-04-21 14:03:42.849Z,1.1066,48,SYNTH
2026-04-21 14:03:43.186Z,1.1057,26,SYNTH
2026-04-21 14:03:44.783Z,1.1072,54,SYNTH
2026-04-21 14:03:45.312Z,1.1052,71,SYNTH
2026-04-21 14:03:46.208Z,1.1068,68,SYNTH
2026-04-21 14:03:47.516Z,1.1041,68,SYNTH
2026-04-21 14:03:48.308Z,1.1075,51,SYNTH
2026-04-21 14:03:49.768Z,1.1047,50,SYNTH
2026-04-21 14:03:50.729Z,1.1050,29,SYNTH
2026-04-21 14:03:51.159Z,1.1035,62,SYNTH
2026-04-21 14:03:52.524Z,1.1059,44,SYNTH
2026-04-21 14:03:53.388Z,1.1063,63,SYNTH
2026-04-21 14:03:54.041Z,1.1040,57,SYNTH
2026-04-21 14:03:55.085Z,1.1064,57,SYNTH
2026-04-21 14:03:56.740Z,1.1036,66,SYNTH
2026-04-21 14:03:57.107Z,1.1046,63,SYNTH
2026-04-21 14:03:58.206Z,1.1058,46,SYNTH
2026-04-21 14:03:59.031Z,1.1070,46,SYNTH
2026-04-21 14:04:00.791Z,1.1087,100,SYNTH
2026-04-21 14:04:01.266Z,1.1101,136,SYNTH
2026-04-21 14:04:02.396Z,1.1066,160,SYNTH
2026-04-21 14:04:03.252Z,1.1104,139,SYNTH
2026-04-21 14:04:04.073Z,1.1091,140,SYNTH
2026-04-21 14:04:05.885Z,1.1090,92,SYNTH
2026-04-21 14:04:06.029Z,1.1067,108,SYNTH
2026-04-21 14:04:07.742Z,1.1080,109,SYNTH
2026-04-21 14:04:08.365Z,1.1100,133,SYNTH
2026-04-21 14:04:09.708Z,1.1104,96,SYNTH
2026-04-21 14:04:10.792Z,1.1071,95,SYNTH
2026-04-21 14:04:11.330Z,1.1099,239,SYNTH
2026-04-21 14:04:12.612Z,1.1069,268,SYNTH
2026-04-21 14:04:13.630Z,1.1097,227,SYNTH
2026-04-21 14:04:14.172Z,1.1070,84,SYNTH
2026-04-21 14:04:15.899Z,1.1085,63,SYNTH
2026-04-21 14:04:16.649Z,1.1091,201,SYNTH
2026-04-21 14:04:17.300Z,1.1073,183,SYNTH
2026-04-21 14:04:18.097Z,1.1100,245,SYNTH
2026-04-21 14:04:19.673Z,1.1068,237,SYNTH
2026-04-21 14:04:20.036Z,1.1071,117,SYNTH
2026-04-21 14:04:21.848Z,1.1064,56,SYNTH
2026-04-21 14:04:22.685Z,1.1064,114,SYNTH
2026-04-21 14:04:23.097Z,1.1073,100,SYNTH
2026-04-21 14:04:24.281Z,1.1078,88,SYNTH
2026-04-21 14:04:25.143Z,1.1064,60,SYNTH
2026-04-21 14:04:26.232Z,1.1067,85,SYNTH
2026-04-21 14:04:27.392Z,1.1089,120,SYNTH
2026-04-21 14:04:28.795Z,1.1059,102,SYNTH
2026-04-21 14:04:29.513Z,1.1059,96,SYNTH
2026-04-21 14:04:30.878Z,1.1071,74,SYNTH
2026-04-21 14:04:31.305Z,1.1044,55,SYNTH
2026-04-21 14:04:32.759Z,1.1058,100,SYNTH
2026-04-21 14:04:33.273Z,1.1036,91,SYNTH
2026-04-21 14:04:34.248Z,1.1044,103,SYNTH
2026-04-21 14:04:35.732Z,1.1051,103,SYNTH
2026-04-21 14:04:36.869Z,1.1043,61,SYNTH
2026-04-21 14:04:37.749Z,1.1042,229,SYNTH
2026-04-21 14:04:38.151Z,1.1043,150,SYNTH
2026-04-21 14:04:39.443Z,1.1067,222,SYNTH
2026-04-21 14:04:40.041Z,1.1068,253,SYNTH
2026-04-21 14:04:41.243Z,1.1064,82,SYNTH
2026-04-21 14:04:42.808Z,1.1068,91,SYNTH
2026-04-21 14:04:43.814Z,1.1032,89,SYNTH
2026-04-21 14:04:44.229Z,1.1059,141,SYNTH
2026-04-21 14:04:45.486Z,1.1031,179,SYNTH
2026-04-21 14:04:46.414Z,1.1058,174,SYNTH
2026-04-21 14:04:47.736Z,1.1072,111,SYNTH
2026-04-21 14:04:48.691Z,1.1074,132,SYNTH
2026-04-21 14:04:49.039Z,1.1039,71,SYNTH
2026-04-21 14:04:50.204Z,1.1047,90,SYNTH
2026-04-21 14:04:51.137Z,1.1055,133,SYNTH
2026-04-21 14:04:52.894Z,1.1058,134,SYNTH
2026-04-21 14:04:53.319Z,1.1062,120,SYNTH
2026-04-21 14:04:54.849Z,1.1039,161,SYNTH
2026-04-21 14:04:55.618Z,1.1030,74,SYNTH
2026-04-21 14:04:56.384Z,1.1055,125,SYNTH
2026-04-21 14:04:57.825Z,1.1046,108,SYNTH
2026-04-21 14:04:58.897Z,1.1029,187,SYNTH
2026-04-21 14:04:59.265Z,1.1058,153,SYNTH
2026-04-21 14:07:00.334Z,1.1103,3,SYNTH
2026-04-21 14:07:01.727Z,1.1117,2,SYNTH
2026-04-21 14:07:02.657Z,1.1090,1,SYNTH
2026-04-21 14:07:03.548Z,1.1119,1,SYNTH
2026-04-21 14:07:04.835Z,1.1119,2,SYNTH
2026-04-21 14:07:05.161Z,1.1079,2,SYNTH
2026-04-21 14:07:06.779Z,1.1106,2,SYNTH
2026-04-21 14:07:07.843Z,1.1120,2,SYNTH
2026-04-21 14:07:08.587Z,1.1087,2,SYNTH
2026-04-21 14:07:09.394Z,1.1085,1,SYNTH
2026-04-21 14:07:10.032Z,1.1092,1,SYNTH
2026-04-21 14:07:11.127Z,1.1102,5,SYNTH
2026-04-21 14:07:12.441Z,1.1104,3,SYNTH
2026-04-21 14:07:13.867Z,1.1106,5,SYNTH
2026-04-21 14:07:14.319Z,1.1120,2,SYNTH
2026-04-21 14:07:15.379Z,1.1092,2,SYNTH
2026-04-21 14:07:16.128Z,1.1079,2,SYNTH
2026-04-21 14:07:17.610Z,1.1106,3,SYNTH
2026-04-21 14:07:18.770Z,1.1080,2,SYNTH
2026-04-21 14:07:19.812Z,1.1115,3,SYNTH
2026-04-21 14:07:20.072Z,1.1115,1,SYNTH
2026-04-21 14:07:21.757Z,1.1077,2,SYNTH
2026-04-21 14:07:22.184Z,1.1104,1,SYNTH
2026-04-21 14:07:23.700Z,1.1116,1,SYNTH
2026-04-21 14:07:24.229Z,1.1105,1,SYNTH
2026-04-21 14:07:25.338Z,1.1093,2,SYNTH
2026-04-21 14:07:26.347Z,1.1116,2,SYNTH
2026-04-21 14:07:27.854Z,1.1108,1,SYNTH
2026-04-21 14:07:28.853Z,1.1114,2,SYNTH
2026-04-21 14:07:29.496Z,1.1106,1,SYNTH
2026-04-21 14:07:30.372Z,1.1097,1,SYNTH
2026-04-21 14:07:31.247Z,1.1120,1,SYNTH
2026-04-21 14:07:32.120Z,1.1078,2,SYNTH
2026-04-21 14:07:33.113Z,1.1115,1,SYNTH
2026-04-21 14:07:34.579Z,1.1110,2,SYNTH
2026-04-21 14:07:35.864Z,1.1086,1,SYNTH
2026-04-21 14:07:36.044Z,1.1113,2,SYNTH
2026-04-21 14:07:37.057Z,1.1084,4,SYNTH
2026-04-21 14:07:38.244Z,1.1091,5,SYNTH
2026-04-21 14:07:39.815Z,1.1100,4,SYNTH
2026-04-21 14:07:40.512Z,1.1112,4,SYNTH
2026-04-21 14:07:41.460Z,1.1085,2,SYNTH
2026-04-21 14:07:42.537Z,1.1107,2,SYNTH
2026-04-21 14:07:43.547Z,1.1121,1,SYNTH
2026-04-21 14:07:44.471Z,1.1098,2,SYNTH
2026-04-21 14:07:45.263Z,1.1111,2,SYNTH
2026-04-21 14:07:46.305Z,1.1115,2,SYNTH
2026-04-21 14:07:47.140Z,1.1089,3,SYNTH
2026-04-21 14:07:48.364Z,1.1107,2,SYNTH
2026-04-21 14:07:49.002Z,1.1080,1,SYNTH
2026-04-21 14:07:50.442Z,1.1111,2,SYNTH
2026-04-21 14:07:51.331Z,1.1081,2,SYNTH
2026-04-21 14:07:52.121Z,1.1107,1,SYNTH
2026-04-21 14:07:53.091Z,1.1080,2,SYNTH
2026-04-21 14:07:54.540Z,1.1116,1,SYNTH
2026-04-21 14:07:55.242Z,1.1093,1,SYNTH
2026-04-21 14:07:56.561Z,1.1102,2,SYNTH
2026-04-21 14:07:57.254Z,1.1092,2,SYNTH
2026-04-21 14:07:58.178Z,1.1102,2,SYNTH
2026-04-21 14:07:59.536Z,1.1082,1,SYNTH
2026-04-21 14:08:00.852Z,1.1055,1628,SYNTH
2026-04-21 14:08:01.627Z,1.1058,2066,SYNTH
2026-04-21 14:08:02.662Z,1.1032,1852,SYNTH
2026-04-21 14:08:03.471Z,1.1054,2068,SYNTH
2026-04-21 14:08:04.560Z,1.1064,1882,SYNTH
2026-04-21 14:08:05.320Z,1.1066,866,SYNTH
2026-04-21 14:08:06.850Z,1.1034,1785,SYNTH
2026-04-21 14:08:07.200Z,1.1059,1885,SYNTH
2026-04-21 14:08:08.050Z,1.1068,1838,SYNTH
2026-04-21 14:08:09.784Z,1.1030,1697,SYNTH
2026-04-21 14:08:10.555Z,1.1066,1552,SYNTH
2026-04-21 14:08:11.340Z,1.1065,2513,SYNTH
2026-04-21 14:08:12.093Z,1.1041,2039,SYNTH
2026-04-21 14:08:13.444Z,1.1061,4017,SYNTH
2026-04-21 14:08:14.328Z,1.1061,1643,SYNTH
2026-04-21 14:08:15.784Z,1.1047,751,SYNTH
2026-04-21 14:08:16.304Z,1.1067,2351,SYNTH
2026-04-21 14:08:17.501Z,1.1068,1436,SYNTH
2026-04-21 14:08:18.523Z,1.1043,2016,SYNTH
2026-04-21 14:08:19.238Z,1.1068,2589,SYNTH
2026-04-21 14:08:20.410Z,1.1061,1038,SYNTH
2026-04-21 14:08:21.870Z,1.1079,1087,SYNTH
2026-04-21 14:08:22.632Z,1.1074,670,SYNTH
2026-04-21 14:08:23.512Z,1.1085,621,SYNTH
2026-04-21 14:08:24.313Z,1.1103,657,SYNTH
2026-04-21 14:08:25.130Z,1.1127,1009,SYNTH
2026-04-21 14:08:26.054Z,1.1124,863,SYNTH
2026-04-21 14:08:27.155Z,1.1150,639,SYNTH
2026-04-21 14:08:28.352Z,1.1155,1341,SYNTH
2026-04-21 14:08:29.328Z,1.1179,711,SYNTH
2026-04-21 14:08:30.150Z,1.1183,1073,SYNTH
2026-04-21 14:08:31.332Z,1.1196,1420,SYNTH
2026-04-21 14:08:32.311Z,1.1224,1170,SYNTH
2026-04-21 14:08:33.436Z,1.1234,1039,SYNTH
2026-04-21 14:08:34.846Z,1.1229,616,SYNTH
2026-04-21 14:08:35.315Z,1.1251,1335,SYNTH
2026-04-21 14:08:36.457Z,1.1265,1482,SYNTH
2026-04-21 14:08:37.119Z,1.1259,3675,SYNTH
2026-04-21 14:08:38.390Z,1.1255,3536,SYNTH
2026-04-21 14:08:39.515Z,1.1262,3034,SYNTH
2026-04-21 14:08:40.261Z,1.1256,2260,SYNTH
2026-04-21 14:08:41.709Z,1.1231,1440,SYNTH
2026-04-21 14:08:42.164Z,1.1236,1279,SYNTH
2026-04-21 14:08:43.059Z,1.1236,1040,SYNTH
2026-04-21 14:08:44.721Z,1.1256,984,SYNTH
2026-04-21 14:08:45.665Z,1.1226,1306,SYNTH
2026-04-21 14:08:46.293Z,1.1217,1953,SYNTH
2026-04-21 14:08:47.197Z,1.1220,1937,SYNTH
2026-04-21 14:08:48.703Z,1.1230,1099,SYNTH
2026-04-21 14:08:49.223Z,1.1239,1007,SYNTH
2026-04-21 14:08:50.647Z,1.1247,1623,SYNTH
2026-04-21 14:08:51.310Z,1.1249,1358,SYNTH
2026-04-21 14:08:52.813Z,1.1231,1133,SYNTH
2026-04-21 14:08:53.290Z,1.1245,998,SYNTH
2026-04-21 14:08:54.035Z,1.1252,995,SYNTH
2026-04-21 14:08:55.296Z,1.1252,1259,SYNTH
2026-04-21 14:08:56.445Z,1.1254,1562,SYNTH
2026-04-21 14:08:57.544Z,1.1230,1658,SYNTH
2026-04-21 14:08:58.467Z,1.1235,2098,SYNTH
2026-04-21 14:08:59.711Z,1.1260,958,SYNTH
2026-04-21 14:09:00.232Z,1.1268,107,SYNTH
2026-04-21 14:09:01.477Z,1.1237,105,SYNTH
2026-04-21 14:09:02.357Z,1.1265,97,SYNTH
2026-04-21 14:09:03.688Z,1.1267,75,SYNTH
2026-04-21 14:09:04.699Z,1.1238,103,SYNTH
2026-04-21 14:09:05.623Z,1.1270,99,SYNTH
2026-04-21 14:09:06.617Z,1.1245,78,SYNTH
2026-04-21 14:09:07.412Z,1.1270,130,SYNTH
2026-04-21 14:09:08.170Z,1.1231,93,SYNTH
2026-04-21 14:09:09.773Z,1.1233,128,SYNTH
2026-04-21 14:09:10.304Z,1.1256,71,SYNTH
2026-04-21 14:09:11.821Z,1.1229,291,SYNTH
2026-04-21 14:09:12.756Z,1.1264,251,SYNTH
2026-04-21 14:09:13.725Z,1.1262,133,SYNTH
2026-04-21 14:09:14.776Z,1.1237,98,SYNTH
2026-04-21 14:09:15.507Z,1.1245,92,SYNTH
2026-04-21 14:09:16.874Z,1.1265,185,SYNTH
2026-04-21 14:09:17.339Z,1.1266,89,SYNTH
2026-04-21 14:09:18.779Z,1.1242,140,SYNTH
2026-04-21 14:09:19.502Z,1.1261,152,SYNTH
2026-04-21 14:09:20.538Z,1.1267,71,SYNTH
2026-04-21 14:09:21.186Z,1.1267,105,SYNTH
2026-04-21 14:09:22.850Z,1.1254,76,SYNTH
2026-04-21 14:09:23.675Z,1.1236,67,SYNTH
2026-04-21 14:09:24.367Z,1.1236,100,SYNTH
2026-04-21 14:09:25.674Z,1.1255,82,SYNTH
2026-04-21 14:09:26.008Z,1.1231,75,SYNTH
2026-04-21 14:09:27.245Z,1.1261,50,SYNTH
2026-04-21 14:09:28.272Z,1.1261,99,SYNTH
2026-04-21 14:09:29.546Z,1.1256,63,SYNTH
2026-04-21 14:09:30.201Z,1.1253,59,SYNTH
2026-04-21 14:09:31.154Z,1.1259,66,SYNTH
2026-04-21 14:09:32.276Z,1.1245,68,SYNTH
2026-04-21 14:09:33.089Z,1.1260,69,SYNTH
2026-04-21 14:09:34.867Z,1.1229,98,SYNTH
2026-04-21 14:09:35.662Z,1.1263,76,SYNTH
2026-04-21 14:09:36.007Z,1.1265,63,SYNTH
2026-04-21 14:09:37.172Z,1.1234,242,SYNTH
2026-04-21 14:09:38.681Z,1.1235,133,SYNTH
2026-04-21 14:09:39.130Z,1.1267,260,SYNTH
2026-04-21 14:09:40.160Z,1.1258,187,SYNTH
2026-04-21 14:09:41.423Z,1.1246,57,SYNTH
2026-04-21 14:09:42.159Z,1.1256,80,SYNTH
2026-04-21 14:09:43.118Z,1.1236,79,SYNTH
2026-04-21 14:09:44.744Z,1.1255,104,SYNTH
2026-04-21 14:09:45.888Z,1.1240,71,SYNTH
2026-04-21 14:09:46.231Z,1.1255,98,SYNTH
2026-04-21 14:09:47.370Z,1.1252,147,SYNTH
2026-04-21 14:09:48.734Z,1.1236,68,SYNTH
2026-04-21 14:09:49.088Z,1.1254,102,SYNTH
2026-04-21 14:09:50.166Z,1.1241,56,SYNTH
2026-04-21 14:09:51.668Z,1.1263,119,SYNTH
2026-04-21 14:09:52.626Z,1.1238,113,SYNTH
2026-04-21 14:09:53.836Z,1.1267,66,SYNTH
2026-04-21 14:09:54.546Z,1.1234,104,SYNTH
2026-04-21 14:09:55.324Z,1.1251,88,SYNTH
2026-04-21 14:09:56.589Z,1.1252,142,SYNTH
2026-04-21 14:09:57.636Z,1.1238,82,SYNTH
2026-04-21 14:09:58.377Z,1.1258,153,SYNTH
2026-04-21 14:09:59.863Z,1.1267,131,SYNTH
2026-04-21 14:11:00.307Z,1.1207,77,SYNTH
2026-04-21 14:11:01.828Z,1.1198,85,SYNTH
2026-04-21 14:11:02.127Z,1.1214,92,SYNTH
2026-04-21 14:11:03.412Z,1.1200,99,SYNTH
2026-04-21 14:11:04.712Z,1.1185,104,SYNTH
2026-04-21 14:11:05.715Z,1.1221,70,SYNTH
2026-04-21 14:11:06.468Z,1.1181,71,SYNTH
2026-04-21 14:11:07.503Z,1.1204,59,SYNTH
2026-04-21 14:11:08.461Z,1.1180,82,SYNTH
2026-04-21 14:11:09.714Z,1.1209,45,SYNTH
2026-04-21 14:11:10.327Z,1.1207,79,SYNTH
2026-04-21 14:11:11.854Z,1.1210,151,SYNTH
2026-04-21 14:11:12.213Z,1.1193,127,SYNTH
2026-04-21 14:11:13.543Z,1.1178,138,SYNTH
2026-04-21 14:11:14.386Z,1.1208,52,SYNTH
2026-04-21 14:11:15.437Z,1.1219,88,SYNTH
2026-04-21 14:11:16.607Z,1.1220,111,SYNTH
2026-04-21 14:11:17.361Z,1.1216,64,SYNTH
2026-04-21 14:11:18.570Z,1.1188,109,SYNTH
2026-04-21 14:11:19.010Z,1.1213,127,SYNTH
2026-04-21 14:11:20.176Z,1.1204,73,SYNTH
2026-04-21 14:11:21.245Z,1.1189,42,SYNTH
2026-04-21 14:11:22.679Z,1.1180,48,SYNTH
2026-04-21 14:11:23.613Z,1.1188,47,SYNTH
2026-04-21 14:11:24.351Z,1.1202,48,SYNTH
2026-04-21 14:11:25.611Z,1.1191,53,SYNTH
2026-04-21 14:11:26.431Z,1.1216,44,SYNTH
2026-04-21 14:11:27.028Z,1.1216,41,SYNTH
2026-04-21 14:11:28.800Z,1.1186,70,SYNTH
2026-04-21 14:11:29.297Z,1.1202,47,SYNTH
2026-04-21 14:11:30.765Z,1.1199,44,SYNTH
2026-04-21 14:11:31.335Z,1.1220,57,SYNTH
2026-04-21 14:11:32.684Z,1.1188,38,SYNTH
2026-04-21 14:11:33.880Z,1.1208,45,SYNTH
2026-04-21 14:11:34.551Z,1.1184,77,SYNTH
2026-04-21 14:11:35.724Z,1.1208,59,SYNTH
2026-04-21 14:11:36.556Z,1.1197,37,SYNTH
2026-04-21 14:11:37.339Z,1.1214,130,SYNTH
2026-04-21 14:11:38.473Z,1.1185,109,SYNTH
2026-04-21 14:11:39.797Z,1.1187,87,SYNTH
2026-04-21 14:11:40.185Z,1.1221,156,SYNTH
2026-04-21 14:11:41.413Z,1.1182,74,SYNTH
2026-04-21 14:11:42.176Z,1.1215,56,SYNTH
2026-04-21 14:11:43.094Z,1.1195,65,SYNTH
2026-04-21 14:11:44.007Z,1.1188,59,SYNTH
2026-04-21 14:11:45.132Z,1.1204,120,SYNTH
2026-04-21 14:11:46.896Z,1.1217,114,SYNTH
2026-04-21 14:11:47.846Z,1.1203,85,SYNTH
2026-04-21 14:11:48.052Z,1.1184,94,SYNTH
2026-04-21 14:11:49.001Z,1.1186,40,SYNTH
2026-04-21 14:11:50.498Z,1.1204,84,SYNTH
2026-04-21 14:11:51.162Z,1.1204,60,SYNTH
2026-04-21 14:11:52.898Z,1.1198,99,SYNTH
2026-04-21 14:11:53.309Z,1.1204,87,SYNTH
2026-04-21 14:11:54.166Z,1.1180,76,SYNTH
2026-04-21 14:11:55.498Z,1.1200,46,SYNTH
2026-04-21 14:11:56.265Z,1.1218,108,SYNTH
2026-04-21 14:11:57.728Z,1.1213,93,SYNTH
2026-04-21 14:11:58.194Z,1.1191,68,SYNTH
2026-04-21 14:11:59.600Z,1.1200,76,SYNTH
2026-04-21 14:12:00.015Z,1.1116,19,SYNTH
2026-04-21 14:12:01.534Z,1.1093,14,SYNTH
2026-04-21 14:12:02.504Z,1.1103,22,SYNTH
2026-04-21 14:12:03.052Z,1.1095,12,SYNTH
2026-04-21 14:12:04.766Z,1.1109,11,SYNTH
2026-04-21 14:12:05.577Z,1.1107,20,SYNTH
2026-04-21 14:12:06.705Z,1.1113,23,SYNTH
2026-04-21 14:12:07.165Z,1.1122,10,SYNTH
2026-04-21 14:12:08.863Z,1.1091,18,SYNTH
2026-04-21 14:12:09.032Z,1.1081,12,SYNTH
2026-04-21 14:12:10.371Z,1.1120,19,SYNTH
2026-04-21 14:12:11.426Z,1.1092,54,SYNTH
2026-04-21 14:12:12.352Z,1.1112,35,SYNTH
2026-04-21 14:12:13.773Z,1.1095,23,SYNTH
2026-04-21 14:12:14.467Z,1.1111,19,SYNTH
2026-04-21 14:12:15.274Z,1.1108,20,SYNTH
2026-04-21 14:12:16.731Z,1.1097,18,SYNTH
2026-04-21 14:12:17.465Z,1.1115,30,SYNTH
2026-04-21 14:12:18.859Z,1.1092,34,SYNTH
2026-04-21 14:12:19.694Z,1.1115,17,SYNTH
2026-04-21 14:12:20.774Z,1.1096,17,SYNTH
2026-04-21 14:12:21.333Z,1.1105,12,SYNTH
2026-04-21 14:12:22.636Z,1.1109,17,SYNTH
2026-04-21 14:12:23.146Z,1.1116,9,SYNTH
2026-04-21 14:12:24.540Z,1.1126,16,SYNTH
2026-04-21 14:12:25.483Z,1.1135,16,SYNTH
2026-04-21 14:12:26.227Z,1.1122,10,SYNTH
2026-04-21 14:12:27.685Z,1.1108,7,SYNTH
2026-04-21 14:12:28.332Z,1.1147,16,SYNTH
2026-04-21 14:12:29.532Z,1.1149,11,SYNTH
2026-04-21 14:12:30.089Z,1.1139,15,SYNTH
2026-04-21 14:12:31.731Z,1.1157,12,SYNTH
2026-04-21 14:12:32.494Z,1.1161,8,SYNTH
2026-04-21 14:12:33.227Z,1.1150,9,SYNTH
2026-04-21 14:12:34.669Z,1.1136,14,SYNTH
2026-04-21 14:12:35.554Z,1.1169,13,SYNTH
2026-04-21 14:12:36.215Z,1.1170,17,SYNTH
2026-04-21 14:12:37.863Z,1.1165,23,SYNTH
2026-04-21 14:12:38.473Z,1.1166,36,SYNTH
2026-04-21 14:12:39.701Z,1.1164,26,SYNTH
2026-04-21 14:12:40.307Z,1.1175,38,SYNTH
2026-04-21 14:12:41.321Z,1.1155,14,SYNTH
2026-04-21 14:12:42.066Z,1.1151,14,SYNTH
2026-04-21 14:12:43.678Z,1.1144,11,SYNTH
2026-04-21 14:12:44.019Z,1.1145,20,SYNTH
2026-04-21 14:12:45.045Z,1.1164,25,SYNTH
2026-04-21 14:12:46.486Z,1.1164,20,SYNTH
2026-04-21 14:12:47.879Z,1.1142,27,SYNTH
2026-04-21 14:12:48.671Z,1.1139,21,SYNTH
2026-04-21 14:12:49.105Z,1.1156,17,SYNTH
2026-04-21 14:12:50.061Z,1.1160,18,SYNTH
2026-04-21 14:12:51.071Z,1.1147,23,SYNTH
2026-04-21 14:12:52.760Z,1.1171,20,SYNTH
2026-04-21 14:12:53.730Z,1.1162,11,SYNTH
2026-04-21 14:12:54.410Z,1.1147,15,SYNTH
2026-04-21 14:12:55.590Z,1.1159,24,SYNTH
2026-04-21 14:12:56.172Z,1.1154,25,SYNTH
2026-04-21 14:12:57.140Z,1.1160,12,SYNTH
2026-04-21 14:12:58.848Z,1.1137,26,SYNTH
2026-04-21 14:12:59.367Z,1.1167,27,SYNTH
2026-04-21 14:13:00.459Z,1.1109,89,SYNTH
2026-04-21 14:13:01.354Z,1.1089,47,SYNTH
2026-04-21 14:13:02.757Z,1.1112,71,SYNTH
2026-04-21 14:13:03.134Z,1.1108,80,SYNTH
2026-04-21 14:13:04.783Z,1.1105,96,SYNTH
2026-04-21 14:13:05.702Z,1.1094,72,SYNTH
2026-04-21 14:13:06.150Z,1.1105,47,SYNTH
2026-04-21 14:13:07.707Z,1.1105,43,SYNTH
2026-04-21 14:13:08.480Z,1.1104,62,SYNTH
2026-04-21 14:13:09.411Z,1.1084,41,SYNTH
2026-04-21 14:13:10.002Z,1.1116,58,SYNTH
2026-04-21 14:13:11.048Z,1.1099,200,SYNTH
2026-04-21 14:13:12.386Z,1.1088,174,SYNTH
2026-04-21 14:13:13.139Z,1.1107,187,SYNTH
2026-04-21 14:13:14.622Z,1.1094,49,SYNTH
2026-04-21 14:13:15.187Z,1.1089,47,SYNTH
2026-04-21 14:13:16.035Z,1.1113,117,SYNTH
2026-04-21 14:13:17.325Z,1.1088,110,SYNTH
2026-04-21 14:13:18.175Z,1.1096,67,SYNTH
2026-04-21 14:13:19.155Z,1.1091,68,SYNTH
2026-04-21 14:13:20.154Z,1.1105,68,SYNTH
2026-04-21 14:13:21.038Z,1.1082,42,SYNTH
2026-04-21 14:13:22.149Z,1.1094,67,SYNTH
2026-04-21 14:13:23.586Z,1.1113,33,SYNTH
2026-04-21 14:13:24.721Z,1.1095,66,SYNTH
2026-04-21 14:13:25.219Z,1.1102,57,SYNTH
2026-04-21 14:13:26.088Z,1.1103,29,SYNTH
2026-04-21 14:13:27.865Z,1.1117,34,SYNTH
2026-04-21 14:13:28.794Z,1.1097,52,SYNTH
2026-04-21 14:13:29.086Z,1.1082,37,SYNTH
2026-04-21 14:13:30.385Z,1.1101,49,SYNTH
2026-04-21 14:13:31.771Z,1.1121,64,SYNTH
2026-04-21 14:13:32.311Z,1.1097,46,SYNTH
2026-04-21 14:13:33.509Z,1.1111,50,SYNTH
2026-04-21 14:13:34.131Z,1.1101,52,SYNTH
2026-04-21 14:13:35.577Z,1.1079,33,SYNTH
2026-04-21 14:13:36.442Z,1.1107,31,SYNTH
2026-04-21 14:13:37.349Z,1.1109,155,SYNTH
2026-04-21 14:13:38.055Z,1.1103,145,SYNTH
2026-04-21 14:13:39.006Z,1.1095,91,SYNTH
2026-04-21 14:13:40.134Z,1.1107,85,SYNTH
2026-04-21 14:13:41.523Z,1.1095,70,SYNTH
2026-04-21 14:13:42.098Z,1.1118,37,SYNTH
2026-04-21 14:13:43.644Z,1.1108,52,SYNTH
2026-04-21 14:13:44.807Z,1.1088,60,SYNTH
2026-04-21 14:13:45.503Z,1.1119,77,SYNTH
2026-04-21 14:13:46.204Z,1.1106,67,SYNTH
2026-04-21 14:13:47.215Z,1.1099,51,SYNTH
2026-04-21 14:13:48.664Z,1.1107,68,SYNTH
2026-04-21 14:13:49.400Z,1.1090,53,SYNTH
2026-04-21 14:13:50.043Z,1.1122,63,SYNTH
2026-04-21 14:13:51.251Z,1.1097,75,SYNTH
2026-04-21 14:13:52.608Z,1.1100,82,SYNTH
2026-04-21 14:13:53.101Z,1.1094,40,SYNTH
2026-04-21 14:13:54.253Z,1.1082,72,SYNTH
2026-04-21 14:13:55.659Z,1.1103,92,SYNTH
2026-04-21 14:13:56.500Z,1.1106,61,SYNTH
2026-04-21 14:13:57.591Z,1.1090,70,SYNTH
2026-04-21 14:13:58.034Z,1.1110,105,SYNTH
2026-04-21 14:13:59.397Z,1.1098,104,SYNTH
2026-04-21 14:16:00.282Z,1.1165,8,SYNTH
2026-04-21 14:16:01.685Z,1.1161,5,SYNTH
2026-04-21 14:16:02.653Z,1.1130,6,SYNTH
2026-04-21 14:16:03.444Z,1.1138,7,SYNTH
2026-04-21 14:16:04.580Z,1.1165,3,SYNTH
2026-04-21 14:16:05.542Z,1.1152,3,SYNTH
2026-04-21 14:16:06.527Z,1.1155,6,SYNTH
2026-04-21 14:16:07.132Z,1.1143,4,SYNTH
2026-04-21 14:16:08.764Z,1.1136,5,SYNTH
2026-04-21 14:16:09.693Z,1.1167,5,SYNTH
2026-04-21 14:16:10.798Z,1.1168,3,SYNTH
2026-04-21 14:16:11.269Z,1.1169,9,SYNTH
2026-04-21 14:16:12.420Z,1.1130,12,SYNTH
2026-04-21 14:16:13.521Z,1.1158,7,SYNTH
2026-04-21 14:16:14.382Z,1.1130,3,SYNTH
2026-04-21 14:16:15.413Z,1.1159,4,SYNTH
2026-04-21 14:16:16.407Z,1.1144,9,SYNTH
2026-04-21 14:16:17.346Z,1.1154,8,SYNTH
2026-04-21 14:16:18.594Z,1.1157,4,SYNTH
2026-04-21 14:16:19.727Z,1.1164,5,SYNTH
2026-04-21 14:16:20.662Z,1.1169,5,SYNTH
2026-04-21 14:16:21.199Z,1.1138,3,SYNTH
2026-04-21 14:16:22.039Z,1.1161,3,SYNTH
2026-04-21 14:16:23.342Z,1.1163,5,SYNTH
2026-04-21 14:16:24.339Z,1.1148,4,SYNTH
2026-04-21 14:16:25.860Z,1.1134,4,SYNTH
2026-04-21 14:16:26.540Z,1.1170,3,SYNTH
2026-04-21 14:16:27.412Z,1.1145,4,SYNTH
2026-04-21 14:16:28.479Z,1.1158,4,SYNTH
2026-04-21 14:16:29.819Z,1.1161,3,SYNTH
2026-04-21 14:16:30.676Z,1.1132,3,SYNTH
2026-04-21 14:16:31.199Z,1.1152,2,SYNTH
2026-04-21 14:16:32.519Z,1.1167,3,SYNTH
2026-04-21 14:16:33.619Z,1.1142,4,SYNTH
2026-04-21 14:16:34.833Z,1.1166,3,SYNTH
2026-04-21 14:16:35.224Z,1.1157,3,SYNTH
2026-04-21 14:16:36.672Z,1.1148,4,SYNTH
2026-04-21 14:16:37.573Z,1.1168,8,SYNTH
2026-04-21 14:16:38.883Z,1.1167,9,SYNTH
2026-04-21 14:16:39.686Z,1.1155,10,SYNTH
2026-04-21 14:16:40.697Z,1.1146,9,SYNTH
2026-04-21 14:16:41.332Z,1.1152,4,SYNTH
2026-04-21 14:16:42.167Z,1.1141,3,SYNTH
2026-04-21 14:16:43.644Z,1.1164,4,SYNTH
2026-04-21 14:16:44.356Z,1.1143,6,SYNTH
2026-04-21 14:16:45.578Z,1.1163,5,SYNTH
2026-04-21 14:16:46.826Z,1.1167,4,SYNTH
2026-04-21 14:16:47.020Z,1.1145,4,SYNTH
2026-04-21 14:16:48.361Z,1.1155,4,SYNTH
2026-04-21 14:16:49.320Z,1.1144,5,SYNTH
2026-04-21 14:16:50.232Z,1.1159,5,SYNTH
2026-04-21 14:16:51.706Z,1.1165,7,SYNTH
2026-04-21 14:16:52.418Z,1.1133,5,SYNTH
2026-04-21 14:16:53.095Z,1.1169,6,SYNTH
2026-04-21 14:16:54.586Z,1.1164,4,SYNTH
2026-04-21 14:16:55.683Z,1.1142,4,SYNTH
2026-04-21 14:16:56.433Z,1.1140,6,SYNTH
2026-04-21 14:16:57.516Z,1.1158,4,SYNTH
2026-04-21 14:16:58.393Z,1.1171,3,SYNTH
2026-04-21 14:16:59.868Z,1.1139,7,SYNTH
2026-04-21 14:17:00.820Z,1.1158,2,SYNTH
2026-04-21 14:17:01.758Z,1.1158,2,SYNTH
2026-04-21 14:17:02.447Z,1.1145,2,SYNTH
2026-04-21 14:17:03.500Z,1.1156,1,SYNTH
2026-04-21 14:17:04.608Z,1.1163,2,SYNTH
2026-04-21 14:17:05.471Z,1.1163,2,SYNTH
2026-04-21 14:17:06.357Z,1.1142,1,SYNTH
2026-04-21 14:17:07.585Z,1.1168,1,SYNTH
2026-04-21 14:17:08.322Z,1.1160,1,SYNTH
2026-04-21 14:17:09.790Z,1.1134,2,SYNTH
2026-04-21 14:17:10.621Z,1.1161,1,SYNTH
2026-04-21 14:17:11.177Z,1.1144,3,SYNTH
2026-04-21 14:17:12.675Z,1.1162,4,SYNTH
2026-04-21 14:17:13.371Z,1.1160,4,SYNTH
2026-04-21 14:17:14.316Z,1.1133,1,SYNTH
2026-04-21 14:17:15.281Z,1.1170,2,SYNTH
2026-04-21 14:17:16.096Z,1.1137,3,SYNTH
2026-04-21 14:17:17.567Z,1.1152,1,SYNTH
2026-04-21 14:17:18.764Z,1.1142,2,SYNTH
2026-04-21 14:17:19.266Z,1.1169,2,SYNTH
2026-04-21 14:17:20.367Z,1.1169,1,SYNTH
2026-04-21 14:17:21.672Z,1.1134,1,SYNTH
2026-04-21 14:17:22.776Z,1.1158,1,SYNTH
2026-04-21 14:17:23.335Z,1.1136,1,SYNTH
2026-04-21 14:17:24.701Z,1.1168,1,SYNTH
2026-04-21 14:17:25.589Z,1.1159,2,SYNTH
2026-04-21 14:17:26.809Z,1.1136,1,SYNTH
2026-04-21 14:17:27.469Z,1.1147,1,SYNTH
2026-04-21 14:17:28.572Z,1.1163,1,SYNTH
2026-04-21 14:17:29.158Z,1.1154,1,SYNTH
2026-04-21 14:17:30.500Z,1.1163,1,SYNTH
2026-04-21 14:17:31.722Z,1.1131,1,SYNTH
2026-04-21 14:17:32.167Z,1.1149,2,SYNTH
2026-04-21 14:17:33.562Z,1.1165,1,SYNTH
2026-04-21 14:17:34.039Z,1.1161,1,SYNTH
2026-04-21 14:17:35.885Z,1.1147,1,SYNTH
2026-04-21 14:17:36.235Z,1.1154,1,SYNTH
2026-04-21 14:17:37.379Z,1.1136,3,SYNTH
2026-04-21 14:17:38.325Z,1.1149,3,SYNTH
2026-04-21 14:17:39.383Z,1.1168,2,SYNTH
2026-04-21 14:17:40.873Z,1.1147,4,SYNTH
2026-04-21 14:17:41.632Z,1.1156,1,SYNTH
2026-04-21 14:17:42.483Z,1.1141,1,SYNTH
2026-04-21 14:17:43.439Z,1.1136,2,SYNTH
2026-04-21 14:17:44.455Z,1.1166,1,SYNTH
2026-04-21 14:17:45.200Z,1.1141,1,SYNTH
2026-04-21 14:17:46.871Z,1.1151,2,SYNTH
2026-04-21 14:17:47.053Z,1.1171,3,SYNTH
2026-04-21 14:17:48.117Z,1.1138,1,SYNTH
2026-04-21 14:17:49.561Z,1.1156,1,SYNTH
2026-04-21 14:17:50.836Z,1.1155,1,SYNTH
2026-04-21 14:17:51.776Z,1.1169,2,SYNTH
2026-04-21 14:17:52.046Z,1.1142,2,SYNTH
2026-04-21 14:17:53.546Z,1.1131,1,SYNTH
2026-04-21 14:17:54.831Z,1.1156,2,SYNTH
2026-04-21 14:17:55.850Z,1.1148,2,SYNTH
2026-04-21 14:17:56.155Z,1.1156,2,SYNTH
2026-04-21 14:17:57.785Z,1.1131,2,SYNTH
2026-04-21 14:17:58.271Z,1.1158,2,SYNTH
2026-04-21 14:17:59.841Z,1.1168,2,SYNTH
2026-04-21 14:18:00.664Z,1.1129,45,SYNTH
2026-04-21 14:18:01.145Z,1.1141,47,SYNTH
2026-04-21 14:18:02.859Z,1.1106,46,SYNTH
2026-04-21 14:18:03.236Z,1.1127,25,SYNTH
2026-04-21 14:18:04.681Z,1.1117,20,SYNTH
2026-04-21 14:18:05.163Z,1.1132,36,SYNTH
2026-04-21 14:18:06.540Z,1.1116,38,SYNTH
2026-04-21 14:18:07.250Z,1.1138,32,SYNTH
2026-04-21 14:18:08.680Z,1.1132,21,SYNTH
2026-04-21 14:18:09.334Z,1.1140,19,SYNTH
2026-04-21 14:18:10.072Z,1.1114,23,SYNTH
2026-04-21 14:18:11.113Z,1.1124,92,SYNTH
2026-04-21 14:18:12.822Z,1.1133,66,SYNTH
2026-04-21 14:18:13.094Z,1.1110,54,SYNTH
2026-04-21 14:18:14.730Z,1.1120,25,SYNTH
2026-04-21 14:18:15.206Z,1.1108,20,SYNTH
2026-04-21 14:18:16.298Z,1.1125,38,SYNTH
2026-04-21 14:18:17.248Z,1.1139,44,SYNTH
2026-04-21 14:18:18.293Z,1.1102,43,SYNTH
2026-04-21 14:18:19.534Z,1.1124,49,SYNTH
2026-04-21 14:18:20.017Z,1.1116,17,SYNTH
2026-04-21 14:18:21.484Z,1.1131,16,SYNTH
2026-04-21 14:18:22.388Z,1.1111,17,SYNTH
2026-04-21 14:18:23.852Z,1.1124,24,SYNTH
2026-04-21 14:18:24.389Z,1.1129,19,SYNTH
2026-04-21 14:18:25.379Z,1.1134,31,SYNTH
2026-04-21 14:18:26.615Z,1.1139,21,SYNTH
2026-04-21 14:18:27.093Z,1.1118,26,SYNTH
2026-04-21 14:18:28.269Z,1.1107,22,SYNTH
2026-04-21 14:18:29.417Z,1.1124,22,SYNTH
2026-04-21 14:18:30.783Z,1.1102,18,SYNTH
2026-04-21 14:18:31.310Z,1.1129,30,SYNTH
2026-04-21 14:18:32.385Z,1.1102,32,SYNTH
2026-04-21 14:18:33.687Z,1.1132,22,SYNTH
2026-04-21 14:18:34.819Z,1.1100,21,SYNTH
2026-04-21 14:18:35.638Z,1.1134,32,SYNTH
2026-04-21 14:18:36.518Z,1.1116,26,SYNTH
2026-04-21 14:18:37.702Z,1.1119,43,SYNTH
2026-04-21 14:18:38.874Z,1.1126,39,SYNTH
2026-04-21 14:18:39.710Z,1.1111,55,SYNTH
2026-04-21 14:18:40.739Z,1.1131,60,SYNTH
2026-04-21 14:18:41.330Z,1.1118,26,SYNTH
2026-04-21 14:18:42.719Z,1.1140,19,SYNTH
2026-04-21 14:18:43.270Z,1.1106,27,SYNTH
2026-04-21 14:18:44.779Z,1.1131,17,SYNTH
2026-04-21 14:18:45.290Z,1.1138,25,SYNTH
2026-04-21 14:18:46.226Z,1.1104,41,SYNTH
2026-04-21 14:18:47.128Z,1.1129,42,SYNTH
2026-04-21 14:18:48.352Z,1.1106,33,SYNTH
2026-04-21 14:18:49.127Z,1.1141,20,SYNTH
2026-04-21 14:18:50.380Z,1.1102,33,SYNTH
2026-04-21 14:18:51.174Z,1.1126,25,SYNTH
2026-04-21 14:18:52.244Z,1.1111,36,SYNTH
2026-04-21 14:18:53.539Z,1.1123,24,SYNTH
2026-04-21 14:18:54.723Z,1.1133,31,SYNTH
2026-04-21 14:18:55.614Z,1.1124,20,SYNTH
2026-04-21 14:18:56.849Z,1.1135,33,SYNTH
2026-04-21 14:18:57.204Z,1.1139,27,SYNTH
2026-04-21 14:18:58.513Z,1.1116,48,SYNTH
2026-04-21 14:18:59.662Z,1.1121,26,SYNTH
2026-04-21 14:20:00.480Z,1.1125,13,SYNTH
2026-04-21 14:20:01.329Z,1.1115,8,SYNTH
2026-04-21 14:20:02.836Z,1.1116,14,SYNTH
2026-04-21 14:20:03.581Z,1.1106,10,SYNTH
2026-04-21 14:20:04.895Z,1.1131,8,SYNTH
2026-04-21 14:20:05.682Z,1.1132,15,SYNTH
2026-04-21 14:20:06.829Z,1.1109,14,SYNTH
2026-04-21 14:20:07.764Z,1.1103,6,SYNTH
2026-04-21 14:20:08.422Z,1.1109,9,SYNTH
2026-04-21 14:20:09.257Z,1.1129,10,SYNTH
2026-04-21 14:20:10.067Z,1.1126,14,SYNTH
2026-04-21 14:20:11.076Z,1.1107,16,SYNTH
2026-04-21 14:20:12.601Z,1.1127,28,SYNTH
2026-04-21 14:20:13.670Z,1.1113,25,SYNTH
2026-04-21 14:20:14.838Z,1.1130,8,SYNTH
2026-04-21 14:20:15.704Z,1.1093,8,SYNTH
2026-04-21 14:20:16.521Z,1.1115,16,SYNTH
2026-04-21 14:20:17.028Z,1.1126,15,SYNTH
2026-04-21 14:20:18.596Z,1.1091,12,SYNTH
2026-04-21 14:20:19.546Z,1.1117,21,SYNTH
2026-04-21 14:20:20.757Z,1.1126,9,SYNTH
2026-04-21 14:20:21.452Z,1.1102,8,SYNTH
2026-04-21 14:20:22.464Z,1.1100,6,SYNTH
2026-04-21 14:20:23.629Z,1.1094,12,SYNTH
2026-04-21 14:20:24.687Z,1.1098,9,SYNTH
2026-04-21 14:20:25.881Z,1.1121,6,SYNTH
2026-04-21 14:20:26.411Z,1.1105,5,SYNTH
2026-04-21 14:20:27.068Z,1.1087,10,SYNTH
2026-04-21 14:20:28.219Z,1.1124,6,SYNTH
2026-04-21 14:20:29.214Z,1.1101,8,SYNTH
2026-04-21 14:20:30.304Z,1.1086,7,SYNTH
2026-04-21 14:20:31.729Z,1.1092,6,SYNTH
2026-04-21 14:20:32.756Z,1.1121,7,SYNTH
2026-04-21 14:20:33.082Z,1.1084,8,SYNTH
2026-04-21 14:20:34.607Z,1.1085,5,SYNTH
2026-04-21 14:20:35.226Z,1.1105,6,SYNTH
2026-04-21 14:20:36.728Z,1.1113,6,SYNTH
2026-04-21 14:20:37.670Z,1.1116,23,SYNTH
2026-04-21 14:20:38.797Z,1.1107,29,SYNTH
2026-04-21 14:20:39.433Z,1.1113,14,SYNTH
2026-04-21 14:20:40.616Z,1.1096,29,SYNTH
2026-04-21 14:20:41.885Z,1.1111,7,SYNTH
2026-04-21 14:20:42.539Z,1.1102,7,SYNTH
2026-04-21 14:20:43.622Z,1.1113,5,SYNTH
2026-04-21 14:20:44.731Z,1.1097,9,SYNTH
2026-04-21 14:20:45.765Z,1.1118,12,SYNTH
2026-04-21 14:20:46.508Z,1.1122,20,SYNTH
2026-04-21 14:20:47.825Z,1.1084,10,SYNTH
2026-04-21 14:20:48.703Z,1.1116,11,SYNTH
2026-04-21 14:20:49.889Z,1.1092,12,SYNTH
2026-04-21 14:20:50.430Z,1.1112,9,SYNTH
2026-04-21 14:20:51.785Z,1.1091,6,SYNTH
2026-04-21 14:20:52.779Z,1.1107,13,SYNTH
2026-04-21 14:20:53.754Z,1.1119,12,SYNTH
2026-04-21 14:20:54.268Z,1.1086,8,SYNTH
2026-04-21 14:20:55.530Z,1.1092,14,SYNTH
2026-04-21 14:20:56.441Z,1.1109,10,SYNTH
2026-04-21 14:20:57.181Z,1.1117,13,SYNTH
2026-04-21 14:20:58.347Z,1.1109,8,SYNTH
2026-04-21 14:20:59.490Z,1.1096,8,SYNTH
2026-04-21 14:21:00.892Z,1.1117,87,SYNTH
2026-04-21 14:21:01.705Z,1.1122,72,SYNTH
2026-04-21 14:21:02.296Z,1.1123,88,SYNTH
2026-04-21 14:21:03.360Z,1.1105,97,SYNTH
2026-04-21 14:21:04.370Z,1.1117,63,SYNTH
2026-04-21 14:21:05.055Z,1.1130,98,SYNTH
2026-04-21 14:21:06.793Z,1.1096,57,SYNTH
2026-04-21 14:21:07.569Z,1.1129,57,SYNTH
2026-04-21 14:21:08.807Z,1.1102,91,SYNTH
2026-04-21 14:21:09.258Z,1.1121,71,SYNTH
2026-04-21 14:21:10.233Z,1.1101,81,SYNTH
2026-04-21 14:21:11.137Z,1.1117,176,SYNTH
2026-04-21 14:21:12.871Z,1.1126,96,SYNTH
2026-04-21 14:21:13.736Z,1.1112,214,SYNTH
2026-04-21 14:21:14.177Z,1.1114,82,SYNTH
2026-04-21 14:21:15.407Z,1.1104,51,SYNTH
2026-04-21 14:21:16.822Z,1.1129,137,SYNTH
2026-04-21 14:21:17.173Z,1.1107,63,SYNTH
2026-04-21 14:21:18.035Z,1.1106,110,SYNTH
2026-04-21 14:21:19.717Z,1.1119,91,SYNTH
2026-04-21 14:21:20.847Z,1.1091,68,SYNTH
2026-04-21 14:21:21.158Z,1.1094,58,SYNTH
2026-04-21 14:21:22.299Z,1.1122,34,SYNTH
2026-04-21 14:21:23.774Z,1.1092,71,SYNTH
2026-04-21 14:21:24.502Z,1.1122,45,SYNTH
2026-04-21 14:21:25.432Z,1.1089,44,SYNTH
2026-04-21 14:21:26.460Z,1.1118,57,SYNTH
2026-04-21 14:21:27.177Z,1.1099,60,SYNTH
2026-04-21 14:21:28.489Z,1.1114,56,SYNTH
2026-04-21 14:21:29.755Z,1.1103,69,SYNTH
2026-04-21 14:21:30.019Z,1.1084,37,SYNTH
2026-04-21 14:21:31.465Z,1.1122,59,SYNTH
2026-04-21 14:21:32.143Z,1.1113,63,SYNTH
2026-04-21 14:21:33.475Z,1.1088,35,SYNTH
2026-04-21 14:21:34.181Z,1.1107,30,SYNTH
2026-04-21 14:21:35.660Z,1.1080,38,SYNTH
2026-04-21 14:21:36.391Z,1.1118,51,SYNTH
2026-04-21 14:21:37.510Z,1.1091,88,SYNTH
2026-04-21 14:21:38.053Z,1.1080,153,SYNTH
2026-04-21 14:21:39.082Z,1.1115,99,SYNTH
2026-04-21 14:21:40.446Z,1.1089,123,SYNTH
2026-04-21 14:21:41.359Z,1.1117,44,SYNTH
2026-04-21 14:21:42.775Z,1.1081,59,SYNTH
2026-04-21 14:21:43.603Z,1.1117,45,SYNTH
2026-04-21 14:21:44.829Z,1.1116,40,SYNTH
2026-04-21 14:21:45.765Z,1.1086,94,SYNTH
2026-04-21 14:21:46.222Z,1.1114,92,SYNTH
2026-04-21 14:21:47.851Z,1.1080,74,SYNTH
2026-04-21 14:21:48.527Z,1.1117,76,SYNTH
2026-04-21 14:21:49.533Z,1.1113,85,SYNTH
2026-04-21 14:21:50.229Z,1.1106,85,SYNTH
2026-04-21 14:21:51.433Z,1.1084,75,SYNTH
2026-04-21 14:21:52.888Z,1.1080,95,SYNTH
2026-04-21 14:21:53.538Z,1.1106,52,SYNTH
2026-04-21 14:21:54.658Z,1.1114,84,SYNTH
2026-04-21 14:21:55.100Z,1.1102,84,SYNTH
2026-04-21 14:21:56.779Z,1.1089,67,SYNTH
2026-04-21 14:21:57.301Z,1.1108,82,SYNTH
2026-04-21 14:21:58.702Z,1.1122,57,SYNTH
2026-04-21 14:21:59.681Z,1.1088,102,SYNTH
2026-04-21 14:24:00.741Z,1.1114,5,SYNTH
2026-04-21 14:24:01.274Z,1.1088,3,SYNTH
2026-04-21 14:24:02.147Z,1.1107,4,SYNTH
2026-04-21 14:24:03.116Z,1.1118,4,SYNTH
2026-04-21 14:24:04.769Z,1.1099,4,SYNTH
2026-04-21 14:24:05.389Z,1.1119,2,SYNTH
2026-04-21 14:24:06.476Z,1.1112,2,SYNTH
2026-04-21 14:24:07.623Z,1.1093,3,SYNTH
2026-04-21 14:24:08.456Z,1.1116,3,SYNTH
2026-04-21 14:24:09.633Z,1.1085,3,SYNTH
2026-04-21 14:24:10.116Z,1.1103,2,SYNTH
2026-04-21 14:24:11.706Z,1.1114,6,SYNTH
2026-04-21 14:24:12.656Z,1.1094,6,SYNTH
2026-04-21 14:24:13.473Z,1.1082,5,SYNTH
2026-04-21 14:24:14.300Z,1.1105,3,SYNTH
2026-04-21 14:24:15.580Z,1.1094,3,SYNTH
2026-04-21 14:24:16.361Z,1.1106,5,SYNTH
2026-04-21 14:24:17.802Z,1.1082,5,SYNTH
2026-04-21 14:24:18.411Z,1.1118,6,SYNTH
2026-04-21 14:24:19.494Z,1.1117,6,SYNTH
2026-04-21 14:24:20.698Z,1.1105,3,SYNTH
2026-04-21 14:24:21.802Z,1.1094,2,SYNTH
2026-04-21 14:24:22.268Z,1.1123,3,SYNTH
2026-04-21 14:24:23.112Z,1.1122,2,SYNTH
2026-04-21 14:24:24.666Z,1.1123,3,SYNTH
2026-04-21 14:24:25.004Z,1.1123,2,SYNTH
2026-04-21 14:24:26.426Z,1.1129,1,SYNTH
2026-04-21 14:24:27.031Z,1.1105,2,SYNTH
2026-04-21 14:24:28.880Z,1.1137,2,SYNTH
2026-04-21 14:24:29.673Z,1.1137,2,SYNTH
2026-04-21 14:24:30.093Z,1.1149,2,SYNTH
2026-04-21 14:24:31.082Z,1.1140,2,SYNTH
2026-04-21 14:24:32.128Z,1.1160,2,SYNTH
2026-04-21 14:24:33.147Z,1.1136,2,SYNTH
2026-04-21 14:24:34.041Z,1.1152,3,SYNTH
2026-04-21 14:24:35.098Z,1.1167,2,SYNTH
2026-04-21 14:24:36.258Z,1.1168,2,SYNTH
2026-04-21 14:24:37.202Z,1.1135,7,SYNTH
2026-04-21 14:24:38.667Z,1.1128,8,SYNTH
2026-04-21 14:24:39.862Z,1.1152,7,SYNTH
2026-04-21 14:24:40.544Z,1.1150,5,SYNTH
2026-04-21 14:24:41.859Z,1.1161,3,SYNTH
2026-04-21 14:24:42.880Z,1.1136,3,SYNTH
2026-04-21 14:24:43.462Z,1.1147,2,SYNTH
2026-04-21 14:24:44.584Z,1.1140,3,SYNTH
2026-04-21 14:24:45.308Z,1.1159,3,SYNTH
2026-04-21 14:24:46.837Z,1.1127,5,SYNTH
2026-04-21 14:24:47.702Z,1.1133,5,SYNTH
2026-04-21 14:24:48.414Z,1.1123,2,SYNTH
2026-04-21 14:24:49.698Z,1.1162,2,SYNTH
2026-04-21 14:24:50.268Z,1.1154,3,SYNTH
2026-04-21 14:24:51.747Z,1.1166,2,SYNTH
2026-04-21 14:24:52.206Z,1.1158,3,SYNTH
2026-04-21 14:24:53.097Z,1.1155,3,SYNTH
2026-04-21 14:24:54.836Z,1.1160,3,SYNTH
2026-04-21 14:24:55.447Z,1.1164,2,SYNTH
2026-04-21 14:24:56.465Z,1.1136,2,SYNTH
2026-04-21 14:24:57.535Z,1.1131,4,SYNTH
2026-04-21 14:24:58.588Z,1.1150,4,SYNTH
2026-04-21 14:24:59.670Z,1.1166,4,SYNTH
2026-04-21 14:25:00.377Z,1.1188,96,SYNTH
2026-04-21 14:25:01.730Z,1.1170,109,SYNTH
2026-04-21 14:25:02.706Z,1.1181,81,SYNTH
2026-04-21 14:25:03.738Z,1.1188,69,SYNTH
2026-04-21 14:25:04.650Z,1.1168,96,SYNTH
2026-04-21 14:25:05.453Z,1.1170,56,SYNTH
2026-04-21 14:25:06.799Z,1.1184,89,SYNTH
2026-04-21 14:25:07.376Z,1.1174,87,SYNTH
2026-04-21 14:25:08.493Z,1.1187,50,SYNTH
2026-04-21 14:25:09.326Z,1.1172,48,SYNTH
2026-04-21 14:25:10.780Z,1.1170,87,SYNTH
2026-04-21 14:25:11.367Z,1.1164,185,SYNTH
2026-04-21 14:25:12.504Z,1.1187,214,SYNTH
2026-04-21 14:25:13.457Z,1.1171,271,SYNTH
2026-04-21 14:25:14.029Z,1.1179,74,SYNTH
2026-04-21 14:25:15.150Z,1.1159,69,SYNTH
2026-04-21 14:25:16.031Z,1.1183,109,SYNTH
2026-04-21 14:25:17.290Z,1.1180,156,SYNTH
2026-04-21 14:25:18.668Z,1.1164,125,SYNTH
2026-04-21 14:25:19.211Z,1.1168,77,SYNTH
2026-04-21 14:25:20.823Z,1.1157,68,SYNTH
2026-04-21 14:25:21.439Z,1.1164,66,SYNTH
2026-04-21 14:25:22.832Z,1.1150,39,SYNTH
2026-04-21 14:25:23.820Z,1.1153,79,SYNTH
2026-04-21 14:25:24.093Z,1.1137,62,SYNTH
2026-04-21 14:25:25.476Z,1.1124,45,SYNTH
2026-04-21 14:25:26.612Z,1.1131,71,SYNTH
2026-04-21 14:25:27.329Z,1.1107,66,SYNTH
2026-04-21 14:25:28.007Z,1.1107,65,SYNTH
2026-04-21 14:25:29.468Z,1.1101,44,SYNTH
2026-04-21 14:25:30.435Z,1.1081,67,SYNTH
2026-04-21 14:25:31.554Z,1.1079,45,SYNTH
2026-04-21 14:25:32.345Z,1.1066,39,SYNTH
2026-04-21 14:25:33.072Z,1.1066,84,SYNTH
2026-04-21 14:25:34.573Z,1.1065,90,SYNTH
2026-04-21 14:25:35.183Z,1.1056,70,SYNTH
2026-04-21 14:25:36.764Z,1.1046,76,SYNTH
2026-04-21 14:25:37.667Z,1.1037,150,SYNTH
2026-04-21 14:25:38.305Z,1.1054,232,SYNTH
2026-04-21 14:25:39.205Z,1.1062,198,SYNTH
2026-04-21 14:25:40.833Z,1.1057,142,SYNTH
2026-04-21 14:25:41.058Z,1.1045,78,SYNTH
2026-04-21 14:25:42.009Z,1.1060,49,SYNTH
2026-04-21 14:25:43.687Z,1.1061,68,SYNTH
2026-04-21 14:25:44.387Z,1.1066,58,SYNTH
2026-04-21 14:25:45.399Z,1.1071,123,SYNTH
2026-04-21 14:25:46.511Z,1.1070,69,SYNTH
2026-04-21 14:25:47.622Z,1.1054,95,SYNTH
2026-04-21 14:25:48.131Z,1.1062,69,SYNTH
2026-04-21 14:25:49.436Z,1.1054,69,SYNTH
2026-04-21 14:25:50.081Z,1.1060,108,SYNTH
2026-04-21 14:25:51.772Z,1.1041,83,SYNTH
2026-04-21 14:25:52.531Z,1.1061,77,SYNTH
2026-04-21 14:25:53.350Z,1.1051,56,SYNTH
2026-04-21 14:25:54.066Z,1.1044,52,SYNTH
2026-04-21 14:25:55.292Z,1.1068,126,SYNTH
2026-04-21 14:25:56.089Z,1.1041,112,SYNTH
2026-04-21 14:25:57.148Z,1.1062,109,SYNTH
2026-04-21 14:25:58.849Z,1.1045,75,SYNTH
2026-04-21 14:25:59.590Z,1.1066,140,SYNTH
2026-04-21 14:26:00.712Z,1.1070,11,SYNTH
2026-04-21 14:26:01.022Z,1.1069,9,SYNTH
2026-04-21 14:26:02.753Z,1.1060,9,SYNTH
2026-04-21 14:26:03.624Z,1.1032,6,SYNTH
2026-04-21 14:26:04.571Z,1.1055,8,SYNTH
2026-04-21 14:26:05.370Z,1.1061,7,SYNTH
2026-04-21 14:26:06.328Z,1.1029,10,SYNTH
2026-04-21 14:26:07.018Z,1.1058,4,SYNTH
2026-04-21 14:26:08.067Z,1.1062,9,SYNTH
2026-04-21 14:26:09.508Z,1.1045,5,SYNTH
2026-04-21 14:26:10.729Z,1.1032,7,SYNTH
2026-04-21 14:26:11.146Z,1.1034,15,SYNTH
2026-04-21 14:26:12.379Z,1.1053,11,SYNTH
2026-04-21 14:26:13.607Z,1.1057,19,SYNTH
2026-04-21 14:26:14.800Z,1.1035,7,SYNTH
2026-04-21 14:26:15.365Z,1.1057,7,SYNTH
2026-04-21 14:26:16.785Z,1.1029,13,SYNTH
2026-04-21 14:26:17.832Z,1.1063,13,SYNTH
2026-04-21 14:26:18.219Z,1.1072,11,SYNTH
2026-04-21 14:26:19.618Z,1.1043,13,SYNTH
2026-04-21 14:26:20.801Z,1.1058,7,SYNTH
2026-04-21 14:26:21.897Z,1.1061,5,SYNTH
2026-04-21 14:26:22.891Z,1.1069,5,SYNTH
2026-04-21 14:26:23.090Z,1.1062,6,SYNTH
2026-04-21 14:26:24.234Z,1.1059,4,SYNTH
2026-04-21 14:26:25.064Z,1.1074,7,SYNTH
2026-04-21 14:26:26.695Z,1.1073,6,SYNTH
2026-04-21 14:26:27.654Z,1.1086,5,SYNTH
2026-04-21 14:26:28.302Z,1.1089,8,SYNTH
2026-04-21 14:26:29.353Z,1.1080,7,SYNTH
2026-04-21 14:26:30.483Z,1.1096,5,SYNTH
2026-04-21 14:26:31.405Z,1.1103,7,SYNTH
2026-04-21 14:26:32.898Z,1.1107,3,SYNTH
2026-04-21 14:26:33.588Z,1.1101,6,SYNTH
2026-04-21 14:26:34.418Z,1.1098,5,SYNTH
2026-04-21 14:26:35.507Z,1.1114,5,SYNTH
2026-04-21 14:26:36.311Z,1.1077,6,SYNTH
2026-04-21 14:26:37.715Z,1.1106,14,SYNTH
2026-04-21 14:26:38.714Z,1.1114,19,SYNTH
2026-04-21 14:26:39.281Z,1.1109,13,SYNTH
2026-04-21 14:26:40.623Z,1.1094,17,SYNTH
2026-04-21 14:26:41.331Z,1.1087,8,SYNTH
2026-04-21 14:26:42.129Z,1.1099,7,SYNTH
2026-04-21 14:26:43.687Z,1.1095,5,SYNTH
2026-04-21 14:26:44.742Z,1.1106,4,SYNTH
2026-04-21 14:26:45.883Z,1.1085,8,SYNTH
2026-04-21 14:26:46.144Z,1.1105,13,SYNTH
2026-04-21 14:26:47.629Z,1.1075,12,SYNTH
2026-04-21 14:26:48.006Z,1.1113,5,SYNTH
2026-04-21 14:26:49.579Z,1.1092,9,SYNTH
2026-04-21 14:26:50.896Z,1.1085,8,SYNTH
2026-04-21 14:26:51.615Z,1.1096,6,SYNTH
2026-04-21 14:26:52.357Z,1.1111,8,SYNTH
2026-04-21 14:26:53.710Z,1.1075,7,SYNTH
2026-04-21 14:26:54.200Z,1.1103,8,SYNTH
2026-04-21 14:26:55.355Z,1.1081,5,SYNTH
2026-04-21 14:26:56.372Z,1.1115,9,SYNTH
2026-04-21 14:26:57.735Z,1.1114,8,SYNTH
2026-04-21 14:26:58.517Z,1.1086,9,SYNTH
2026-04-21 14:26:59.507Z,1.1116,8,SYNTH
2026-04-21 14:27:00.098Z,1.1061,5,SYNTH
2026-04-21 14:27:01.651Z,1.1053,5,SYNTH
2026-04-21 14:27:02.713Z,1.1046,6,SYNTH
2026-04-21 14:27:03.041Z,1.1069,5,SYNTH
2026-04-21 14:27:04.362Z,1.1036,3,SYNTH
2026-04-21 14:27:05.686Z,1.1063,6,SYNTH
2026-04-21 14:27:06.592Z,1.1057,6,SYNTH
2026-04-21 14:27:07.332Z,1.1061,5,SYNTH
2026-04-21 14:27:08.629Z,1.1042,6,SYNTH
2026-04-21 14:27:09.165Z,1.1051,4,SYNTH
2026-04-21 14:27:10.268Z,1.1062,5,SYNTH
2026-04-21 14:27:11.273Z,1.1042,7,SYNTH
2026-04-21 14:27:12.548Z,1.1060,13,SYNTH
2026-04-21 14:27:13.712Z,1.1068,9,SYNTH
2026-04-21 14:27:14.246Z,1.1035,2,SYNTH
2026-04-21 14:27:15.109Z,1.1050,3,SYNTH
2026-04-21 14:27:16.326Z,1.1055,5,SYNTH
2026-04-21 14:27:17.186Z,1.1037,6,SYNTH
2026-04-21 14:27:18.381Z,1.1040,7,SYNTH
2026-04-21 14:27:19.710Z,1.1067,8,SYNTH
2026-04-21 14:27:20.516Z,1.1032,2,SYNTH
2026-04-21 14:27:21.003Z,1.1028,2,SYNTH
2026-04-21 14:27:22.005Z,1.1054,3,SYNTH
2026-04-21 14:27:23.379Z,1.1068,4,SYNTH
2026-04-21 14:27:24.751Z,1.1046,5,SYNTH
2026-04-21 14:27:25.034Z,1.1060,4,SYNTH
2026-04-21 14:27:26.245Z,1.1062,4,SYNTH
2026-04-21 14:27:27.110Z,1.1068,2,SYNTH
2026-04-21 14:27:28.728Z,1.1044,3,SYNTH
2026-04-21 14:27:29.077Z,1.1064,3,SYNTH
2026-04-21 14:27:30.583Z,1.1030,3,SYNTH
2026-04-21 14:27:31.725Z,1.1057,4,SYNTH
2026-04-21 14:27:32.036Z,1.1042,3,SYNTH
2026-04-21 14:27:33.038Z,1.1063,2,SYNTH
2026-04-21 14:27:34.265Z,1.1056,4,SYNTH
2026-04-21 14:27:35.876Z,1.1035,3,SYNTH
2026-04-21 14:27:36.031Z,1.1038,3,SYNTH
2026-04-21 14:27:37.596Z,1.1065,9,SYNTH
2026-04-21 14:27:38.842Z,1.1039,12,SYNTH
2026-04-21 14:27:39.573Z,1.1066,7,SYNTH
2026-04-21 14:27:40.047Z,1.1068,9,SYNTH
2026-04-21 14:27:41.718Z,1.1034,4,SYNTH
2026-04-21 14:27:42.861Z,1.1065,4,SYNTH
2026-04-21 14:27:43.592Z,1.1058,4,SYNTH
2026-04-21 14:27:44.222Z,1.1046,4,SYNTH
2026-04-21 14:27:45.463Z,1.1044,7,SYNTH
2026-04-21 14:27:46.674Z,1.1064,8,SYNTH
2026-04-21 14:27:47.791Z,1.1032,6,SYNTH
2026-04-21 14:27:48.836Z,1.1069,4,SYNTH
2026-04-21 14:27:49.267Z,1.1043,4,SYNTH
2026-04-21 14:27:50.861Z,1.1041,6,SYNTH
2026-04-21 14:27:51.585Z,1.1046,5,SYNTH
2026-04-21 14:27:52.283Z,1.1060,3,SYNTH
2026-04-21 14:27:53.340Z,1.1066,5,SYNTH
2026-04-21 14:27:54.383Z,1.1036,4,SYNTH
2026-04-21 14:27:55.004Z,1.1040,4,SYNTH
2026-04-21 14:27:56.729Z,1.1057,6,SYNTH
2026-04-21 14:27:57.798Z,1.1071,5,SYNTH
2026-04-21 14:27:58.504Z,1.1037,4,SYNTH
2026-04-21 14:27:59.197Z,1.1065,6,SYNTH
2026-04-21 14:28:00.154Z,1.1089,10,SYNTH
2026-04-21 14:28:01.375Z,1.1067,8,SYNTH
2026-04-21 14:28:02.137Z,1.1077,9,SYNTH
2026-04-21 14:28:03.525Z,1.1080,8,SYNTH
2026-04-21 14:28:04.410Z,1.1060,8,SYNTH
2026-04-21 14:28:05.270Z,1.1056,8,SYNTH
2026-04-21 14:28:06.058Z,1.1086,6,SYNTH
2026-04-21 14:28:07.604Z,1.1082,8,SYNTH
2026-04-21 14:28:08.072Z,1.1072,9,SYNTH
2026-04-21 14:28:09.840Z,1.1082,5,SYNTH
2026-04-21 14:28:10.214Z,1.1085,7,SYNTH
2026-04-21 14:28:11.681Z,1.1088,13,SYNTH
2026-04-21 14:28:12.620Z,1.1074,21,SYNTH
2026-04-21 14:28:13.119Z,1.1067,16,SYNTH
2026-04-21 14:28:14.613Z,1.1087,5,SYNTH
2026-04-21 14:28:15.793Z,1.1090,5,SYNTH
2026-04-21 14:28:16.639Z,1.1081,14,SYNTH
2026-04-21 14:28:17.492Z,1.1083,11,SYNTH
2026-04-21 14:28:18.791Z,1.1078,15,SYNTH
2026-04-21 14:28:19.243Z,1.1062,8,SYNTH
2026-04-21 14:28:20.281Z,1.1087,6,SYNTH
2026-04-21 14:28:21.249Z,1.1072,4,SYNTH
2026-04-21 14:28:22.735Z,1.1093,5,SYNTH
2026-04-21 14:28:23.760Z,1.1084,7,SYNTH
2026-04-21 14:28:24.035Z,1.1084,3,SYNTH
2026-04-21 14:28:25.778Z,1.1098,7,SYNTH
2026-04-21 14:28:26.502Z,1.1069,7,SYNTH
2026-04-21 14:28:27.883Z,1.1103,5,SYNTH
2026-04-21 14:28:28.518Z,1.1094,5,SYNTH
2026-04-21 14:28:29.723Z,1.1097,4,SYNTH
2026-04-21 14:28:30.738Z,1.1106,6,SYNTH
2026-04-21 14:28:31.232Z,1.1072,7,SYNTH
2026-04-21 14:28:32.723Z,1.1104,4,SYNTH
2026-04-21 14:28:33.429Z,1.1100,4,SYNTH
2026-04-21 14:28:34.866Z,1.1104,5,SYNTH
2026-04-21 14:28:35.709Z,1.1105,4,SYNTH
2026-04-21 14:28:36.478Z,1.1116,7,SYNTH
2026-04-21 14:28:37.173Z,1.1087,17,SYNTH
2026-04-21 14:28:38.558Z,1.1117,16,SYNTH
2026-04-21 14:28:39.871Z,1.1111,12,SYNTH
2026-04-21 14:28:40.189Z,1.1080,12,SYNTH
2026-04-21 14:28:41.623Z,1.1114,6,SYNTH
2026-04-21 14:28:42.102Z,1.1110,5,SYNTH
2026-04-21 14:28:43.251Z,1.1098,8,SYNTH
2026-04-21 14:28:44.025Z,1.1080,5,SYNTH
2026-04-21 14:28:45.592Z,1.1103,12,SYNTH
2026-04-21 14:28:46.326Z,1.1089,13,SYNTH
2026-04-21 14:28:47.360Z,1.1099,11,SYNTH
2026-04-21 14:28:48.603Z,1.1085,7,SYNTH
2026-04-21 14:28:49.254Z,1.1084,8,SYNTH
2026-04-21 14:28:50.421Z,1.1104,8,SYNTH
2026-04-21 14:28:51.440Z,1.1100,7,SYNTH
2026-04-21 14:28:52.581Z,1.1081,9,SYNTH
2026-04-21 14:28:53.336Z,1.1101,6,SYNTH
2026-04-21 14:28:54.182Z,1.1082,8,SYNTH
2026-04-21 14:28:55.622Z,1.1084,10,SYNTH
2026-04-21 14:28:56.383Z,1.1101,7,SYNTH
2026-04-21 14:28:57.063Z,1.1121,6,SYNTH
2026-04-21 14:28:58.580Z,1.1104,9,SYNTH
2026-04-21 14:28:59.621Z,1.1084,8,SYNTH
2026-04-21 14:29:00.631Z,1.1104,10,SYNTH
2026-04-21 14:29:01.470Z,1.1094,9,SYNTH
2026-04-21 14:29:02.318Z,1.1094,11,SYNTH
2026-04-21 14:29:03.028Z,1.1082,9,SYNTH
2026-04-21 14:29:04.348Z,1.1105,5,SYNTH
2026-04-21 14:29:05.229Z,1.1064,6,SYNTH
2026-04-21 14:29:06.129Z,1.1099,6,SYNTH
2026-04-21 14:29:07.532Z,1.1071,10,SYNTH
2026-04-21 14:29:08.450Z,1.1096,5,SYNTH
2026-04-21 14:29:09.198Z,1.1092,8,SYNTH
2026-04-21 14:29:10.798Z,1.1073,6,SYNTH
2026-04-21 14:29:11.292Z,1.1088,12,SYNTH
2026-04-21 14:29:12.619Z,1.1096,19,SYNTH
2026-04-21 14:29:13.469Z,1.1095,17,SYNTH
2026-04-21 14:29:14.303Z,1.1076,4,SYNTH
2026-04-21 14:29:15.525Z,1.1102,5,SYNTH
2026-04-21 14:29:16.875Z,1.1107,7,SYNTH
2026-04-21 14:29:17.652Z,1.1075,13,SYNTH
2026-04-21 14:29:18.887Z,1.1076,10,SYNTH
2026-04-21 14:29:19.390Z,1.1078,10,SYNTH
2026-04-21 14:29:20.406Z,1.1093,7,SYNTH
2026-04-21 14:29:21.399Z,1.1102,3,SYNTH
2026-04-21 14:29:22.039Z,1.1103,7,SYNTH
2026-04-21 14:29:23.284Z,1.1107,4,SYNTH
2026-04-21 14:29:24.734Z,1.1109,7,SYNTH
2026-04-21 14:29:25.275Z,1.1089,7,SYNTH
2026-04-21 14:29:26.042Z,1.1107,3,SYNTH
2026-04-21 14:29:27.559Z,1.1082,4,SYNTH
2026-04-21 14:29:28.893Z,1.1107,6,SYNTH
2026-04-21 14:29:29.867Z,1.1086,4,SYNTH
2026-04-21 14:29:30.051Z,1.1099,4,SYNTH
2026-04-21 14:29:31.199Z,1.1112,5,SYNTH
2026-04-21 14:29:32.272Z,1.1106,3,SYNTH
2026-04-21 14:29:33.509Z,1.1092,3,SYNTH
2026-04-21 14:29:34.481Z,1.1113,4,SYNTH
2026-04-21 14:29:35.009Z,1.1081,5,SYNTH
2026-04-21 14:29:36.692Z,1.1111,6,SYNTH
2026-04-21 14:29:37.527Z,1.1103,17,SYNTH
2026-04-21 14:29:38.780Z,1.1083,16,SYNTH
2026-04-21 14:29:39.843Z,1.1110,11,SYNTH
2026-04-21 14:29:40.334Z,1.1108,11,SYNTH
2026-04-21 14:29:41.043Z,1.1102,6,SYNTH
2026-04-21 14:29:42.618Z,1.1080,5,SYNTH
2026-04-21 14:29:43.533Z,1.1102,4,SYNTH
2026-04-21 14:29:44.723Z,1.1105,6,SYNTH
2026-04-21 14:29:45.541Z,1.1097,7,SYNTH
2026-04-21 14:29:46.184Z,1.1087,11,SYNTH
2026-04-21 14:29:47.525Z,1.1077,13,SYNTH
2026-04-21 14:29:48.557Z,1.1118,9,SYNTH
2026-04-21 14:29:49.685Z,1.1094,4,SYNTH
2026-04-21 14:29:50.605Z,1.1114,6,SYNTH
2026-04-21 14:29:51.102Z,1.1085,7,SYNTH
2026-04-21 14:29:52.305Z,1.1120,6,SYNTH
2026-04-21 14:29:53.469Z,1.1081,8,SYNTH
2026-04-21 14:29:54.525Z,1.1096,10,SYNTH
2026-04-21 14:29:55.475Z,1.1117,5,SYNTH
2026-04-21 14:29:56.798Z,1.1096,10,SYNTH
2026-04-21 14:29:57.359Z,1.1110,6,SYNTH
2026-04-21 14:29:58.802Z,1.1111,6,SYNTH
2026-04-21 14:29:59.143Z,1.1086,5,SYNTH
2026-04-21 14:30:00.120Z,1.1112,151,SYNTH
2026-04-21 14:30:01.125Z,1.1103,232,SYNTH
2026-04-21 14:30:02.293Z,1.1079,239,SYNTH
2026-04-21 14:30:03.699Z,1.1111,231,SYNTH
2026-04-21 14:30:04.596Z,1.1108,223,SYNTH
2026-04-21 14:30:05.436Z,1.1103,204,SYNTH
2026-04-21 14:30:06.342Z,1.1091,224,SYNTH
2026-04-21 14:30:07.576Z,1.1109,114,SYNTH
2026-04-21 14:30:08.476Z,1.1104,146,SYNTH
2026-04-21 14:30:09.148Z,1.1099,190,SYNTH
2026-04-21 14:30:10.814Z,1.1119,170,SYNTH
2026-04-21 14:30:11.541Z,1.1085,299,SYNTH
2026-04-21 14:30:12.305Z,1.1078,462,SYNTH
2026-04-21 14:30:13.385Z,1.1106,379,SYNTH
2026-04-21 14:30:14.025Z,1.1096,190,SYNTH
2026-04-21 14:30:15.389Z,1.1107,78,SYNTH
2026-04-21 14:30:16.006Z,1.1081,214,SYNTH
2026-04-21 14:30:17.199Z,1.1107,270,SYNTH
2026-04-21 14:30:18.843Z,1.1103,303,SYNTH
2026-04-21 14:30:19.567Z,1.1115,301,SYNTH
2026-04-21 14:30:20.468Z,1.1118,119,SYNTH
2026-04-21 14:30:21.724Z,1.1107,119,SYNTH
2026-04-21 14:30:22.357Z,1.1119,134,SYNTH
2026-04-21 14:30:23.724Z,1.1111,106,SYNTH
2026-04-21 14:30:24.509Z,1.1121,101,SYNTH
2026-04-21 14:30:25.467Z,1.1125,153,SYNTH
2026-04-21 14:30:26.496Z,1.1128,134,SYNTH
2026-04-21 14:30:27.759Z,1.1132,86,SYNTH
2026-04-21 14:30:28.405Z,1.1134,89,SYNTH
2026-04-21 14:30:29.746Z,1.1147,98,SYNTH
2026-04-21 14:30:30.368Z,1.1140,81,SYNTH
2026-04-21 14:30:31.415Z,1.1144,143,SYNTH
2026-04-21 14:30:32.531Z,1.1145,68,SYNTH
2026-04-21 14:30:33.343Z,1.1148,104,SYNTH
2026-04-21 14:30:34.352Z,1.1160,80,SYNTH
2026-04-21 14:30:35.864Z,1.1138,164,SYNTH
2026-04-21 14:30:36.362Z,1.1166,125,SYNTH
2026-04-21 14:30:37.261Z,1.1153,316,SYNTH
2026-04-21 14:30:38.068Z,1.1142,296,SYNTH
2026-04-21 14:30:39.287Z,1.1155,421,SYNTH
2026-04-21 14:30:40.537Z,1.1137,412,SYNTH
2026-04-21 14:30:41.343Z,1.1160,92,SYNTH
2026-04-21 14:30:42.616Z,1.1133,135,SYNTH
2026-04-21 14:30:43.769Z,1.1156,83,SYNTH
2026-04-21 14:30:44.134Z,1.1154,80,SYNTH
2026-04-21 14:30:45.750Z,1.1134,237,SYNTH
2026-04-21 14:30:46.086Z,1.1161,142,SYNTH
2026-04-21 14:30:47.004Z,1.1142,139,SYNTH
2026-04-21 14:30:48.718Z,1.1158,89,SYNTH
2026-04-21 14:30:49.884Z,1.1155,105,SYNTH
2026-04-21 14:30:50.566Z,1.1143,101,SYNTH
2026-04-21 14:30:51.021Z,1.1131,127,SYNTH
2026-04-21 14:30:52.058Z,1.1156,112,SYNTH
2026-04-21 14:30:53.802Z,1.1163,170,SYNTH
2026-04-21 14:30:54.722Z,1.1160,160,SYNTH
2026-04-21 14:30:55.810Z,1.1145,217,SYNTH
2026-04-21 14:30:56.655Z,1.1169,113,SYNTH
2026-04-21 14:30:57.805Z,1.1152,198,SYNTH
2026-04-21 14:30:58.128Z,1.1140,241,SYNTH
2026-04-21 14:30:59.256Z,1.1169,227,SYNTH
2026-04-21 14:35:00.270Z,1.1165,2,SYNTH
2026-04-21 14:35:01.567Z,1.1167,2,SYNTH
2026-04-21 14:35:02.689Z,1.1161,2,SYNTH
2026-04-21 14:35:03.344Z,1.1174,1,SYNTH
2026-04-21 14:35:04.670Z,1.1152,2,SYNTH
2026-04-21 14:35:05.852Z,1.1180,1,SYNTH
2026-04-21 14:35:06.063Z,1.1169,1,SYNTH
2026-04-21 14:35:07.834Z,1.1157,2,SYNTH
2026-04-21 14:35:08.264Z,1.1169,1,SYNTH
2026-04-21 14:35:09.764Z,1.1160,2,SYNTH
2026-04-21 14:35:10.452Z,1.1166,1,SYNTH
2026-04-21 14:35:11.649Z,1.1178,3,SYNTH
2026-04-21 14:35:12.002Z,1.1142,3,SYNTH
2026-04-21 14:35:13.229Z,1.1166,3,SYNTH
2026-04-21 14:35:14.635Z,1.1182,1,SYNTH
2026-04-21 14:35:15.614Z,1.1177,1,SYNTH
2026-04-21 14:35:16.383Z,1.1148,2,SYNTH
2026-04-21 14:35:17.076Z,1.1180,2,SYNTH
2026-04-21 14:35:18.366Z,1.1172,2,SYNTH
2026-04-21 14:35:19.249Z,1.1144,2,SYNTH
2026-04-21 14:35:20.666Z,1.1145,1,SYNTH
2026-04-21 14:35:21.254Z,1.1148,1,SYNTH
2026-04-21 14:35:22.267Z,1.1180,1,SYNTH
2026-04-21 14:35:23.017Z,1.1146,1,SYNTH
2026-04-21 14:35:24.108Z,1.1171,2,SYNTH
2026-04-21 14:35:25.627Z,1.1161,1,SYNTH
2026-04-21 14:35:26.046Z,1.1147,1,SYNTH
2026-04-21 14:35:27.371Z,1.1164,1,SYNTH
2026-04-21 14:35:28.091Z,1.1168,2,SYNTH
2026-04-21 14:35:29.742Z,1.1176,1,SYNTH
2026-04-21 14:35:30.125Z,1.1168,1,SYNTH
2026-04-21 14:35:31.827Z,1.1156,1,SYNTH
2026-04-21 14:35:32.467Z,1.1185,1,SYNTH
2026-04-21 14:35:33.511Z,1.1170,1,SYNTH
2026-04-21 14:35:34.089Z,1.1146,1,SYNTH
2026-04-21 14:35:35.184Z,1.1145,1,SYNTH
2026-04-21 14:35:36.522Z,1.1177,1,SYNTH
2026-04-21 14:35:37.320Z,1.1152,3,SYNTH
2026-04-21 14:35:38.533Z,1.1146,4,SYNTH
2026-04-21 14:35:39.307Z,1.1146,2,SYNTH
2026-04-21 14:35:40.001Z,1.1178,4,SYNTH
2026-04-21 14:35:41.899Z,1.1163,1,SYNTH
2026-04-21 14:35:42.375Z,1.1180,1,SYNTH
2026-04-21 14:35:43.030Z,1.1149,1,SYNTH
2026-04-21 14:35:44.302Z,1.1183,1,SYNTH
2026-04-21 14:35:45.011Z,1.1157,2,SYNTH
2026-04-21 14:35:46.200Z,1.1185,1,SYNTH
2026-04-21 14:35:47.753Z,1.1180,3,SYNTH
2026-04-21 14:35:48.395Z,1.1159,1,SYNTH
2026-04-21 14:35:49.811Z,1.1177,1,SYNTH
2026-04-21 14:35:50.087Z,1.1176,1,SYNTH
2026-04-21 14:35:51.560Z,1.1155,2,SYNTH
2026-04-21 14:35:52.373Z,1.1171,1,SYNTH
2026-04-21 14:35:53.704Z,1.1147,1,SYNTH
2026-04-21 14:35:54.836Z,1.1150,1,SYNTH
2026-04-21 14:35:55.236Z,1.1172,2,SYNTH
2026-04-21 14:35:56.353Z,1.1183,2,SYNTH
2026-04-21 14:35:57.763Z,1.1169,2,SYNTH
2026-04-21 14:35:58.105Z,1.1173,2,SYNTH
2026-04-21 14:35:59.270Z,1.1144,2,SYNTH
2026-04-21 14:36:00.333Z,1.1156,52,SYNTH
2026-04-21 14:36:01.404Z,1.1168,41,SYNTH
2026-04-21 14:36:02.170Z,1.1148,46,SYNTH
2026-04-21 14:36:03.587Z,1.1167,43,SYNTH
2026-04-21 14:36:04.192Z,1.1164,48,SYNTH
2026-04-21 14:36:05.611Z,1.1136,21,SYNTH
2026-04-21 14:36:06.151Z,1.1145,22,SYNTH
2026-04-21 14:36:07.230Z,1.1162,38,SYNTH
2026-04-21 14:36:08.352Z,1.1144,23,SYNTH
2026-04-21 14:36:09.712Z,1.1157,21,SYNTH
2026-04-21 14:36:10.694Z,1.1164,34,SYNTH
2026-04-21 14:36:11.239Z,1.1155,101,SYNTH
2026-04-21 14:36:12.186Z,1.1171,103,SYNTH
2026-04-21 14:36:13.462Z,1.1135,60,SYNTH
2026-04-21 14:36:14.451Z,1.1140,23,SYNTH
2026-04-21 14:36:15.378Z,1.1168,21,SYNTH
2026-04-21 14:36:16.742Z,1.1143,31,SYNTH
2026-04-21 14:36:17.433Z,1.1150,35,SYNTH
2026-04-21 14:36:18.431Z,1.1153,69,SYNTH
2026-04-21 14:36:19.541Z,1.1150,32,SYNTH
2026-04-21 14:36:20.869Z,1.1153,37,SYNTH
2026-04-21 14:36:21.187Z,1.1163,27,SYNTH
2026-04-21 14:36:22.050Z,1.1148,35,SYNTH
2026-04-21 14:36:23.718Z,1.1165,22,SYNTH
2026-04-21 14:36:24.122Z,1.1171,26,SYNTH
2026-04-21 14:36:25.076Z,1.1157,25,SYNTH
2026-04-21 14:36:26.350Z,1.1172,32,SYNTH
2026-04-21 14:36:27.663Z,1.1150,23,SYNTH
2026-04-21 14:36:28.209Z,1.1140,30,SYNTH
2026-04-21 14:36:29.734Z,1.1174,19,SYNTH
2026-04-21 14:36:30.326Z,1.1144,18,SYNTH
2026-04-21 14:36:31.695Z,1.1169,31,SYNTH
2026-04-21 14:36:32.260Z,1.1178,24,SYNTH
2026-04-21 14:36:33.180Z,1.1173,26,SYNTH
2026-04-21 14:36:34.648Z,1.1164,19,SYNTH
2026-04-21 14:36:35.162Z,1.1165,32,SYNTH
2026-04-21 14:36:36.667Z,1.1180,22,SYNTH
2026-04-21 14:36:37.417Z,1.1171,91,SYNTH
2026-04-21 14:36:38.343Z,1.1144,84,SYNTH
2026-04-21 14:36:39.212Z,1.1161,60,SYNTH
2026-04-21 14:36:40.521Z,1.1180,72,SYNTH
2026-04-21 14:36:41.127Z,1.1157,24,SYNTH
2026-04-21 14:36:42.544Z,1.1168,21,SYNTH
2026-04-21 14:36:43.223Z,1.1145,33,SYNTH
2026-04-21 14:36:44.756Z,1.1164,31,SYNTH
2026-04-21 14:36:45.732Z,1.1173,40,SYNTH
2026-04-21 14:36:46.354Z,1.1147,62,SYNTH
