TimestampUtc,Bid,Ask,BidSize,AskSize,SpreadBps
2026-04-24 16:46:00.329Z,30.0964,30.1236,87709,84972,9.0
2026-04-24 16:46:01.157Z,30.0902,30.1248,16316,58980,11.5
2026-04-24 16:46:02.011Z,30.0849,30.1183,54740,175457,11.1
2026-04-24 16:46:03.751Z,30.0756,30.1094,21874,53853,11.2
2026-04-24 16:46:04.830Z,30.0611,30.0973,36625,61831,12.0
2026-04-24 16:46:05.023Z,30.0448,30.0842,59894,137706,13.1
2026-04-24 16:46:06.276Z,30.0323,30.0649,40474,104436,10.8
2026-04-24 16:46:07.723Z,30.0183,30.0591,18278,63890,13.6
2026-04-24 16:46:08.545Z,30.0148,30.0508,43278,83103,12.0
2026-04-24 16:46:09.211Z,30.0003,30.0337,39917,41524,11.1
2026-04-24 16:46:10.817Z,29.9923,30.0303,42473,90076,12.7
2026-04-24 16:46:11.361Z,29.9824,30.0184,132386,166877,12.0
2026-04-24 16:46:12.488Z,29.9857,30.0135,66876,124337,9.3
2026-04-24 16:46:13.721Z,29.9953,30.0269,73343,80233,10.5
2026-04-24 16:46:14.728Z,29.9976,30.0302,68469,47533,10.9
2026-04-24 16:46:15.679Z,30.0024,30.0366,71417,35408,11.4
2026-04-24 16:46:16.481Z,30.0159,30.0465,163461,75421,10.2
2026-04-24 16:46:17.247Z,30.0131,30.0479,50313,170112,11.6
2026-04-24 16:46:18.191Z,30.0127,30.0485,83298,65273,11.9
2026-04-24 16:46:19.483Z,30.0329,30.0657,76760,27569,10.9
2026-04-24 16:46:20.734Z,30.0327,30.0587,26393,61575,8.7
2026-04-24 16:46:21.435Z,30.0457,30.0769,40912,14879,10.4
2026-04-24 16:46:22.402Z,30.0622,30.1006,83727,46528,12.8
2026-04-24 16:46:23.318Z,30.0918,30.1406,60653,50371,16.2
2026-04-24 16:46:24.842Z,30.1207,30.1707,65686,35281,16.6
2026-04-24 16:46:25.650Z,30.1437,30.1861,42509,31168,14.1
2026-04-24 16:46:26.507Z,30.1826,30.2274,50325,44317,14.8
2026-04-24 16:46:27.273Z,30.2110,30.2612,47540,37016,16.6
2026-04-24 16:46:28.360Z,30.2473,30.2907,48115,36679,14.3
2026-04-24 16:46:29.192Z,30.2797,30.3201,69739,29029,13.3
2026-04-24 16:46:30.214Z,30.3034,30.3506,50387,24500,15.6
2026-04-24 16:46:31.251Z,30.3493,30.3925,26075,25973,14.2
2026-04-24 16:46:32.474Z,30.3790,30.4198,61764,35262,13.4
2026-04-24 16:46:33.772Z,30.3968,30.4354,28592,29602,12.7
2026-04-24 16:46:34.348Z,30.4193,30.4651,58079,27114,15.0
2026-04-24 16:46:35.228Z,30.4418,30.4904,37495,34778,16.0
2026-04-24 16:46:36.117Z,30.4630,30.5100,49514,28616,15.4
2026-04-24 16:46:37.863Z,30.4782,30.5186,53876,59684,13.2
2026-04-24 16:46:38.112Z,30.4876,30.5222,115305,36084,11.3
2026-04-24 16:46:39.256Z,30.4770,30.5118,58907,122721,11.4
2026-04-24 16:46:40.292Z,30.4817,30.5133,123830,86572,10.4
2026-04-24 16:46:41.256Z,30.4592,30.4940,59289,84109,11.4
2026-04-24 16:46:42.029Z,30.4528,30.4866,12716,47534,11.1
2026-04-24 16:46:43.206Z,30.4392,30.4698,27996,41567,10.0
2026-04-24 16:46:44.257Z,30.4262,30.4582,16392,62336,10.5
2026-04-24 16:46:45.389Z,30.4072,30.4440,60439,136379,12.1
2026-04-24 16:46:46.384Z,30.4103,30.4459,45550,27389,11.7
2026-04-24 16:46:47.831Z,30.4065,30.4367,35753,70916,9.9
2026-04-24 16:46:48.376Z,30.4107,30.4363,51193,37245,8.4
2026-04-24 16:46:49.812Z,30.4075,30.4331,32929,93221,8.4
2026-04-24 16:46:50.495Z,30.3890,30.4280,27898,76177,12.8
2026-04-24 16:46:51.781Z,30.3777,30.4189,44449,82575,13.6
2026-04-24 16:46:52.820Z,30.3759,30.4039,39911,98196,9.2
2026-04-24 16:46:53.455Z,30.3780,30.4066,69659,25930,9.4
2026-04-24 16:46:54.580Z,30.3565,30.3985,27656,61866,13.8
2026-04-24 16:46:55.808Z,30.3512,30.3822,59423,127687,10.2
2026-04-24 16:46:56.370Z,30.3465,30.3791,32824,133285,10.7
2026-04-24 16:46:57.138Z,30.3438,30.3774,73419,136302,11.1
2026-04-24 16:46:58.680Z,30.3462,30.3728,37291,70804,8.8
2026-04-24 16:46:59.780Z,30.3419,30.3681,43900,82807,8.6
2026-04-24 16:47:00.526Z,30.3398,30.3702,10605,10704,10.0
2026-04-24 16:47:01.275Z,30.3449,30.3735,18403,6442,9.4
2026-04-24 16:47:02.058Z,30.3193,30.3575,11547,17678,12.6
2026-04-24 16:47:03.886Z,30.3125,30.3501,6651,18690,12.4
2026-04-24 16:47:04.588Z,30.2941,30.3331,4787,12064,12.9
2026-04-24 16:47:05.034Z,30.2875,30.3249,4192,8015,12.3
2026-04-24 16:47:06.126Z,30.2636,30.3014,7368,11394,12.5
2026-04-24 16:47:07.133Z,30.2399,30.2793,4496,7236,13.0
2026-04-24 16:47:08.061Z,30.2248,30.2632,4348,12224,12.7
2026-04-24 16:47:09.545Z,30.2115,30.2511,8134,14168,13.1
2026-04-24 16:47:10.209Z,30.1900,30.2364,6242,11635,15.4
2026-04-24 16:47:11.196Z,30.2010,30.2362,29918,18570,11.6
2026-04-24 16:47:12.274Z,30.1880,30.2238,22968,34717,11.9
2026-04-24 16:47:13.083Z,30.2043,30.2399,22785,12363,11.8
2026-04-24 16:47:14.872Z,30.2064,30.2408,8015,4789,11.4
2026-04-24 16:47:15.100Z,30.2163,30.2517,11186,5459,11.7
2026-04-24 16:47:16.658Z,30.2320,30.2642,23007,13404,10.6
2026-04-24 16:47:17.740Z,30.2312,30.2616,7220,9131,10.1
2026-04-24 16:47:18.794Z,30.2422,30.2734,19458,9427,10.3
2026-04-24 16:47:19.412Z,30.2446,30.2774,11136,13765,10.8
2026-04-24 16:47:20.879Z,30.2616,30.2984,12629,4631,12.2
2026-04-24 16:47:21.085Z,30.2761,30.3185,11699,5070,14.0
2026-04-24 16:47:22.352Z,30.3026,30.3536,7819,7940,16.8
2026-04-24 16:47:23.365Z,30.3291,30.3715,6238,6755,14.0
2026-04-24 16:47:24.006Z,30.3653,30.4241,12801,8326,19.3
2026-04-24 16:47:25.136Z,30.4090,30.4524,10889,5508,14.3
2026-04-24 16:47:26.389Z,30.4543,30.4973,10414,7280,14.1
2026-04-24 16:47:27.517Z,30.4909,30.5385,12273,4137,15.6
2026-04-24 16:47:28.602Z,30.5394,30.6004,5359,3755,20.0
2026-04-24 16:47:29.375Z,30.5836,30.6408,8587,7067,18.7
2026-04-24 16:47:30.833Z,30.6337,30.6747,10535,3980,13.4
2026-04-24 16:47:31.899Z,30.6764,30.7214,5724,3364,14.7
2026-04-24 16:47:32.695Z,30.7114,30.7536,8502,6327,13.7
2026-04-24 16:47:33.512Z,30.7534,30.8106,12993,4174,18.6
2026-04-24 16:47:34.278Z,30.7786,30.8246,12920,7483,14.9
2026-04-24 16:47:35.898Z,30.8102,30.8504,5390,3756,13.0
2026-04-24 16:47:36.539Z,30.8306,30.8694,13694,8579,12.6
2026-04-24 16:47:37.720Z,30.8549,30.8877,26707,18300,10.6
2026-04-24 16:47:38.025Z,30.8617,30.9005,16541,20838,12.6
2026-04-24 16:47:39.084Z,30.8591,30.8959,21467,20919,11.9
2026-04-24 16:47:40.679Z,30.8561,30.8925,11736,19093,11.8
2026-04-24 16:47:41.044Z,30.8358,30.8748,6811,11993,12.6
2026-04-24 16:47:42.137Z,30.8142,30.8560,4306,19378,13.6
2026-04-24 16:47:43.011Z,30.7895,30.8359,3625,7461,15.1
2026-04-24 16:47:44.403Z,30.7664,30.8062,4934,15416,12.9
2026-04-24 16:47:45.837Z,30.7491,30.7913,11890,11263,13.7
2026-04-24 16:47:46.300Z,30.7494,30.7838,13253,17893,11.2
2026-04-24 16:47:47.676Z,30.7543,30.7805,12035,9133,8.5
2026-04-24 16:47:48.076Z,30.7395,30.7799,2901,7174,13.1
2026-04-24 16:47:49.685Z,30.7293,30.7615,4125,10703,10.5
2026-04-24 16:47:50.816Z,30.6973,30.7461,5566,15410,15.9
2026-04-24 16:47:51.751Z,30.6838,30.7210,7557,18595,12.1
2026-04-24 16:47:52.433Z,30.6793,30.7135,4168,6149,11.1
2026-04-24 16:47:53.096Z,30.6455,30.6861,8554,13321,13.2
2026-04-24 16:47:54.324Z,30.6256,30.6708,3937,10216,14.7
2026-04-24 16:47:55.390Z,30.6075,30.6485,7807,14520,13.4
2026-04-24 16:47:56.786Z,30.5977,30.6317,5057,20561,11.1
2026-04-24 16:47:57.533Z,30.5771,30.6127,4652,11739,11.6
2026-04-24 16:47:58.235Z,30.5813,30.6101,10846,7481,9.4
2026-04-24 16:47:59.372Z,30.5682,30.6018,9404,17336,11.0
2026-04-24 16:48:00.601Z,30.5530,30.5870,7010,7577,11.1
2026-04-24 16:48:01.524Z,30.5564,30.5868,9360,7388,9.9
2026-04-24 16:48:02.587Z,30.5563,30.5945,6426,2329,12.5
2026-04-24 16:48:03.544Z,30.5693,30.5987,6081,3256,9.6
2026-04-24 16:48:04.191Z,30.5899,30.6303,6278,2837,13.2
2026-04-24 16:48:05.595Z,30.5988,30.6308,4446,2950,10.5
2026-04-24 16:48:06.295Z,30.6128,30.6460,5586,3627,10.8
2026-04-24 16:48:07.810Z,30.6393,30.6787,7545,2812,12.9
2026-04-24 16:48:08.856Z,30.6564,30.6922,6999,3222,11.7
2026-04-24 16:48:09.137Z,30.6715,30.7031,7154,2907,10.3
2026-04-24 16:48:10.796Z,30.6700,30.7054,7864,5228,11.5
2026-04-24 16:48:11.139Z,30.6755,30.7121,13711,9366,11.9
2026-04-24 16:48:12.759Z,30.6895,30.7201,17633,7839,10.0
2026-04-24 16:48:13.469Z,30.6821,30.7179,5584,18461,11.7
2026-04-24 16:48:14.046Z,30.6588,30.7002,2952,9979,13.5
2026-04-24 16:48:15.761Z,30.6665,30.7007,7150,2703,11.1
2026-04-24 16:48:16.023Z,30.6451,30.6835,3965,8866,12.5
2026-04-24 16:48:17.403Z,30.6311,30.6713,5431,7905,13.1
2026-04-24 16:48:18.730Z,30.6452,30.6804,7974,2988,11.5
2026-04-24 16:48:19.432Z,30.6262,30.6668,7318,8039,13.2
2026-04-24 16:48:20.010Z,30.6244,30.6606,1602,3987,11.8
2026-04-24 16:48:21.847Z,30.6038,30.6446,1952,4035,13.3
2026-04-24 16:48:22.890Z,30.5748,30.6154,2236,4182,13.3
2026-04-24 16:48:23.001Z,30.5510,30.5954,4993,4656,14.5
2026-04-24 16:48:24.858Z,30.5077,30.5521,1814,4634,14.5
2026-04-24 16:48:25.548Z,30.4845,30.5197,2534,6097,11.5
2026-04-24 16:48:26.217Z,30.4452,30.4936,2988,5973,15.9
2026-04-24 16:48:27.417Z,30.4044,30.4558,1831,4178,16.9
2026-04-24 16:48:28.770Z,30.3564,30.4090,1821,3509,17.3
2026-04-24 16:48:29.292Z,30.3326,30.3726,3191,4456,13.2
2026-04-24 16:48:30.716Z,30.2733,30.3259,1811,4825,17.4
2026-04-24 16:48:31.558Z,30.2531,30.2953,1123,3835,13.9
2026-04-24 16:48:32.278Z,30.2049,30.2573,3092,3289,17.3
2026-04-24 16:48:33.164Z,30.1764,30.2192,1720,5965,14.2
2026-04-24 16:48:34.515Z,30.1539,30.1999,3974,7097,15.2
2026-04-24 16:48:35.555Z,30.1303,30.1783,5156,8420,15.9
2026-04-24 16:48:36.798Z,30.1169,30.1551,3037,4240,12.7
2026-04-24 16:48:37.426Z,30.1090,30.1388,6502,11006,9.9
2026-04-24 16:48:38.573Z,30.0870,30.1218,7176,13510,11.6
2026-04-24 16:48:39.313Z,30.0942,30.1256,11516,8423,10.4
2026-04-24 16:48:40.111Z,30.0931,30.1267,7741,9876,11.2
2026-04-24 16:48:41.229Z,30.1074,30.1444,9448,3918,12.3
2026-04-24 16:48:42.876Z,30.1109,30.1487,7106,3173,12.5
2026-04-24 16:48:43.365Z,30.1214,30.1598,4522,2486,12.7
2026-04-24 16:48:44.663Z,30.1378,30.1674,2944,2732,9.8
2026-04-24 16:48:45.781Z,30.1375,30.1757,10779,4492,12.7
2026-04-24 16:48:46.324Z,30.1554,30.1870,7194,4440,10.5
2026-04-24 16:48:47.661Z,30.1578,30.1888,6455,6616,10.3
2026-04-24 16:48:48.545Z,30.1634,30.1924,4989,3835,9.6
2026-04-24 16:48:49.094Z,30.1633,30.1897,3718,4642,8.7
2026-04-24 16:48:50.471Z,30.1835,30.2179,4729,5592,11.4
2026-04-24 16:48:51.895Z,30.1916,30.2278,6659,3080,12.0
2026-04-24 16:48:52.484Z,30.1998,30.2416,9111,4161,13.8
2026-04-24 16:48:53.896Z,30.2107,30.2515,10475,3902,13.5
2026-04-24 16:48:54.241Z,30.2317,30.2659,8716,4892,11.3
2026-04-24 16:48:55.661Z,30.2545,30.2911,10103,6851,12.1
2026-04-24 16:48:56.894Z,30.2603,30.2957,4317,3382,11.7
2026-04-24 16:48:57.602Z,30.2670,30.2980,10914,5969,10.2
2026-04-24 16:48:58.503Z,30.2818,30.3188,7044,4279,12.2
2026-04-24 16:48:59.356Z,30.2766,30.3134,2763,9055,12.1
2026-04-24 16:49:00.059Z,30.3179,30.3421,15578,10896,8.0
2026-04-24 16:49:01.505Z,30.3014,30.3340,4123,15904,10.8
2026-04-24 16:49:02.307Z,30.2941,30.3223,9636,17956,9.3
2026-04-24 16:49:03.098Z,30.2371,30.2973,8938,10455,19.9
2026-04-24 16:49:04.543Z,30.2065,30.2575,8164,12438,16.9
2026-04-24 16:49:05.431Z,30.1633,30.2163,6378,13182,17.6
2026-04-24 16:49:06.698Z,30.1049,30.1613,8895,18213,18.7
2026-04-24 16:49:07.176Z,30.0551,30.1157,5553,13929,20.1
2026-04-24 16:49:08.256Z,30.0253,30.0679,9849,20067,14.2
2026-04-24 16:49:09.093Z,29.9837,30.0271,8156,17661,14.5
2026-04-24 16:49:10.101Z,29.9508,29.9932,4405,12662,14.1
2026-04-24 16:49:11.774Z,29.9420,29.9830,28646,25650,13.7
2026-04-24 16:49:12.195Z,29.9406,29.9746,25854,40751,11.3
2026-04-24 16:49:13.661Z,29.9415,29.9711,17415,49464,9.9
2026-04-24 16:49:14.144Z,29.9571,30.0071,17018,6936,16.7
2026-04-24 16:49:15.450Z,29.9720,30.0072,12707,10258,11.7
2026-04-24 16:49:16.281Z,29.9858,30.0304,17082,7576,14.9
2026-04-24 16:49:17.001Z,30.0030,30.0450,39390,15467,14.0
2026-04-24 16:49:18.356Z,30.0144,30.0574,15930,14548,14.3
2026-04-24 16:49:19.732Z,30.0229,30.0573,30747,12600,11.5
2026-04-24 16:49:20.450Z,30.0309,30.0693,8441,5142,12.8
2026-04-24 16:49:21.253Z,30.0456,30.0912,7419,6654,15.2
2026-04-24 16:49:22.200Z,30.0684,30.1040,7501,2983,11.8
2026-04-24 16:49:23.331Z,30.0835,30.1167,11316,4307,11.0
2026-04-24 16:49:24.415Z,30.1180,30.1578,8327,6169,13.2
2026-04-24 16:49:25.636Z,30.1383,30.1795,11216,4485,13.7
2026-04-24 16:49:26.470Z,30.1794,30.2210,5978,4376,13.8
2026-04-24 16:49:27.379Z,30.2134,30.2586,12681,8743,14.9
2026-04-24 16:49:28.064Z,30.2425,30.2867,14559,7173,14.6
2026-04-24 16:49:29.143Z,30.2733,30.3163,10033,7481,14.2
2026-04-24 16:49:30.638Z,30.3031,30.3537,5813,4716,16.7
2026-04-24 16:49:31.600Z,30.3371,30.3755,8545,4748,12.6
2026-04-24 16:49:32.132Z,30.3666,30.4158,8152,5634,16.2
2026-04-24 16:49:33.297Z,30.4002,30.4410,6033,3068,13.4
2026-04-24 16:49:34.406Z,30.4259,30.4781,8193,6998,17.1
2026-04-24 16:49:35.197Z,30.4497,30.4977,17425,7212,15.8
2026-04-24 16:49:36.026Z,30.4666,30.4980,14375,4700,10.3
2026-04-24 16:49:37.398Z,30.4723,30.5049,25759,11335,10.7
2026-04-24 16:49:38.667Z,30.4819,30.5131,27037,17764,10.2
2026-04-24 16:49:39.821Z,30.4809,30.5075,9186,18808,8.7
2026-04-24 16:49:40.116Z,30.4782,30.5092,11227,35301,10.2
2026-04-24 16:49:41.322Z,30.4741,30.5029,6954,13842,9.4
2026-04-24 16:49:42.422Z,30.4545,30.4959,7775,13646,13.6
2026-04-24 16:49:43.889Z,30.4638,30.4888,13054,7577,8.2
2026-04-24 16:49:44.733Z,30.4445,30.4753,9195,23840,10.1
2026-04-24 16:49:45.892Z,30.4475,30.4865,20000,9458,12.8
2026-04-24 16:49:46.451Z,30.4516,30.4778,11462,19657,8.6
2026-04-24 16:49:47.245Z,30.4347,30.4729,8831,30690,12.5
2026-04-24 16:49:48.092Z,30.4294,30.4606,8533,20233,10.2
2026-04-24 16:49:49.364Z,30.4268,30.4566,12140,18287,9.8
2026-04-24 16:49:50.682Z,30.4163,30.4471,5731,18350,10.1
2026-04-24 16:49:51.899Z,30.4010,30.4408,8070,17737,13.1
2026-04-24 16:49:52.564Z,30.3919,30.4223,7248,8797,10.0
2026-04-24 16:49:53.774Z,30.3585,30.4071,6263,11841,16.0
2026-04-24 16:49:54.117Z,30.3599,30.3929,7778,25635,10.9
2026-04-24 16:49:55.012Z,30.3367,30.3789,15505,22386,13.9
2026-04-24 16:49:56.569Z,30.3358,30.3656,7358,21682,9.8
2026-04-24 16:49:57.067Z,30.3091,30.3531,10639,22031,14.5
2026-04-24 16:49:58.378Z,30.3151,30.3407,7312,13733,8.4
2026-04-24 16:49:59.829Z,30.3169,30.3431,25814,10899,8.6
2026-04-24 16:50:00.601Z,30.3179,30.3421,2694,4364,8.0
2026-04-24 16:50:01.139Z,30.3104,30.3464,2917,4935,11.9
2026-04-24 16:50:02.348Z,30.3154,30.3436,10420,6222,9.3
2026-04-24 16:50:03.416Z,30.3194,30.3614,4892,2399,13.8
2026-04-24 16:50:04.332Z,30.3260,30.3552,5349,3442,9.6
2026-04-24 16:50:05.754Z,30.3159,30.3491,1510,4666,10.9
2026-04-24 16:50:06.495Z,30.3281,30.3721,5640,3157,14.5
2026-04-24 16:50:07.195Z,30.3299,30.3643,1934,5011,11.3
2026-04-24 16:50:08.080Z,30.3349,30.3621,6177,3135,9.0
2026-04-24 16:50:09.243Z,30.3342,30.3674,7776,4884,10.9
2026-04-24 16:50:10.159Z,30.3396,30.3790,5145,3252,13.0
2026-04-24 16:50:11.292Z,30.3381,30.3703,11122,16259,10.6
2026-04-24 16:50:12.187Z,30.3474,30.3754,17767,7249,9.2
2026-04-24 16:50:13.388Z,30.3414,30.3768,6315,10875,11.7
2026-04-24 16:50:14.572Z,30.3358,30.3680,2993,5434,10.6
2026-04-24 16:50:15.540Z,30.3377,30.3705,2722,1875,10.8
2026-04-24 16:50:16.131Z,30.3391,30.3707,11906,7664,10.4
2026-04-24 16:50:17.493Z,30.3349,30.3669,3692,9219,10.5
2026-04-24 16:50:18.045Z,30.3345,30.3627,2618,10597,9.3
2026-04-24 16:50:19.539Z,30.3315,30.3623,7629,15483,10.1
2026-04-24 16:50:20.024Z,30.3126,30.3478,1420,3156,11.6
2026-04-24 16:50:21.650Z,30.3022,30.3420,2315,3993,13.1
2026-04-24 16:50:22.407Z,30.2907,30.3305,1331,3335,13.1
2026-04-24 16:50:23.303Z,30.2681,30.3153,1102,3029,15.6
2026-04-24 16:50:24.497Z,30.2500,30.2876,2348,4416,12.4
2026-04-24 16:50:25.256Z,30.2342,30.2756,1186,3506,13.7
2026-04-24 16:50:26.278Z,30.2010,30.2414,4282,8070,13.4
2026-04-24 16:50:27.226Z,30.1767,30.2137,3182,3919,12.3
2026-04-24 16:50:28.737Z,30.1447,30.1929,1899,5075,16.0
2026-04-24 16:50:29.526Z,30.1333,30.1653,2579,5683,10.6
2026-04-24 16:50:30.412Z,30.0955,30.1427,2357,3258,15.7
2026-04-24 16:50:31.676Z,30.0812,30.1194,2754,5733,12.7
2026-04-24 16:50:32.423Z,30.0485,30.0941,2037,2642,15.2
2026-04-24 16:50:33.107Z,30.0480,30.0828,2365,6061,11.6
2026-04-24 16:50:34.046Z,30.0258,30.0644,2327,5904,12.8
2026-04-24 16:50:35.893Z,29.9925,30.0423,3034,5174,16.6
2026-04-24 16:50:36.528Z,29.9981,30.0307,1826,4764,10.9
2026-04-24 16:50:37.859Z,29.9843,30.0249,5024,10554,13.5
2026-04-24 16:50:38.684Z,29.9895,30.0181,2554,11479,9.5
2026-04-24 16:50:39.354Z,29.9757,30.0155,5516,11648,13.3
2026-04-24 16:50:40.660Z,29.9895,30.0301,22101,7434,13.5
2026-04-24 16:50:41.698Z,29.9990,30.0410,2619,1805,14.0
2026-04-24 16:50:42.271Z,30.0041,30.0325,3216,3803,9.5
2026-04-24 16:50:43.119Z,30.0197,30.0583,3524,3144,12.8
2026-04-24 16:50:44.709Z,30.0264,30.0586,3784,1904,10.7
2026-04-24 16:50:45.127Z,30.0279,30.0579,5724,3406,10.0
2026-04-24 16:50:46.558Z,30.0290,30.0598,8073,2900,10.3
2026-04-24 16:50:47.524Z,30.0397,30.0777,11584,5245,12.6
2026-04-24 16:50:48.511Z,30.0354,30.0654,3079,11376,10.0
2026-04-24 16:50:49.667Z,30.0396,30.0724,4717,4939,10.9
2026-04-24 16:50:50.660Z,30.0516,30.0796,5037,6327,9.3
2026-04-24 16:50:51.652Z,30.0492,30.0802,4066,7090,10.3
2026-04-24 16:50:52.244Z,30.0553,30.0957,5114,6146,13.4
2026-04-24 16:50:53.552Z,30.0656,30.1020,3158,2870,12.1
2026-04-24 16:50:54.242Z,30.0621,30.0991,5108,11586,12.3
2026-04-24 16:50:55.576Z,30.0739,30.1083,5443,4517,11.4
2026-04-24 16:50:56.152Z,30.0817,30.1189,5603,4548,12.4
2026-04-24 16:50:57.456Z,30.0780,30.1084,1896,6214,10.1
2026-04-24 16:50:58.136Z,30.0780,30.1062,3817,7723,9.4
2026-04-24 16:50:59.767Z,30.0821,30.1179,4439,3456,11.9
2026-04-24 16:51:00.892Z,30.1356,30.1644,6047,6343,9.6
2026-04-24 16:51:01.498Z,30.1335,30.1699,5964,5621,12.1
2026-04-24 16:51:02.166Z,30.1135,30.1499,9026,11152,12.1
2026-04-24 16:51:03.734Z,30.1046,30.1342,3089,8917,9.8
2026-04-24 16:51:04.649Z,30.0961,30.1301,2689,7680,11.3
2026-04-24 16:51:05.280Z,30.0811,30.1141,2936,6431,11.0
2026-04-24 16:51:06.778Z,30.0431,30.0907,4124,10644,15.8
2026-04-24 16:51:07.569Z,30.0369,30.0717,3347,9265,11.6
2026-04-24 16:51:08.473Z,30.0131,30.0505,5565,12409,12.5
2026-04-24 16:51:09.373Z,30.0100,30.0398,4560,7319,9.9
2026-04-24 16:51:10.142Z,29.9828,30.0272,6177,9870,14.8
2026-04-24 16:51:11.356Z,29.9898,30.0226,7758,4968,10.9
2026-04-24 16:51:12.621Z,29.9833,30.0169,3767,14447,11.2
2026-04-24 16:51:13.361Z,29.9832,30.0168,4392,14511,11.2
2026-04-24 16:51:14.870Z,30.0050,30.0458,10368,4513,13.6
2026-04-24 16:51:15.871Z,30.0179,30.0467,11382,5311,9.6
2026-04-24 16:51:16.087Z,30.0315,30.0633,7728,4457,10.6
2026-04-24 16:51:17.776Z,30.0336,30.0708,11610,6622,12.4
2026-04-24 16:51:18.663Z,30.0450,30.0790,8267,5710,11.3
2026-04-24 16:51:19.342Z,30.0538,30.0812,11253,6847,9.1
2026-04-24 16:51:20.623Z,30.0531,30.0911,5071,3148,12.6
2026-04-24 16:51:21.187Z,30.0639,30.0981,7445,2831,11.4
2026-04-24 16:51:22.602Z,30.0725,30.1107,6655,4047,12.7
2026-04-24 16:51:23.592Z,30.0822,30.1138,3204,1621,10.5
2026-04-24 16:51:24.668Z,30.0918,30.1266,10317,6188,11.6
2026-04-24 16:51:25.203Z,30.1054,30.1502,4450,3345,14.9
2026-04-24 16:51:26.820Z,30.1240,30.1604,8727,5043,12.1
2026-04-24 16:51:27.528Z,30.1349,30.1671,4288,3124,10.7
2026-04-24 16:51:28.765Z,30.1547,30.1915,2664,2704,12.2
2026-04-24 16:51:29.322Z,30.1640,30.1992,3992,3457,11.7
2026-04-24 16:51:30.747Z,30.1737,30.2145,5953,4723,13.5
2026-04-24 16:51:31.129Z,30.1964,30.2418,5702,3829,15.0
2026-04-24 16:51:32.040Z,30.2142,30.2552,9531,3855,13.6
2026-04-24 16:51:33.237Z,30.2246,30.2628,5958,2585,12.6
2026-04-24 16:51:34.115Z,30.2375,30.2835,7395,4829,15.2
2026-04-24 16:51:35.117Z,30.2449,30.2769,3913,1905,10.6
2026-04-24 16:51:36.001Z,30.2501,30.2819,3215,3065,10.5
2026-04-24 16:51:37.324Z,30.2586,30.2936,11785,7525,11.6
2026-04-24 16:51:38.388Z,30.2595,30.2955,9057,8235,11.9
2026-04-24 16:51:39.309Z,30.2539,30.2901,4364,16043,12.0
2026-04-24 16:51:40.499Z,30.2610,30.2934,12723,8687,10.7
2026-04-24 16:51:41.671Z,30.2547,30.2845,2205,4392,9.8
2026-04-24 16:51:42.326Z,30.2505,30.2775,1960,5596,8.9
2026-04-24 16:51:43.431Z,30.2429,30.2747,2063,4513,10.5
2026-04-24 16:51:44.210Z,30.2360,30.2706,4498,9426,11.4
2026-04-24 16:51:45.550Z,30.2404,30.2780,10387,4175,12.4
2026-04-24 16:51:46.888Z,30.2393,30.2759,3706,11520,12.1
2026-04-24 16:51:47.665Z,30.2349,30.2669,7744,15092,10.6
2026-04-24 16:51:48.643Z,30.2261,30.2649,4387,10342,12.8
2026-04-24 16:51:49.025Z,30.2263,30.2547,1921,5051,9.4
2026-04-24 16:51:50.798Z,30.2184,30.2534,2197,7181,11.6
2026-04-24 16:51:51.602Z,30.2088,30.2438,2675,5096,11.6
2026-04-24 16:51:52.600Z,30.2041,30.2343,2800,4711,10.0
2026-04-24 16:51:53.495Z,30.1888,30.2230,2916,3742,11.3
2026-04-24 16:51:54.233Z,30.1866,30.2226,3535,8308,11.9
2026-04-24 16:51:55.033Z,30.1641,30.2017,5899,5894,12.5
2026-04-24 16:51:56.292Z,30.1641,30.1991,5029,14538,11.6
2026-04-24 16:51:57.395Z,30.1659,30.1985,9178,4566,10.8
2026-04-24 16:51:58.063Z,30.1467,30.1895,5441,11385,14.2
2026-04-24 16:51:59.562Z,30.1519,30.1881,13013,6356,12.0
2026-04-24 16:52:00.104Z,30.1390,30.1704,5752,5624,10.4
2026-04-24 16:52:01.651Z,30.1445,30.1739,11315,3807,9.7
2026-04-24 16:52:02.167Z,30.1359,30.1691,1536,3845,11.0
2026-04-24 16:52:03.426Z,30.1412,30.1756,8188,6086,11.4
2026-04-24 16:52:04.689Z,30.1472,30.1726,5246,3943,8.4
2026-04-24 16:52:05.736Z,30.1363,30.1681,3249,8134,10.5
2026-04-24 16:52:06.763Z,30.1390,30.1684,5899,7056,9.8
2026-04-24 16:52:07.400Z,30.1263,30.1655,2030,5512,13.0
2026-04-24 16:52:08.458Z,30.1283,30.1633,2964,7249,11.6
2026-04-24 16:52:09.040Z,30.1301,30.1645,6720,4820,11.4
2026-04-24 16:52:10.081Z,30.1385,30.1757,5116,3394,12.3
2026-04-24 16:52:11.377Z,30.1287,30.1611,7100,22658,10.7
2026-04-24 16:52:12.852Z,30.1314,30.1704,10974,6439,12.9
2026-04-24 16:52:13.132Z,30.1357,30.1657,6938,8927,10.0
2026-04-24 16:52:14.801Z,30.1287,30.1643,2275,2982,11.8
2026-04-24 16:52:15.182Z,30.1387,30.1767,2760,1782,12.6
2026-04-24 16:52:16.452Z,30.1285,30.1631,2648,11362,11.5
2026-04-24 16:52:17.417Z,30.1397,30.1685,4434,2884,9.6
2026-04-24 16:52:18.817Z,30.1352,30.1704,2255,5283,11.7
2026-04-24 16:52:19.533Z,30.1324,30.1692,3844,8416,12.2
2026-04-24 16:52:20.086Z,30.1398,30.1762,6503,5723,12.1
2026-04-24 16:52:21.158Z,30.1629,30.1981,6504,2307,11.7
2026-04-24 16:52:22.364Z,30.1778,30.2158,3949,2224,12.6
2026-04-24 16:52:23.589Z,30.1925,30.2273,5163,2101,11.5
2026-04-24 16:52:24.800Z,30.2056,30.2532,8495,4386,15.7
2026-04-24 16:52:25.477Z,30.2260,30.2696,9527,5295,14.4
2026-04-24 16:52:26.807Z,30.2447,30.2921,5100,4846,15.7
2026-04-24 16:52:27.860Z,30.2763,30.3205,4797,4855,14.6
2026-04-24 16:52:28.449Z,30.3059,30.3453,6673,2675,13.0
2026-04-24 16:52:29.697Z,30.3297,30.3645,8996,3308,11.5
2026-04-24 16:52:30.866Z,30.3542,30.4030,6595,3447,16.1
2026-04-24 16:52:31.059Z,30.3797,30.4251,5846,4436,14.9
2026-04-24 16:52:32.093Z,30.3990,30.4318,4536,1602,10.8
2026-04-24 16:52:33.172Z,30.4240,30.4744,5633,3003,16.6
2026-04-24 16:52:34.302Z,30.4400,30.4718,8123,4443,10.4
2026-04-24 16:52:35.597Z,30.4564,30.4932,4041,3174,12.1
2026-04-24 16:52:36.616Z,30.4714,30.5144,5780,3258,14.1
2026-04-24 16:52:37.536Z,30.4814,30.5138,19009,6469,10.6
2026-04-24 16:52:38.235Z,30.4851,30.5203,12720,4441,11.5
2026-04-24 16:52:39.545Z,30.4760,30.5152,4847,7166,12.9
2026-04-24 16:52:40.327Z,30.4725,30.5077,6200,16547,11.5
2026-04-24 16:52:41.256Z,30.4508,30.4956,3919,5142,14.7
2026-04-24 16:52:42.715Z,30.4482,30.4862,4448,4733,12.5
2026-04-24 16:52:43.434Z,30.4418,30.4746,1241,4103,10.8
2026-04-24 16:52:44.026Z,30.4236,30.4662,2965,3519,14.0
2026-04-24 16:52:45.894Z,30.4232,30.4506,6656,8551,9.0
2026-04-24 16:52:46.886Z,30.4122,30.4496,2874,6756,12.3
2026-04-24 16:52:47.667Z,30.4127,30.4441,6793,12629,10.3
2026-04-24 16:52:48.892Z,30.3922,30.4346,2505,6936,13.9
2026-04-24 16:52:49.630Z,30.3837,30.4251,1591,5247,13.6
2026-04-24 16:52:50.389Z,30.3617,30.4049,3095,5754,14.2
2026-04-24 16:52:51.156Z,30.3360,30.3850,4630,5213,16.1
2026-04-24 16:52:52.810Z,30.3269,30.3631,3556,6441,11.9
2026-04-24 16:52:53.829Z,30.2961,30.3435,3543,6440,15.6
2026-04-24 16:52:54.804Z,30.2856,30.3240,3583,7964,12.7
2026-04-24 16:52:55.372Z,30.2598,30.3072,6139,7541,15.7
2026-04-24 16:52:56.468Z,30.2358,30.2804,3126,6452,14.7
2026-04-24 16:52:57.804Z,30.2408,30.2754,4614,5855,11.4
2026-04-24 16:52:58.049Z,30.2212,30.2580,3738,8335,12.2
2026-04-24 16:52:59.839Z,30.2226,30.2574,7890,6586,11.5
2026-04-24 16:53:00.558Z,30.2327,30.2575,7121,8864,8.2
2026-04-24 16:53:01.694Z,30.2281,30.2549,4259,10488,8.9
2026-04-24 16:53:02.243Z,30.2304,30.2590,7777,4634,9.5
2026-04-24 16:53:03.690Z,30.2275,30.2625,8648,6533,11.6
2026-04-24 16:53:04.101Z,30.2218,30.2536,4408,9067,10.5
2026-04-24 16:53:05.080Z,30.2144,30.2474,2691,8578,10.9
2026-04-24 16:53:06.472Z,30.2134,30.2494,4327,3431,11.9
2026-04-24 16:53:07.547Z,30.1981,30.2323,4244,13400,11.3
2026-04-24 16:53:08.679Z,30.1975,30.2325,1569,3378,11.6
2026-04-24 16:53:09.732Z,30.1929,30.2299,2778,4466,12.2
2026-04-24 16:53:10.372Z,30.1970,30.2348,5715,2795,12.5
2026-04-24 16:53:11.713Z,30.1903,30.2205,8088,24860,10.0
2026-04-24 16:53:12.341Z,30.1968,30.2270,14409,7020,10.0
2026-04-24 16:53:13.793Z,30.1896,30.2230,8050,16016,11.1
2026-04-24 16:53:14.808Z,30.2011,30.2293,7884,4581,9.3
2026-04-24 16:53:15.739Z,30.1951,30.2305,3597,7119,11.7
2026-04-24 16:53:16.695Z,30.1997,30.2343,9568,5765,11.5
2026-04-24 16:53:17.376Z,30.2086,30.2430,10267,7364,11.4
2026-04-24 16:53:18.136Z,30.2030,30.2386,6541,9468,11.8
2026-04-24 16:53:19.415Z,30.2100,30.2390,9952,4126,9.6
2026-04-24 16:53:20.760Z,30.2221,30.2595,6671,3992,12.4
2026-04-24 16:53:21.666Z,30.2399,30.2773,2377,1811,12.4
2026-04-24 16:53:22.058Z,30.2658,30.3026,3877,1897,12.2
2026-04-24 16:53:23.632Z,30.2934,30.3288,4721,2639,11.7
2026-04-24 16:53:24.776Z,30.3256,30.3886,2891,1629,20.8
2026-04-24 16:53:25.223Z,30.3694,30.4154,5460,2380,15.1
2026-04-24 16:53:26.660Z,30.3945,30.4477,2067,2620,17.5
2026-04-24 16:53:27.221Z,30.4434,30.4882,4232,1536,14.7
2026-04-24 16:53:28.259Z,30.4791,30.5303,6028,2401,16.8
2026-04-24 16:53:29.683Z,30.5240,30.5882,7940,4269,21.0
2026-04-24 16:53:30.206Z,30.5741,30.6157,3228,1583,13.6
2026-04-24 16:53:31.273Z,30.6069,30.6511,5435,4031,14.4
2026-04-24 16:53:32.432Z,30.6391,30.6933,3607,2738,17.7
2026-04-24 16:53:33.313Z,30.6725,30.7273,7523,3891,17.9
2026-04-24 16:53:34.602Z,30.7034,30.7538,2635,1249,16.4
2026-04-24 16:53:35.680Z,30.7374,30.7806,4132,2478,14.0
2026-04-24 16:53:36.897Z,30.7593,30.8059,7417,4492,15.1
2026-04-24 16:53:37.159Z,30.7755,30.8069,14921,7838,10.2
2026-04-24 16:53:38.546Z,30.7781,30.8133,10030,6669,11.4
2026-04-24 16:53:39.613Z,30.7817,30.8101,13021,7081,9.2
2026-04-24 16:53:40.188Z,30.7670,30.8030,7657,21610,11.7
2026-04-24 16:53:41.335Z,30.7684,30.7994,1656,3356,10.1
2026-04-24 16:53:42.504Z,30.7553,30.7961,4607,7330,13.3
2026-04-24 16:53:43.725Z,30.7365,30.7811,4283,9502,14.5
2026-04-24 16:53:44.892Z,30.7293,30.7593,5570,10755,9.8
2026-04-24 16:53:45.572Z,30.7220,30.7590,3685,9876,12.0
2026-04-24 16:53:46.848Z,30.7234,30.7570,3800,5989,10.9
2026-04-24 16:53:47.097Z,30.7248,30.7580,7509,3968,10.8
2026-04-24 16:53:48.404Z,30.7169,30.7479,4068,9250,10.1
2026-04-24 16:53:49.486Z,30.7294,30.7648,4065,2172,11.5
2026-04-24 16:53:50.487Z,30.7278,30.7644,4933,7285,11.9
2026-04-24 16:53:51.406Z,30.7399,30.7709,4840,4598,10.1
2026-04-24 16:53:52.178Z,30.7444,30.7754,10632,4671,10.1
2026-04-24 16:53:53.273Z,30.7540,30.7914,5738,6033,12.2
2026-04-24 16:53:54.467Z,30.7595,30.7927,3397,2517,10.8
2026-04-24 16:53:55.206Z,30.7695,30.8089,2906,2420,12.8
2026-04-24 16:53:56.796Z,30.7760,30.8076,5625,3780,10.3
2026-04-24 16:53:57.312Z,30.7750,30.8106,10265,5671,11.6
2026-04-24 16:53:58.699Z,30.7811,30.8145,5632,3299,10.8
2026-04-24 16:53:59.181Z,30.7846,30.8154,3554,2234,10.0
2026-04-24 16:54:00.683Z,30.7874,30.8126,2097,3294,8.2
2026-04-24 16:54:01.777Z,30.7840,30.8140,1625,5694,9.7
2026-04-24 16:54:02.438Z,30.7872,30.8248,5111,3586,12.2
2026-04-24 16:54:03.332Z,30.7820,30.8152,3192,6823,10.8
2026-04-24 16:54:04.386Z,30.7863,30.8249,5950,6591,12.5
2026-04-24 16:54:05.429Z,30.7911,30.8295,6210,3038,12.5
2026-04-24 16:54:06.402Z,30.7945,30.8289,6350,3443,11.2
2026-04-24 16:54:07.294Z,30.7945,30.8207,4187,9441,8.5
2026-04-24 16:54:08.779Z,30.7880,30.8220,4791,7576,11.0
2026-04-24 16:54:09.342Z,30.7887,30.8185,4634,10845,9.7
2026-04-24 16:54:10.201Z,30.7891,30.8209,4605,1724,10.3
2026-04-24 16:54:11.106Z,30.7855,30.8219,13669,20973,11.8
2026-04-24 16:54:12.369Z,30.7975,30.8363,9768,3925,12.6
2026-04-24 16:54:13.350Z,30.7935,30.8243,9013,14665,10.0
2026-04-24 16:54:14.123Z,30.7933,30.8249,7207,2797,10.3
2026-04-24 16:54:15.039Z,30.7863,30.8185,3132,9183,10.5
2026-04-24 16:54:16.074Z,30.7926,30.8208,12096,6165,9.2
2026-04-24 16:54:17.006Z,30.7960,30.8260,3871,3767,9.7
2026-04-24 16:54:18.409Z,30.7895,30.8217,4443,13540,10.5
2026-04-24 16:54:19.486Z,30.7836,30.8194,4847,10749,11.6
2026-04-24 16:54:20.257Z,30.7709,30.8039,2056,4708,10.7
2026-04-24 16:54:21.006Z,30.7380,30.7854,1798,3167,15.4
2026-04-24 16:54:22.731Z,30.6994,30.7506,2921,4782,16.7
2026-04-24 16:54:23.886Z,30.6625,30.7155,1561,3288,17.3
2026-04-24 16:54:24.216Z,30.6354,30.6774,2258,2467,13.7
2026-04-24 16:54:25.016Z,30.5662,30.6300,1718,3232,20.9
2026-04-24 16:54:26.768Z,30.5251,30.5737,1808,3294,15.9
2026-04-24 16:54:27.098Z,30.4788,30.5310,1342,4686,17.1
2026-04-24 16:54:28.039Z,30.4376,30.4866,2484,5502,16.1
2026-04-24 16:54:29.246Z,30.3729,30.4379,1203,5159,21.4
2026-04-24 16:54:30.724Z,30.3321,30.3789,1591,2590,15.4
2026-04-24 16:54:31.471Z,30.2668,30.3352,1901,1873,22.6
2026-04-24 16:54:32.527Z,30.2376,30.2828,3196,5996,14.9
2026-04-24 16:54:33.549Z,30.1828,30.2406,1467,4605,19.1
2026-04-24 16:54:34.140Z,30.1484,30.2012,2563,5746,17.5
2026-04-24 16:54:35.150Z,30.1289,30.1715,1046,3402,14.1
2026-04-24 16:54:36.387Z,30.0940,30.1450,1582,2860,16.9
2026-04-24 16:54:37.515Z,30.0798,30.1224,9136,22572,14.2
2026-04-24 16:54:38.607Z,30.0903,30.1195,6607,3295,9.7
2026-04-24 16:54:39.728Z,30.0817,30.1193,9396,19844,12.5
2026-04-24 16:54:40.457Z,30.0919,30.1177,8157,6202,8.6
2026-04-24 16:54:41.812Z,30.1112,30.1484,6900,4722,12.3
2026-04-24 16:54:42.109Z,30.1176,30.1528,4933,3109,11.7
2026-04-24 16:54:43.617Z,30.1366,30.1720,4629,1938,11.7
2026-04-24 16:54:44.263Z,30.1539,30.2013,5685,3564,15.7
2026-04-24 16:54:45.695Z,30.1759,30.2107,7156,4552,11.5
2026-04-24 16:54:46.462Z,30.1737,30.2067,3811,4247,10.9
2026-04-24 16:54:47.471Z,30.1728,30.2072,3293,11295,11.4
2026-04-24 16:54:48.844Z,30.1808,30.2180,5595,3468,12.3
2026-04-24 16:54:49.431Z,30.1917,30.2319,4677,2847,13.3
2026-04-24 16:54:50.328Z,30.2047,30.2427,4161,2799,12.6
2026-04-24 16:54:51.308Z,30.2195,30.2663,8796,2723,15.5
2026-04-24 16:54:52.196Z,30.2535,30.2983,6437,5466,14.8
2026-04-24 16:54:53.896Z,30.2701,30.3027,3106,2500,10.8
2026-04-24 16:54:54.118Z,30.2849,30.3307,5313,2395,15.1
2026-04-24 16:54:55.483Z,30.3073,30.3553,9875,5635,15.8
2026-04-24 16:54:56.008Z,30.3297,30.3659,7146,5532,11.9
2026-04-24 16:54:57.650Z,30.3424,30.3720,4992,3577,9.8
2026-04-24 16:54:58.105Z,30.3525,30.3869,6299,3711,11.3
2026-04-24 16:54:59.367Z,30.3561,30.3839,9100,6479,9.2
2026-04-24 16:55:00.078Z,30.3012,30.3288,3544,4239,9.1
2026-04-24 16:55:01.030Z,30.2948,30.3244,1785,4917,9.8
2026-04-24 16:55:02.785Z,30.2945,30.3247,3632,4371,10.0
2026-04-24 16:55:03.736Z,30.2931,30.3205,1507,4028,9.0
2026-04-24 16:55:04.867Z,30.2796,30.3188,1150,2373,12.9
2026-04-24 16:55:05.557Z,30.2681,30.3093,1762,3594,13.6
2026-04-24 16:55:06.589Z,30.2763,30.3067,2755,1739,10.0
2026-04-24 16:55:07.150Z,30.2605,30.2995,2376,3714,12.9
2026-04-24 16:55:08.187Z,30.2633,30.2899,2630,4789,8.8
2026-04-24 16:55:09.360Z,30.2468,30.2796,1261,1824,10.8
2026-04-24 16:55:10.677Z,30.2371,30.2751,1210,3110,12.6
2026-04-24 16:55:11.528Z,30.2444,30.2710,10388,4129,8.8
2026-04-24 16:55:12.465Z,30.2469,30.2805,5322,3744,11.1
2026-04-24 16:55:13.318Z,30.2415,30.2787,2879,5080,12.3
2026-04-24 16:55:14.302Z,30.2556,30.2896,2362,1541,11.2
2026-04-24 16:55:15.421Z,30.2552,30.2898,1409,2021,11.4
2026-04-24 16:55:16.583Z,30.2556,30.2910,9363,5673,11.7
2026-04-24 16:55:17.758Z,30.2593,30.2973,5723,2284,12.6
2026-04-24 16:55:18.504Z,30.2661,30.2915,3257,3358,8.4
2026-04-24 16:55:19.207Z,30.2646,30.2994,4170,3408,11.5
2026-04-24 16:55:20.750Z,30.2836,30.3162,1646,1889,10.8
2026-04-24 16:55:21.041Z,30.2949,30.3285,1627,762,11.1
2026-04-24 16:55:22.272Z,30.3064,30.3474,1566,1496,13.5
2026-04-24 16:55:23.366Z,30.3431,30.3841,4592,2195,13.5
2026-04-24 16:55:24.154Z,30.3613,30.4073,3770,1960,15.1
2026-04-24 16:55:25.273Z,30.3961,30.4345,4523,2898,12.6
2026-04-24 16:55:26.521Z,30.4250,30.4812,4412,2491,18.5
2026-04-24 16:55:27.731Z,30.4618,30.5106,1286,764,16.0
2026-04-24 16:55:28.216Z,30.4940,30.5404,3620,2013,15.2
2026-04-24 16:55:29.859Z,30.5364,30.5956,2666,840,19.4
2026-04-24 16:55:30.637Z,30.5716,30.6122,2462,2909,13.3
2026-04-24 16:55:31.133Z,30.5976,30.6442,3729,1491,15.2
2026-04-24 16:55:32.257Z,30.6375,30.6837,2843,1467,15.1
2026-04-24 16:55:33.422Z,30.6650,30.7176,1435,1245,17.1
2026-04-24 16:55:34.436Z,30.6938,30.7368,4278,2646,14.0
2026-04-24 16:55:35.775Z,30.7130,30.7602,1511,1369,15.4
2026-04-24 16:55:36.622Z,30.7284,30.7698,1857,2265,13.5
2026-04-24 16:55:37.512Z,30.7508,30.7856,8019,3626,11.3
2026-04-24 16:55:38.729Z,30.7482,30.7842,2391,4739,11.7
2026-04-24 16:55:39.728Z,30.7560,30.7834,5928,4338,8.9
2026-04-24 16:55:40.482Z,30.7434,30.7750,2243,6067,10.3
2026-04-24 16:55:41.729Z,30.7384,30.7702,1363,2121,10.3
2026-04-24 16:55:42.278Z,30.7295,30.7635,1343,4546,11.1
2026-04-24 16:55:43.307Z,30.7054,30.7392,1480,2688,11.0
2026-04-24 16:55:44.698Z,30.7098,30.7392,2722,1857,9.6
2026-04-24 16:55:45.305Z,30.6971,30.7329,3140,3863,11.7
2026-04-24 16:55:46.860Z,30.6870,30.7228,1716,4080,11.7
2026-04-24 16:55:47.621Z,30.6943,30.7305,3544,2623,11.8
2026-04-24 16:55:48.145Z,30.6860,30.7204,2722,2916,11.2
2026-04-24 16:55:49.151Z,30.6749,30.7143,1401,3433,12.8
2026-04-24 16:55:50.369Z,30.6797,30.7131,3008,2906,10.9
2026-04-24 16:55:51.677Z,30.6680,30.7036,2019,2945,11.6
2026-04-24 16:55:52.230Z,30.6694,30.6986,1223,1991,9.5
2026-04-24 16:55:53.800Z,30.6614,30.6896,1565,2972,9.2
2026-04-24 16:55:54.253Z,30.6438,30.6858,850,1832,13.7
2026-04-24 16:55:55.525Z,30.6386,30.6772,1047,2523,12.6
2026-04-24 16:55:56.675Z,30.6360,30.6708,1919,3216,11.4
2026-04-24 16:55:57.369Z,30.6451,30.6767,4610,2409,10.3
2026-04-24 16:55:58.047Z,30.6293,30.6635,1795,4814,11.2
2026-04-24 16:55:59.212Z,30.6325,30.6675,2892,1833,11.4
2026-04-24 16:56:00.421Z,30.6587,30.6913,3779,3763,10.6
2026-04-24 16:56:01.201Z,30.6505,30.6873,3271,6387,12.0
2026-04-24 16:56:02.281Z,30.6581,30.6991,2859,2056,13.4
2026-04-24 16:56:03.651Z,30.6632,30.6992,6563,2458,11.7
2026-04-24 16:56:04.010Z,30.6646,30.6994,3093,2017,11.3
2026-04-24 16:56:05.812Z,30.6659,30.6977,1379,5098,10.4
2026-04-24 16:56:06.242Z,30.6783,30.7091,5864,3340,10.0
2026-04-24 16:56:07.278Z,30.6751,30.7103,1951,5131,11.5
2026-04-24 16:56:08.126Z,30.6705,30.7055,3378,5940,11.4
2026-04-24 16:56:09.426Z,30.6748,30.7148,1806,1401,13.0
2026-04-24 16:56:10.197Z,30.6820,30.7064,1390,3288,7.9
2026-04-24 16:56:11.176Z,30.6871,30.7205,6329,3749,10.9
2026-04-24 16:56:12.416Z,30.6826,30.7106,4980,7855,9.1
2026-04-24 16:56:13.341Z,30.6761,30.7097,3064,8815,10.9
2026-04-24 16:56:14.730Z,30.6845,30.7175,2830,1474,10.7
2026-04-24 16:56:15.628Z,30.6765,30.7081,1684,3783,10.3
2026-04-24 16:56:16.259Z,30.6839,30.7115,3402,3483,9.0
2026-04-24 16:56:17.426Z,30.6706,30.7078,1740,3803,12.1
2026-04-24 16:56:18.014Z,30.6679,30.7015,1782,4346,11.0
2026-04-24 16:56:19.511Z,30.6777,30.7057,3897,2664,9.1
2026-04-24 16:56:20.434Z,30.6666,30.7020,2516,4276,11.5
2026-04-24 16:56:21.851Z,30.6499,30.6881,1521,2892,12.5
2026-04-24 16:56:22.530Z,30.6309,30.6675,1530,3951,11.9
2026-04-24 16:56:23.081Z,30.5995,30.6411,2323,3990,13.6
2026-04-24 16:56:24.598Z,30.5726,30.6208,965,3389,15.8
2026-04-24 16:56:25.545Z,30.5562,30.6004,1428,2263,14.5
2026-04-24 16:56:26.105Z,30.5258,30.5684,1123,3128,13.9
2026-04-24 16:56:27.410Z,30.4891,30.5299,1346,2786,13.4
2026-04-24 16:56:28.646Z,30.4606,30.4988,1009,1459,12.5
2026-04-24 16:56:29.033Z,30.4324,30.4780,840,2367,15.0
2026-04-24 16:56:30.502Z,30.4113,30.4521,1573,4521,13.4
2026-04-24 16:56:31.619Z,30.3734,30.4228,879,2233,16.3
2026-04-24 16:56:32.311Z,30.3581,30.4029,1221,4430,14.7
2026-04-24 16:56:33.242Z,30.3249,30.3755,2064,3098,16.7
2026-04-24 16:56:34.378Z,30.3012,30.3426,1174,3079,13.7
2026-04-24 16:56:35.210Z,30.2997,30.3329,1759,3978,11.0
2026-04-24 16:56:36.692Z,30.2860,30.3174,1798,3479,10.4
2026-04-24 16:56:37.456Z,30.2571,30.3001,2115,5978,14.2
2026-04-24 16:56:38.410Z,30.2670,30.2948,5218,2127,9.2
2026-04-24 16:56:39.684Z,30.2682,30.3038,3433,2607,11.8
2026-04-24 16:56:40.649Z,30.2729,30.3091,8240,3914,12.0
2026-04-24 16:56:41.303Z,30.2763,30.3141,1700,1451,12.5
2026-04-24 16:56:42.881Z,30.2901,30.3295,3459,1778,13.0
2026-04-24 16:56:43.074Z,30.3031,30.3323,1746,1324,9.6
2026-04-24 16:56:44.864Z,30.3105,30.3375,3640,2028,8.9
2026-04-24 16:56:45.164Z,30.3111,30.3409,5160,1835,9.8
2026-04-24 16:56:46.843Z,30.3160,30.3466,3731,1905,10.1
2026-04-24 16:56:47.587Z,30.3141,30.3503,7003,5599,11.9
2026-04-24 16:56:48.513Z,30.3297,30.3653,4966,2466,11.7
2026-04-24 16:56:49.638Z,30.3295,30.3633,801,1877,11.1
2026-04-24 16:56:50.218Z,30.3389,30.3769,3927,2653,12.5
2026-04-24 16:56:51.229Z,30.3519,30.3877,2635,1716,11.8
2026-04-24 16:56:52.224Z,30.3702,30.4088,3945,1677,12.7
2026-04-24 16:56:53.082Z,30.3885,30.4385,2774,2791,16.4
2026-04-24 16:56:54.388Z,30.4081,30.4371,6622,2229,9.5
2026-04-24 16:56:55.674Z,30.4193,30.4571,4873,1422,12.4
2026-04-24 16:56:56.201Z,30.4285,30.4661,5463,3357,12.3
2026-04-24 16:56:57.855Z,30.4378,30.4704,2763,2197,10.7
2026-04-24 16:56:58.031Z,30.4435,30.4773,4265,2285,11.1
2026-04-24 16:56:59.859Z,30.4510,30.4890,7378,3806,12.5
2026-04-24 16:57:00.403Z,30.5332,30.5668,6114,2761,11.0
2026-04-24 16:57:01.107Z,30.5367,30.5649,3340,1152,9.2
2026-04-24 16:57:02.191Z,30.5222,30.5586,1801,3135,11.9
2026-04-24 16:57:03.613Z,30.5141,30.5447,1532,3084,10.0
2026-04-24 16:57:04.102Z,30.5011,30.5367,1135,3522,11.7
2026-04-24 16:57:05.748Z,30.4960,30.5312,1748,3586,11.5
2026-04-24 16:57:06.126Z,30.4776,30.5190,2550,3861,13.6
2026-04-24 16:57:07.811Z,30.4670,30.4980,1058,3104,10.2
2026-04-24 16:57:08.547Z,30.4557,30.4881,1476,2652,10.6
2026-04-24 16:57:09.307Z,30.4391,30.4799,1920,5600,13.4
2026-04-24 16:57:10.171Z,30.4204,30.4610,2046,5728,13.3
2026-04-24 16:57:11.768Z,30.4296,30.4628,6142,3552,10.9
2026-04-24 16:57:12.663Z,30.4242,30.4584,3220,6424,11.2
2026-04-24 16:57:13.629Z,30.4347,30.4641,9491,6626,9.7
2026-04-24 16:57:14.141Z,30.4292,30.4580,2144,5254,9.5
2026-04-24 16:57:15.256Z,30.4370,30.4650,2828,1224,9.2
2026-04-24 16:57:16.585Z,30.4417,30.4817,3012,2561,13.1
2026-04-24 16:57:17.119Z,30.4490,30.4822,2674,2273,10.9
2026-04-24 16:57:18.505Z,30.4584,30.4930,5987,1805,11.4
2026-04-24 16:57:19.613Z,30.4605,30.4893,1791,7581,9.5
2026-04-24 16:57:20.849Z,30.4737,30.5175,1880,2145,14.4
2026-04-24 16:57:21.867Z,30.5026,30.5372,1456,998,11.3
2026-04-24 16:57:22.422Z,30.5319,30.5819,4640,1593,16.4
2026-04-24 16:57:23.013Z,30.5670,30.6264,2396,2346,19.4
2026-04-24 16:57:24.047Z,30.6203,30.6745,2347,2667,17.7
2026-04-24 16:57:25.860Z,30.6733,30.7207,3011,1224,15.4
2026-04-24 16:57:26.437Z,30.7123,30.7649,2280,752,17.1
2026-04-24 16:57:27.763Z,30.7668,30.8386,5023,1648,23.3
2026-04-24 16:57:28.211Z,30.8349,30.8893,1854,1548,17.6
2026-04-24 16:57:29.195Z,30.8861,30.9477,2816,1621,19.9
2026-04-24 16:57:30.842Z,30.9355,30.9931,2165,1247,18.6
2026-04-24 16:57:31.568Z,30.9938,31.0484,3136,1527,17.6
2026-04-24 16:57:32.629Z,31.0377,31.0819,3029,1920,14.2
2026-04-24 16:57:33.451Z,31.0886,31.1390,3951,2038,16.2
2026-04-24 16:57:34.529Z,31.1375,31.1811,2663,1609,14.0
2026-04-24 16:57:35.492Z,31.1704,31.2110,1371,1253,13.0
2026-04-24 16:57:36.193Z,31.1919,31.2343,1338,1559,13.6
2026-04-24 16:57:37.531Z,31.2067,31.2435,6686,3563,11.8
2026-04-24 16:57:38.016Z,31.2131,31.2515,8178,6298,12.3
2026-04-24 16:57:39.838Z,31.2285,31.2611,6595,4970,10.4
2026-04-24 16:57:40.581Z,31.2027,31.2455,3334,3915,13.7
2026-04-24 16:57:41.565Z,31.1951,31.2293,2180,3072,11.0
2026-04-24 16:57:42.789Z,31.1849,31.2177,2779,5432,10.5
2026-04-24 16:57:43.322Z,31.1696,31.2106,977,2504,13.1
2026-04-24 16:57:44.046Z,31.1596,31.1994,1099,2721,12.8
2026-04-24 16:57:45.708Z,31.1484,31.1836,1949,6497,11.3
2026-04-24 16:57:46.710Z,31.1349,31.1759,2256,2377,13.2
2026-04-24 16:57:47.800Z,31.1384,31.1736,3481,2668,11.3
2026-04-24 16:57:48.676Z,31.1516,31.1822,2524,1053,9.8
2026-04-24 16:57:49.657Z,31.1571,31.1927,3008,3493,11.4
2026-04-24 16:57:50.353Z,31.1527,31.1863,2720,3063,10.8
2026-04-24 16:57:51.199Z,31.1573,31.1897,1590,1810,10.4
2026-04-24 16:57:52.011Z,31.1660,31.1980,4384,2590,10.3
2026-04-24 16:57:53.809Z,31.1606,31.1914,2869,3398,9.9
2026-04-24 16:57:54.783Z,31.1637,31.1927,4346,2591,9.3
2026-04-24 16:57:55.411Z,31.1680,31.1984,3775,3020,9.7
2026-04-24 16:57:56.807Z,31.1726,31.2144,5257,2859,13.4
2026-04-24 16:57:57.456Z,31.1795,31.2167,6142,2983,11.9
2026-04-24 16:57:58.351Z,31.1793,31.2101,2902,3936,9.9
2026-04-24 16:57:59.008Z,31.1821,31.2079,3327,1583,8.3
2026-04-24 16:58:00.668Z,31.1545,31.1805,5966,4858,8.3
2026-04-24 16:58:01.077Z,31.1499,31.1761,2031,7026,8.4
2026-04-24 16:58:02.431Z,31.1590,31.2004,7328,3970,13.3
2026-04-24 16:58:03.575Z,31.1739,31.2017,5032,2933,8.9
2026-04-24 16:58:04.477Z,31.1844,31.2266,4405,2768,13.5
2026-04-24 16:58:05.835Z,31.2071,31.2393,3031,2742,10.3
2026-04-24 16:58:06.077Z,31.2377,31.2795,8266,3313,13.4
2026-04-24 16:58:07.162Z,31.2471,31.2799,6932,4829,10.5
2026-04-24 16:58:08.360Z,31.2681,31.3185,3343,2520,16.1
2026-04-24 16:58:09.508Z,31.2979,31.3303,5278,5277,10.3
2026-04-24 16:58:10.184Z,31.2966,31.3324,6804,3735,11.4
2026-04-24 16:58:11.251Z,31.3090,31.3530,19648,12731,14.0
2026-04-24 16:58:12.693Z,31.3211,31.3505,23537,12241,9.4
2026-04-24 16:58:13.867Z,31.3139,31.3473,5537,21667,10.7
2026-04-24 16:58:14.671Z,31.2914,31.3280,2837,5897,11.7
2026-04-24 16:58:15.618Z,31.2875,31.3171,2500,4645,9.5
2026-04-24 16:58:16.381Z,31.2880,31.3134,3618,3806,8.1
2026-04-24 16:58:17.436Z,31.2610,31.3028,4010,8831,13.4
2026-04-24 16:58:18.823Z,31.2731,31.3139,4989,2997,13.0
2026-04-24 16:58:19.363Z,31.2643,31.3045,3111,9408,12.8
2026-04-24 16:58:20.135Z,31.2603,31.2887,1202,4950,9.1
2026-04-24 16:58:21.488Z,31.2260,31.2648,2760,6284,12.4
2026-04-24 16:58:22.727Z,31.2108,31.2446,1994,2982,10.8
2026-04-24 16:58:23.722Z,31.1709,31.2235,2031,4250,16.9
2026-04-24 16:58:24.200Z,31.1523,31.1921,1835,2690,12.8
2026-04-24 16:58:25.116Z,31.1153,31.1673,1812,4774,16.7
2026-04-24 16:58:26.079Z,31.0587,31.1237,2659,4195,20.9
2026-04-24 16:58:27.318Z,31.0367,31.0877,3489,5548,16.4
2026-04-24 16:58:28.444Z,31.0009,31.0443,1530,4669,14.0
2026-04-24 16:58:29.418Z,30.9520,30.9992,2396,4628,15.2
2026-04-24 16:58:30.414Z,30.9140,30.9644,2630,2657,16.3
2026-04-24 16:58:31.134Z,30.8902,30.9316,2667,4631,13.4
2026-04-24 16:58:32.527Z,30.8514,30.9028,2737,3364,16.6
2026-04-24 16:58:33.540Z,30.8189,30.8591,1730,4433,13.0
2026-04-24 16:58:34.705Z,30.7886,30.8348,2244,5499,15.0
2026-04-24 16:58:35.316Z,30.7656,30.8018,2087,8765,11.8
2026-04-24 16:58:36.793Z,30.7512,30.7878,2173,5093,11.9
2026-04-24 16:58:37.516Z,30.7424,30.7806,4269,16009,12.4
2026-04-24 16:58:38.021Z,30.7217,30.7651,9880,10798,14.1
2026-04-24 16:58:39.017Z,30.7323,30.7569,14288,7556,8.0
2026-04-24 16:58:40.561Z,30.7408,30.7714,4353,2384,9.9
2026-04-24 16:58:41.782Z,30.7575,30.7941,4175,2046,11.9
2026-04-24 16:58:42.077Z,30.7744,30.8192,2702,2400,14.5
2026-04-24 16:58:43.825Z,30.7944,30.8260,5464,3871,10.3
2026-04-24 16:58:44.852Z,30.8030,30.8346,5501,4921,10.3
2026-04-24 16:58:45.835Z,30.8161,30.8535,4332,2500,12.1
2026-04-24 16:58:46.354Z,30.8307,30.8627,6768,3053,10.4
2026-04-24 16:58:47.157Z,30.8176,30.8562,4673,7339,12.5
2026-04-24 16:58:48.597Z,30.8361,30.8775,4386,5292,13.4
2026-04-24 16:58:49.525Z,30.8465,30.8743,8336,2726,9.0
2026-04-24 16:58:50.492Z,30.8543,30.8973,4520,4029,13.9
2026-04-24 16:58:51.312Z,30.8746,30.9198,5831,2938,14.6
2026-04-24 16:58:52.722Z,30.8888,30.9254,4181,1929,11.8
2026-04-24 16:58:53.486Z,30.9034,30.9404,3688,1997,12.0
2026-04-24 16:58:54.231Z,30.9206,30.9700,6343,4131,16.0
2026-04-24 16:58:55.662Z,30.9410,30.9744,7667,3491,10.8
2026-04-24 16:58:56.492Z,30.9501,30.9935,5936,4908,14.0
2026-04-24 16:58:57.875Z,30.9761,31.0087,6427,6381,10.5
2026-04-24 16:58:58.701Z,30.9791,31.0133,5665,3346,11.0
2026-04-24 16:58:59.881Z,30.9822,31.0178,8764,4838,11.5
2026-04-24 16:59:00.805Z,30.9740,31.0060,10887,11686,10.3
2026-04-24 16:59:01.217Z,30.9772,31.0146,9064,6566,12.1
2026-04-24 16:59:02.510Z,30.9795,31.0093,2327,5191,9.6
2026-04-24 16:59:03.332Z,30.9795,31.0099,5076,3715,9.8
2026-04-24 16:59:04.276Z,30.9736,31.0060,4616,8493,10.5
2026-04-24 16:59:05.527Z,30.9781,31.0091,7791,2619,10.0
2026-04-24 16:59:06.181Z,30.9869,31.0171,6630,2071,9.7
2026-04-24 16:59:07.815Z,30.9890,31.0250,6666,5449,11.6
2026-04-24 16:59:08.773Z,30.9877,31.0171,5545,6482,9.5
2026-04-24 16:59:09.699Z,30.9906,31.0310,9256,4628,13.0
2026-04-24 16:59:10.411Z,30.9894,31.0236,4727,8035,11.0
2026-04-24 16:59:11.327Z,30.9983,31.0293,17032,12853,10.0
2026-04-24 16:59:12.360Z,30.9844,31.0172,6576,13761,10.6
2026-04-24 16:59:13.529Z,30.9923,31.0341,10739,8421,13.5
2026-04-24 16:59:14.796Z,30.9973,31.0241,2659,6194,8.6
2026-04-24 16:59:15.237Z,30.9942,31.0226,4390,6408,9.2
2026-04-24 16:59:16.782Z,30.9826,31.0186,4657,4906,11.6
2026-04-24 16:59:17.789Z,30.9866,31.0120,4496,16196,8.2
2026-04-24 16:59:18.825Z,30.9895,31.0157,16504,6797,8.5
2026-04-24 16:59:19.558Z,30.9758,31.0052,6159,13843,9.5
2026-04-24 16:59:20.106Z,30.9171,30.9713,3425,5728,17.5
2026-04-24 16:59:21.102Z,30.8396,30.9052,2047,3934,21.2
2026-04-24 16:59:22.117Z,30.7639,30.8181,2700,5454,17.6
2026-04-24 16:59:23.518Z,30.6641,30.7331,2636,7192,22.5
2026-04-24 16:59:24.417Z,30.5657,30.6157,3191,3692,16.3
2026-04-24 16:59:25.333Z,30.4412,30.4952,1305,4603,17.7
2026-04-24 16:59:26.243Z,30.3122,30.3698,4042,6894,19.0
2026-04-24 16:59:27.734Z,30.1712,30.2420,1348,4855,23.4
2026-04-24 16:59:28.776Z,30.0447,30.1045,2963,5908,19.9
2026-04-24 16:59:29.767Z,29.9199,29.9703,2290,4797,16.8
2026-04-24 16:59:30.504Z,29.7795,29.8499,2413,4935,23.6
2026-04-24 16:59:31.210Z,29.6468,29.7098,2716,4131,21.2
2026-04-24 16:59:32.347Z,29.5269,29.5979,2249,6325,24.0
2026-04-24 16:59:33.307Z,29.4192,29.4752,1982,6572,19.0
2026-04-24 16:59:34.332Z,29.3137,29.3853,2478,4948,24.4
2026-04-24 16:59:35.469Z,29.2469,29.2999,1691,5498,18.1
2026-04-24 16:59:36.892Z,29.1758,29.2362,1654,4853,20.7
2026-04-24 16:59:37.477Z,29.1355,29.1909,5716,16191,19.0
2026-04-24 16:59:38.420Z,29.1275,29.1683,9740,11648,14.0
2026-04-24 16:59:39.650Z,29.1199,29.1585,6932,15925,13.2
2026-04-24 16:59:40.765Z,29.1604,29.2016,9221,5450,14.1
2026-04-24 16:59:41.162Z,29.2077,29.2569,6130,2494,16.8
2026-04-24 16:59:42.822Z,29.2567,29.3133,7904,4533,19.3
2026-04-24 16:59:43.508Z,29.3213,29.3805,7085,3044,20.2
2026-04-24 16:59:44.000Z,29.3772,29.4416,9760,3993,21.9
2026-04-24 16:59:45.487Z,29.4213,29.4771,12846,7458,18.9
2026-04-24 16:59:46.567Z,29.4442,29.4834,5245,4439,13.3
2026-04-24 16:59:47.192Z,29.4464,29.4812,11943,5296,11.8
2026-04-24 16:59:48.564Z,29.4603,29.4957,6090,3535,12.0
2026-04-24 16:59:49.197Z,29.4719,29.5017,4753,2951,10.1
2026-04-24 16:59:50.756Z,29.4783,29.5207,5267,2496,14.4
2026-04-24 16:59:51.254Z,29.4929,29.5369,3582,2897,14.9
2026-04-24 16:59:52.800Z,29.5079,29.5353,8170,3259,9.3
2026-04-24 16:59:53.881Z,29.5257,29.5633,3671,2133,12.7
2026-04-24 16:59:54.431Z,29.5353,29.5655,3762,4307,10.2
2026-04-24 16:59:55.786Z,29.5495,29.5869,4586,2909,12.6
2026-04-24 16:59:56.818Z,29.5647,29.6003,6747,6855,12.0
2026-04-24 16:59:57.511Z,29.5718,29.6104,4315,2624,13.0
2026-04-24 16:59:58.821Z,29.5778,29.6064,7448,4161,9.7
2026-04-24 16:59:59.291Z,29.5797,29.6203,8730,7786,13.7
2026-04-24 17:00:00.778Z,29.6429,29.6771,4217,3493,11.5
2026-04-24 17:00:01.274Z,29.6522,29.6810,7320,2993,9.7
2026-04-24 17:00:02.832Z,29.6499,29.6769,2962,7698,9.1
2026-04-24 17:00:03.852Z,29.6635,29.7029,4831,2813,13.3
2026-04-24 17:00:04.752Z,29.6843,29.7201,3904,3951,12.1
2026-04-24 17:00:05.520Z,29.7000,29.7412,2580,2928,13.9
2026-04-24 17:00:06.415Z,29.7154,29.7600,8359,6126,15.0
2026-04-24 17:00:07.438Z,29.7295,29.7605,4515,1403,10.4
2026-04-24 17:00:08.073Z,29.7410,29.7840,3638,2489,14.4
2026-04-24 17:00:09.834Z,29.7599,29.7997,5029,1971,13.4
2026-04-24 17:00:10.553Z,29.7720,29.8048,3154,3558,11.0
2026-04-24 17:00:11.047Z,29.7754,29.8066,13934,9769,10.5
2026-04-24 17:00:12.865Z,29.7786,29.8136,6429,4403,11.7
2026-04-24 17:00:13.554Z,29.7827,29.8097,14905,9159,9.1
2026-04-24 17:00:14.065Z,29.7716,29.8040,4090,7350,10.9
2026-04-24 17:00:15.500Z,29.7681,29.7955,2450,3809,9.2
2026-04-24 17:00:16.313Z,29.7592,29.7900,6901,11960,10.3
2026-04-24 17:00:17.080Z,29.7512,29.7824,6706,9417,10.5
2026-04-24 17:00:18.063Z,29.7510,29.7790,5841,8891,9.4
2026-04-24 17:00:19.477Z,29.7477,29.7743,2947,7510,8.9
2026-04-24 17:00:20.517Z,29.7057,29.7585,3796,5033,17.8
2026-04-24 17:00:21.813Z,29.6955,29.7289,1476,3686,11.2
2026-04-24 17:00:22.245Z,29.6664,29.7044,1828,2976,12.8
2026-04-24 17:00:23.525Z,29.6212,29.6706,1908,3391,16.7
2026-04-24 17:00:24.611Z,29.5639,29.6115,2360,3607,16.1
2026-04-24 17:00:25.659Z,29.5248,29.5670,1156,4656,14.3
2026-04-24 17:00:26.333Z,29.4704,29.5194,1523,3087,16.6
2026-04-24 17:00:27.715Z,29.4186,29.4650,2514,3909,15.8
2026-04-24 17:00:28.354Z,29.3540,29.4036,2005,7832,16.9
2026-04-24 17:00:29.075Z,29.3126,29.3588,2190,3880,15.7
2026-04-24 17:00:30.352Z,29.2425,29.2979,3801,7206,18.9
2026-04-24 17:00:31.116Z,29.2036,29.2506,2514,5053,16.1
2026-04-24 17:00:32.322Z,29.1311,29.2025,1414,2348,24.5
2026-04-24 17:00:33.418Z,29.0939,29.1491,3527,4481,19.0
2026-04-24 17:00:34.874Z,29.0681,29.1131,2233,6477,15.5
2026-04-24 17:00:35.691Z,29.0305,29.0737,2927,6130,14.9
2026-04-24 17:00:36.502Z,29.0061,29.0515,2949,6665,15.6
2026-04-24 17:00:37.626Z,28.9912,29.0254,10863,21641,11.8
2026-04-24 17:00:38.657Z,28.9816,29.0148,5896,8094,11.4
2026-04-24 17:00:39.098Z,28.9754,29.0134,7913,16621,13.1
2026-04-24 17:00:40.358Z,28.9863,29.0179,11017,5200,10.9
2026-04-24 17:00:41.888Z,29.0003,29.0351,6532,2583,12.0
2026-04-24 17:00:42.722Z,29.0211,29.0547,5302,3041,11.6
2026-04-24 17:00:43.727Z,29.0389,29.0695,7755,2312,10.5
2026-04-24 17:00:44.308Z,29.0449,29.0759,4470,3066,10.7
2026-04-24 17:00:45.071Z,29.0598,29.0996,6760,2084,13.7
2026-04-24 17:00:46.235Z,29.0648,29.0950,4104,4001,10.4
2026-04-24 17:00:47.411Z,29.0683,29.1001,6470,3140,10.9
2026-04-24 17:00:48.453Z,29.0704,29.1020,5888,2835,10.9
2026-04-24 17:00:49.373Z,29.0751,29.1059,2700,1540,10.6
2026-04-24 17:00:50.714Z,29.0830,29.1264,4241,3755,14.9
2026-04-24 17:00:51.433Z,29.1023,29.1433,5959,3589,14.1
2026-04-24 17:00:52.559Z,29.1143,29.1549,8183,5616,13.9
2026-04-24 17:00:53.599Z,29.1256,29.1596,6944,3536,11.7
2026-04-24 17:00:54.466Z,29.1341,29.1753,9005,4347,14.1
2026-04-24 17:00:55.344Z,29.1509,29.1985,7654,3149,16.3
2026-04-24 17:00:56.405Z,29.1658,29.1996,5190,4425,11.6
2026-04-24 17:00:57.778Z,29.1725,29.2045,5603,5542,11.0
2026-04-24 17:00:58.580Z,29.1785,29.2187,10023,5811,13.8
2026-04-24 17:00:59.537Z,29.1806,29.2094,2985,4608,9.9
2026-04-24 17:01:00.279Z,29.1979,29.2221,4825,2844,8.3
2026-04-24 17:01:01.497Z,29.2047,29.2393,5887,2852,11.8
2026-04-24 17:01:02.395Z,29.2299,29.2743,3378,2122,15.2
2026-04-24 17:01:03.209Z,29.2703,29.3207,2803,1598,17.2
2026-04-24 17:01:04.620Z,29.3148,29.3742,1745,1250,20.2
2026-04-24 17:01:05.571Z,29.3662,29.4244,3932,1268,19.8
2026-04-24 17:01:06.421Z,29.4284,29.4926,2046,1542,21.8
2026-04-24 17:01:07.696Z,29.5016,29.5562,5043,2368,18.5
2026-04-24 17:01:08.249Z,29.5529,29.6003,3289,1297,16.0
2026-04-24 17:01:09.809Z,29.5994,29.6548,2468,2113,18.7
2026-04-24 17:01:10.722Z,29.6461,29.7025,1890,1340,19.0
2026-04-24 17:01:11.602Z,29.6711,29.7159,10996,8019,15.1
2026-04-24 17:01:12.373Z,29.6886,29.7248,7151,4520,12.2
2026-04-24 17:01:13.821Z,29.6610,29.7084,2170,5993,16.0
2026-04-24 17:01:14.710Z,29.6279,29.6697,985,1385,14.1
2026-04-24 17:01:15.314Z,29.5937,29.6417,2596,3578,16.2
2026-04-24 17:01:16.019Z,29.5500,29.5930,3550,5085,14.5
2026-04-24 17:01:17.521Z,29.5347,29.5693,1310,2387,11.7
2026-04-24 17:01:18.483Z,29.5222,29.5538,1121,3227,10.7
2026-04-24 17:01:19.236Z,29.5178,29.5476,3269,5623,10.1
2026-04-24 17:01:20.890Z,29.5030,29.5376,720,1027,11.7
2026-04-24 17:01:21.318Z,29.4885,29.5281,1173,2876,13.4
2026-04-24 17:01:22.146Z,29.4473,29.4939,1282,2377,15.8
2026-04-24 17:01:23.703Z,29.4121,29.4649,885,1499,17.9
2026-04-24 17:01:24.386Z,29.3871,29.4311,871,1723,15.0
2026-04-24 17:01:25.210Z,29.3512,29.4036,1247,2020,17.8
2026-04-24 17:01:26.253Z,29.2991,29.3501,1695,4407,17.4
2026-04-24 17:01:27.704Z,29.2686,29.3206,2320,3862,17.8
2026-04-24 17:01:28.861Z,29.2267,29.2693,1251,1304,14.6
2026-04-24 17:01:29.853Z,29.1806,29.2316,1958,4612,17.5
2026-04-24 17:01:30.883Z,29.1440,29.1900,708,1909,15.8
2026-04-24 17:01:31.458Z,29.0982,29.1494,1173,2009,17.6
2026-04-24 17:01:32.106Z,29.0533,29.1029,1614,1883,17.1
2026-04-24 17:01:33.662Z,29.0250,29.0668,760,2041,14.4
2026-04-24 17:01:34.321Z,29.0066,29.0418,1232,1622,12.1
2026-04-24 17:01:35.744Z,28.9596,29.0132,1378,2861,18.5
2026-04-24 17:01:36.235Z,28.9609,28.9909,1075,2460,10.4
2026-04-24 17:01:37.794Z,28.9385,28.9813,3182,6002,14.8
2026-04-24 17:01:38.791Z,28.9358,28.9726,3120,7572,12.7
2026-04-24 17:01:39.731Z,28.9387,28.9657,4135,5117,9.3
2026-04-24 17:01:40.878Z,28.9303,28.9653,3562,9494,12.1
2026-04-24 17:01:41.604Z,28.9342,28.9734,3156,1967,13.5
2026-04-24 17:01:42.001Z,28.9411,28.9779,4118,2180,12.7
2026-04-24 17:01:43.712Z,28.9508,28.9916,2578,2042,14.1
2026-04-24 17:01:44.244Z,28.9620,28.9876,2182,1003,8.8
2026-04-24 17:01:45.051Z,28.9692,29.0038,4734,3655,11.9
2026-04-24 17:01:46.204Z,28.9744,29.0000,6218,4442,8.8
2026-04-24 17:01:47.186Z,28.9732,29.0008,1935,5996,9.5
2026-04-24 17:01:48.873Z,28.9698,28.9986,1073,1932,9.9
2026-04-24 17:01:49.670Z,28.9598,28.9982,1545,2873,13.3
2026-04-24 17:01:50.520Z,28.9650,29.0042,2501,1186,13.5
2026-04-24 17:01:51.812Z,28.9582,28.9874,1337,2747,10.1
2026-04-24 17:01:52.049Z,28.9539,28.9831,2345,3085,10.1
2026-04-24 17:01:53.337Z,28.9487,28.9855,1650,3968,12.7
2026-04-24 17:01:54.388Z,28.9437,28.9771,3150,5135,11.5
2026-04-24 17:01:55.067Z,28.9513,28.9785,2488,2003,9.4
2026-04-24 17:01:56.035Z,28.9497,28.9843,3744,2310,11.9
2026-04-24 17:01:57.296Z,28.9386,28.9764,980,1910,13.1
2026-04-24 17:01:58.039Z,28.9461,28.9745,3438,2114,9.8
2026-04-24 17:01:59.177Z,28.9453,28.9747,2065,6251,10.2
2026-04-24 17:02:00.882Z,29.0258,29.0542,3885,5562,9.8
2026-04-24 17:02:01.647Z,29.0248,29.0552,6351,3504,10.5
2026-04-24 17:02:02.314Z,29.0320,29.0582,7932,2768,9.0
2026-04-24 17:02:03.514Z,29.0315,29.0681,2275,1202,12.6
2026-04-24 17:02:04.042Z,29.0401,29.0697,7038,3737,10.2
2026-04-24 17:02:05.882Z,29.0286,29.0626,2322,5967,11.7
2026-04-24 17:02:06.307Z,29.0450,29.0770,9538,3106,11.0
2026-04-24 17:02:07.226Z,29.0473,29.0853,7971,5289,13.1
2026-04-24 17:02:08.136Z,29.0429,29.0773,2492,2881,11.8
2026-04-24 17:02:09.579Z,29.0489,29.0893,6168,2918,13.9
2026-04-24 17:02:10.821Z,29.0548,29.0798,3559,5821,8.6
2026-04-24 17:02:11.217Z,29.0576,29.0900,11098,7272,11.1
2026-04-24 17:02:12.689Z,29.0598,29.0946,16841,7881,12.0
2026-04-24 17:02:13.629Z,29.0493,29.0825,11487,15680,11.4
2026-04-24 17:02:14.338Z,29.0488,29.0786,1824,4259,10.3
2026-04-24 17:02:15.840Z,29.0438,29.0754,2455,4997,10.9
2026-04-24 17:02:16.234Z,29.0441,29.0813,7854,6179,12.8
2026-04-24 17:02:17.559Z,29.0497,29.0899,7448,3138,13.8
2026-04-24 17:02:18.787Z,29.0413,29.0745,4931,14680,11.4
2026-04-24 17:02:19.597Z,29.0467,29.0719,3151,2928,8.7
2026-04-24 17:02:20.808Z,29.0099,29.0537,1415,4337,15.1
2026-04-24 17:02:21.227Z,28.9838,29.0216,1367,3762,13.0
2026-04-24 17:02:22.045Z,28.9526,28.9896,1965,4502,12.8
2026-04-24 17:02:23.014Z,28.9004,28.9474,1708,2523,16.2
2026-04-24 17:02:24.548Z,28.8432,28.8960,892,2825,18.3
2026-04-24 17:02:25.798Z,28.7888,28.8364,1675,2728,16.5
2026-04-24 17:02:26.689Z,28.7191,28.7831,1391,3984,22.3
2026-04-24 17:02:27.533Z,28.6701,28.7289,1835,5540,20.5
2026-04-24 17:02:28.748Z,28.6034,28.6538,3054,5749,17.6
2026-04-24 17:02:29.136Z,28.5313,28.6029,1708,4150,25.1
2026-04-24 17:02:30.044Z,28.4738,28.5386,3069,6085,22.7
2026-04-24 17:02:31.289Z,28.4302,28.4780,1764,7387,16.8
2026-04-24 17:02:32.616Z,28.3640,28.4284,1855,4232,22.7
2026-04-24 17:02:33.396Z,28.3246,28.3718,1285,2141,16.7
2026-04-24 17:02:34.630Z,28.2807,28.3243,1942,3980,15.4
2026-04-24 17:02:35.360Z,28.2328,28.2846,3380,7450,18.3
2026-04-24 17:02:36.826Z,28.2143,28.2589,1370,3616,15.8
2026-04-24 17:02:37.822Z,28.1834,28.2328,2734,6016,17.5
2026-04-24 17:02:38.341Z,28.1770,28.2146,2500,8824,13.3
2026-04-24 17:02:39.731Z,28.1899,28.2217,5694,6012,11.3
2026-04-24 17:02:40.763Z,28.1925,28.2285,5788,6735,12.8
2026-04-24 17:02:41.005Z,28.2130,28.2568,3079,2593,15.5
2026-04-24 17:02:42.863Z,28.2410,28.2818,2367,1582,14.4
2026-04-24 17:02:43.002Z,28.2643,28.3165,3805,4260,18.5
2026-04-24 17:02:44.775Z,28.2958,28.3382,5603,1806,15.0
2026-04-24 17:02:45.287Z,28.3122,28.3592,3301,4083,16.6
2026-04-24 17:02:46.866Z,28.3306,28.3734,6271,2564,15.1
2026-04-24 17:02:47.027Z,28.3233,28.3619,2348,4887,13.6
2026-04-24 17:02:48.014Z,28.3261,28.3629,5979,4083,13.0
2026-04-24 17:02:49.530Z,28.3385,28.3793,2124,1713,14.4
2026-04-24 17:02:50.504Z,28.3448,28.3828,3959,1985,13.4
2026-04-24 17:02:51.645Z,28.3510,28.3792,5335,1849,9.9
2026-04-24 17:02:52.418Z,28.3529,28.3907,5589,3915,13.3
2026-04-24 17:02:53.693Z,28.3584,28.3872,7641,3600,10.2
2026-04-24 17:02:54.320Z,28.3581,28.3947,3948,2581,12.9
2026-04-24 17:02:55.237Z,28.3680,28.4104,3375,4112,14.9
2026-04-24 17:02:56.419Z,28.3801,28.4149,4702,2273,12.3
2026-04-24 17:02:57.478Z,28.3761,28.4051,5869,9013,10.2
2026-04-24 17:02:58.642Z,28.3839,28.4129,5369,4307,10.2
2026-04-24 17:02:59.093Z,28.3805,28.4157,1809,5960,12.4
2026-04-24 17:03:00.353Z,28.3847,28.4153,2855,2561,10.8
2026-04-24 17:03:01.284Z,28.3883,28.4133,4451,1853,8.8
2026-04-24 17:03:02.400Z,28.3569,28.4003,2780,2779,15.3
2026-04-24 17:03:03.892Z,28.3467,28.3857,2155,3948,13.7
2026-04-24 17:03:04.233Z,28.3168,28.3534,2046,2537,12.9
2026-04-24 17:03:05.098Z,28.2873,28.3341,2789,3483,16.5
2026-04-24 17:03:06.198Z,28.2659,28.3111,2672,5723,16.0
2026-04-24 17:03:07.166Z,28.2433,28.2855,1642,5819,14.9
2026-04-24 17:03:08.573Z,28.2195,28.2563,1948,5537,13.0
2026-04-24 17:03:09.707Z,28.1951,28.2349,2327,3909,14.1
2026-04-24 17:03:10.057Z,28.1675,28.2139,2134,2472,16.5
2026-04-24 17:03:11.534Z,28.1750,28.2020,4761,11957,9.6
2026-04-24 17:03:12.838Z,28.1647,28.1949,4709,13738,10.7
2026-04-24 17:03:13.492Z,28.1647,28.1959,11176,3446,11.1
2026-04-24 17:03:14.489Z,28.1750,28.2192,1764,862,15.7
2026-04-24 17:03:15.150Z,28.1983,28.2353,4126,2676,13.1
2026-04-24 17:03:16.452Z,28.2100,28.2452,3630,3939,12.5
2026-04-24 17:03:17.653Z,28.2156,28.2478,5110,4757,11.4
2026-04-24 17:03:18.582Z,28.2201,28.2545,4899,2693,12.2
2026-04-24 17:03:19.686Z,28.2222,28.2542,9602,3657,11.3
2026-04-24 17:03:20.718Z,28.2415,28.2891,5249,1884,16.8
2026-04-24 17:03:21.157Z,28.2616,28.2982,2861,2113,12.9
2026-04-24 17:03:22.097Z,28.2862,28.3414,3002,926,19.5
2026-04-24 17:03:23.165Z,28.3310,28.3740,2491,853,15.2
2026-04-24 17:03:24.041Z,28.3792,28.4430,3252,2418,22.5
2026-04-24 17:03:25.119Z,28.4223,28.4799,3190,1366,20.2
2026-04-24 17:03:26.515Z,28.4726,28.5292,3725,2494,19.9
2026-04-24 17:03:27.634Z,28.5288,28.5826,1382,1026,18.8
2026-04-24 17:03:28.111Z,28.5892,28.6468,2718,1264,20.1
2026-04-24 17:03:29.681Z,28.6377,28.6905,1387,912,18.4
2026-04-24 17:03:30.576Z,28.6938,28.7604,2841,1429,23.2
2026-04-24 17:03:31.540Z,28.7539,28.8141,2217,1082,20.9
2026-04-24 17:03:32.239Z,28.8032,28.8432,3009,2442,13.9
2026-04-24 17:03:33.077Z,28.8430,28.9014,1954,1008,20.2
2026-04-24 17:03:34.184Z,28.8888,28.9322,5372,2409,15.0
2026-04-24 17:03:35.677Z,28.9224,28.9780,2076,1306,19.2
2026-04-24 17:03:36.787Z,28.9522,29.0012,3217,1404,16.9
2026-04-24 17:03:37.602Z,28.9695,28.9997,10485,5605,10.4
2026-04-24 17:03:38.338Z,28.9796,29.0256,12146,6785,15.9
2026-04-24 17:03:39.480Z,28.9814,29.0086,5400,11257,9.4
2026-04-24 17:03:40.310Z,28.9838,29.0178,4393,2601,11.7
2026-04-24 17:03:41.218Z,28.9656,29.0054,841,1993,13.7
2026-04-24 17:03:42.278Z,28.9637,28.9973,2233,3970,11.6
2026-04-24 17:03:43.687Z,28.9404,28.9854,1658,3873,15.5
2026-04-24 17:03:44.839Z,28.9441,28.9719,2329,2824,9.6
2026-04-24 17:03:45.364Z,28.9330,28.9690,3562,8279,12.4
2026-04-24 17:03:46.011Z,28.9401,28.9743,5966,3760,11.8
2026-04-24 17:03:47.435Z,28.9249,28.9671,2464,4040,14.6
2026-04-24 17:03:48.084Z,28.9278,28.9604,1771,4839,11.3
2026-04-24 17:03:49.643Z,28.9364,28.9672,2189,1747,10.6
2026-04-24 17:03:50.571Z,28.9369,28.9643,916,3280,9.5
2026-04-24 17:03:51.653Z,28.9274,28.9576,962,3374,10.4
2026-04-24 17:03:52.014Z,28.9268,28.9566,2104,4707,10.3
2026-04-24 17:03:53.677Z,28.9294,28.9598,1636,1340,10.5
2026-04-24 17:03:54.591Z,28.9266,28.9574,3029,4385,10.6
2026-04-24 17:03:55.532Z,28.9194,28.9512,1479,2651,11.0
2026-04-24 17:03:56.323Z,28.9323,28.9643,5029,1908,11.1
2026-04-24 17:03:57.458Z,28.9244,28.9594,2603,2934,12.1
2026-04-24 17:03:58.602Z,28.9153,28.9549,2870,6992,13.7
2026-04-24 17:03:59.859Z,28.9241,28.9559,1820,1603,11.0
2026-04-24 17:04:00.351Z,28.9330,28.9670,1645,1374,11.7
2026-04-24 17:04:01.407Z,28.9338,28.9708,1191,1102,12.8
2026-04-24 17:04:02.513Z,28.9262,28.9646,2249,4355,13.3
2026-04-24 17:04:03.667Z,28.9340,28.9714,3092,1324,12.9
2026-04-24 17:04:04.142Z,28.9315,28.9589,1005,3791,9.5
2026-04-24 17:04:05.315Z,28.9225,28.9553,1344,4619,11.3
2026-04-24 17:04:06.797Z,28.9183,28.9517,1644,4241,11.5
2026-04-24 17:04:07.323Z,28.9150,28.9454,1035,1921,10.5
2026-04-24 17:04:08.019Z,28.9175,28.9513,2802,1124,11.7
2026-04-24 17:04:09.027Z,28.9165,28.9459,1007,2284,10.2
2026-04-24 17:04:10.820Z,28.9070,28.9436,1456,3068,12.7
2026-04-24 17:04:11.831Z,28.9165,28.9465,3951,1885,10.4
2026-04-24 17:04:12.233Z,28.9223,28.9511,5424,2840,10.0
2026-04-24 17:04:13.404Z,28.9124,28.9410,2924,5118,9.9
2026-04-24 17:04:14.389Z,28.9114,28.9416,1918,4370,10.4
2026-04-24 17:04:15.814Z,28.9126,28.9452,2363,1552,11.3
2026-04-24 17:04:16.743Z,28.9158,28.9554,4834,1815,13.7
2026-04-24 17:04:17.857Z,28.9246,28.9546,2960,990,10.4
2026-04-24 17:04:18.181Z,28.9303,28.9579,3485,2819,9.5
2026-04-24 17:04:19.809Z,28.9167,28.9531,1222,3799,12.6
2026-04-24 17:04:20.057Z,28.9272,28.9584,862,633,10.8
2026-04-24 17:04:21.658Z,28.9396,28.9732,2082,799,11.6
2026-04-24 17:04:22.734Z,28.9576,28.9912,1860,952,11.6
2026-04-24 17:04:23.379Z,28.9778,29.0228,1379,943,15.5
2026-04-24 17:04:24.134Z,28.9964,29.0320,1542,498,12.3
2026-04-24 17:04:25.337Z,29.0198,29.0612,1760,1211,14.3
2026-04-24 17:04:26.292Z,29.0409,29.0793,2262,1350,13.2
2026-04-24 17:04:27.553Z,29.0575,29.1065,1062,609,16.8
2026-04-24 17:04:28.259Z,29.0851,29.1335,1817,1006,16.6
2026-04-24 17:04:29.082Z,29.1163,29.1675,2395,753,17.6
2026-04-24 17:04:30.003Z,29.1464,29.1896,2946,1151,14.8
2026-04-24 17:04:31.068Z,29.1629,29.1981,1703,626,12.1
2026-04-24 17:04:32.643Z,29.1895,29.2327,2575,1428,14.8
2026-04-24 17:04:33.678Z,29.2076,29.2474,1758,643,13.6
2026-04-24 17:04:34.577Z,29.2339,29.2771,1411,599,14.8
2026-04-24 17:04:35.629Z,29.2480,29.2882,3135,1697,13.7
2026-04-24 17:04:36.640Z,29.2656,29.2952,1264,800,10.1
2026-04-24 17:04:37.671Z,29.2665,29.2921,2330,3945,8.7
2026-04-24 17:04:38.373Z,29.2702,29.3134,3239,3354,14.7
2026-04-24 17:04:39.749Z,29.2773,29.3127,5108,1983,12.1
2026-04-24 17:04:40.697Z,29.2766,29.3050,2828,5650,9.7
2026-04-24 17:04:41.587Z,29.2498,29.2924,1299,2920,14.6
2026-04-24 17:04:42.641Z,29.2562,29.2812,1274,2177,8.5
2026-04-24 17:04:43.753Z,29.2381,29.2793,984,1344,14.1
2026-04-24 17:04:44.268Z,29.2316,29.2672,1650,2351,12.2
2026-04-24 17:04:45.642Z,29.2241,29.2621,1710,4559,13.0
2026-04-24 17:04:46.895Z,29.2180,29.2510,1789,4527,11.3
2026-04-24 17:04:47.696Z,29.2208,29.2504,3054,2596,10.1
2026-04-24 17:04:48.384Z,29.2103,29.2473,1785,3914,12.7
2026-04-24 17:04:49.860Z,29.2090,29.2442,896,1032,12.0
2026-04-24 17:04:50.728Z,29.2076,29.2410,1274,1553,11.4
2026-04-24 17:04:51.299Z,29.2081,29.2363,1345,2408,9.7
2026-04-24 17:04:52.748Z,29.1953,29.2289,709,1596,11.5
2026-04-24 17:04:53.686Z,29.1794,29.2172,2068,2541,12.9
2026-04-24 17:04:54.265Z,29.1790,29.2108,1736,4156,10.9
2026-04-24 17:04:55.725Z,29.1728,29.2014,1191,3162,9.8
2026-04-24 17:04:56.358Z,29.1654,29.1964,599,1859,10.6
2026-04-24 17:04:57.407Z,29.1657,29.1985,2700,2933,11.2
2026-04-24 17:04:58.490Z,29.1624,29.1978,1228,2222,12.1
2026-04-24 17:04:59.579Z,29.1650,29.1950,1289,3783,10.3
2026-04-24 17:05:00.076Z,29.1365,29.1635,2014,2316,9.3
2026-04-24 17:05:01.201Z,29.1384,29.1684,2029,1093,10.3
2026-04-24 17:05:02.893Z,29.1473,29.1871,2110,1023,13.6
2026-04-24 17:05:03.770Z,29.1647,29.2049,1349,962,13.8
2026-04-24 17:05:04.200Z,29.1947,29.2305,1097,842,12.3
2026-04-24 17:05:05.001Z,29.2211,29.2685,1434,883,16.2
2026-04-24 17:05:06.590Z,29.2480,29.2840,1721,1807,12.3
2026-04-24 17:05:07.235Z,29.2801,29.3351,1743,1106,18.8
2026-04-24 17:05:08.574Z,29.3057,29.3429,2271,776,12.7
2026-04-24 17:05:09.742Z,29.3326,29.3746,1096,633,14.3
2026-04-24 17:05:10.369Z,29.3598,29.3956,1870,1763,12.2
2026-04-24 17:05:11.227Z,29.3649,29.3993,3000,2638,11.7
2026-04-24 17:05:12.636Z,29.3695,29.3953,2673,1371,8.8
2026-04-24 17:05:13.119Z,29.3720,29.4112,2958,1204,13.3
2026-04-24 17:05:14.117Z,29.3532,29.3932,685,1576,13.6
2026-04-24 17:05:15.859Z,29.3311,29.3769,1036,2452,15.6
2026-04-24 17:05:16.055Z,29.3218,29.3624,992,1865,13.8
2026-04-24 17:05:17.658Z,29.3239,29.3563,1430,4314,11.0
2026-04-24 17:05:18.815Z,29.3167,29.3477,1290,3098,10.6
2026-04-24 17:05:19.091Z,29.3198,29.3506,3149,2361,10.5
2026-04-24 17:05:20.020Z,29.2840,29.3348,973,1697,17.3
2026-04-24 17:05:21.767Z,29.2623,29.2999,540,1446,12.8
2026-04-24 17:05:22.527Z,29.2344,29.2796,706,2000,15.4
2026-04-24 17:05:23.898Z,29.1860,29.2358,1077,1603,17.0
2026-04-24 17:05:24.741Z,29.1497,29.1913,733,2691,14.3
2026-04-24 17:05:25.842Z,29.0926,29.1442,1048,1669,17.7
2026-04-24 17:05:26.230Z,29.0368,29.0914,1123,2242,18.8
2026-04-24 17:05:27.165Z,28.9808,29.0410,1078,1108,20.8
2026-04-24 17:05:28.093Z,28.9262,28.9822,1056,2042,19.3
2026-04-24 17:05:29.129Z,28.8696,28.9328,653,1293,21.9
2026-04-24 17:05:30.589Z,28.8179,28.8709,353,1266,18.4
2026-04-24 17:05:31.104Z,28.7818,28.8234,670,1524,14.4
2026-04-24 17:05:32.340Z,28.7219,28.7747,533,1674,18.4
2026-04-24 17:05:33.387Z,28.6810,28.7238,561,2351,14.9
2026-04-24 17:05:34.306Z,28.6477,28.6981,1388,1261,17.6
2026-04-24 17:05:35.605Z,28.6088,28.6602,601,885,18.0
2026-04-24 17:05:36.819Z,28.5900,28.6340,572,1317,15.4
2026-04-24 17:05:37.817Z,28.5665,28.6087,2433,4470,14.8
2026-04-24 17:05:38.173Z,28.5718,28.6026,1069,3337,10.8
2026-04-24 17:05:39.248Z,28.5728,28.6030,5336,3536,10.6
2026-04-24 17:05:40.316Z,28.5811,28.6123,2919,1451,10.9
2026-04-24 17:05:41.288Z,28.5854,28.6234,1245,1183,13.3
2026-04-24 17:05:42.089Z,28.5970,28.6362,2234,798,13.7
2026-04-24 17:05:43.113Z,28.6168,28.6630,1679,1058,16.1
2026-04-24 17:05:44.182Z,28.6331,28.6635,1295,924,10.6
2026-04-24 17:05:45.598Z,28.6416,28.6710,2122,1312,10.3
2026-04-24 17:05:46.087Z,28.6453,28.6711,4951,2129,9.0
2026-04-24 17:05:47.387Z,28.6545,28.6893,2711,1436,12.1
2026-04-24 17:05:48.887Z,28.6546,28.6880,859,1929,11.6
2026-04-24 17:05:49.563Z,28.6449,28.6791,658,1298,11.9
2026-04-24 17:05:50.610Z,28.6469,28.6733,1335,1851,9.2
2026-04-24 17:05:51.637Z,28.6546,28.6830,998,740,9.9
2026-04-24 17:05:52.393Z,28.6459,28.6785,1235,2782,11.4
2026-04-24 17:05:53.540Z,28.6567,28.6857,2070,804,10.1
2026-04-24 17:05:54.798Z,28.6427,28.6799,1346,2604,13.0
2026-04-24 17:05:55.277Z,28.6537,28.6877,2125,1601,11.9
2026-04-24 17:05:56.393Z,28.6409,28.6773,1018,2159,12.7
2026-04-24 17:05:57.466Z,28.6540,28.6822,1737,897,9.8
2026-04-24 17:05:58.732Z,28.6508,28.6812,1705,3871,10.6
2026-04-24 17:05:59.367Z,28.6476,28.6824,1325,1654,12.1
2026-04-24 17:06:00.452Z,28.7363,28.7637,1651,2400,9.5
2026-04-24 17:06:01.088Z,28.7394,28.7694,4299,2396,10.4
2026-04-24 17:06:02.699Z,28.7401,28.7785,2523,1335,13.4
2026-04-24 17:06:03.263Z,28.7589,28.8091,1902,824,17.4
2026-04-24 17:06:04.205Z,28.7761,28.8091,1230,1085,11.5
2026-04-24 17:06:05.163Z,28.8016,28.8372,1556,908,12.4
2026-04-24 17:06:06.035Z,28.8244,28.8578,1194,978,11.6
2026-04-24 17:06:07.629Z,28.8363,28.8821,2906,1871,15.9
2026-04-24 17:06:08.218Z,28.8692,28.9096,2417,951,14.0
2026-04-24 17:06:09.121Z,28.8792,28.9162,1196,1004,12.8
2026-04-24 17:06:10.440Z,28.8946,28.9300,1474,1369,12.2
2026-04-24 17:06:11.541Z,28.9080,28.9440,4501,2325,12.4
2026-04-24 17:06:12.215Z,28.9130,28.9486,8844,2440,12.3
2026-04-24 17:06:13.037Z,28.9082,28.9382,1785,5751,10.4
2026-04-24 17:06:14.828Z,28.9030,28.9394,849,1143,12.6
2026-04-24 17:06:15.045Z,28.8802,28.9220,874,2540,14.5
2026-04-24 17:06:16.241Z,28.8668,28.9082,1048,2240,14.3
2026-04-24 17:06:17.201Z,28.8644,28.8962,2752,5795,11.0
2026-04-24 17:06:18.034Z,28.8599,28.8969,1174,2969,12.8
2026-04-24 17:06:19.341Z,28.8572,28.8896,1198,2720,11.2
2026-04-24 17:06:20.189Z,28.8427,28.8823,818,1520,13.7
2026-04-24 17:06:21.856Z,28.8435,28.8717,1090,1209,9.8
2026-04-24 17:06:22.193Z,28.8112,28.8516,1238,1561,14.0
2026-04-24 17:06:23.697Z,28.7787,28.8301,827,1312,17.8
2026-04-24 17:06:24.156Z,28.7650,28.8020,1012,2272,12.9
2026-04-24 17:06:25.868Z,28.7270,28.7768,1324,2343,17.3
2026-04-24 17:06:26.243Z,28.6767,28.7351,848,917,20.3
2026-04-24 17:06:27.691Z,28.6547,28.7003,798,1252,15.9
2026-04-24 17:06:28.099Z,28.6275,28.6669,792,1993,13.8
2026-04-24 17:06:29.866Z,28.5837,28.6373,1419,2398,18.7
2026-04-24 17:06:30.289Z,28.5578,28.5964,599,1554,13.5
2026-04-24 17:06:31.711Z,28.5205,28.5687,747,859,16.9
2026-04-24 17:06:32.080Z,28.4848,28.5286,952,917,15.4
2026-04-24 17:06:33.514Z,28.4521,28.4957,786,2320,15.3
2026-04-24 17:06:34.032Z,28.4406,28.4720,719,3121,11.0
2026-04-24 17:06:35.228Z,28.4178,28.4566,788,1793,13.6
2026-04-24 17:06:36.862Z,28.3956,28.4326,471,898,13.0
2026-04-24 17:06:37.163Z,28.3917,28.4221,3650,5525,10.7
2026-04-24 17:06:38.383Z,28.3818,28.4164,4358,4821,12.2
2026-04-24 17:06:39.518Z,28.3869,28.4271,4106,2200,14.2
2026-04-24 17:06:40.551Z,28.3970,28.4266,5030,3216,10.4
2026-04-24 17:06:41.601Z,28.3993,28.4251,1613,1012,9.1
2026-04-24 17:06:42.707Z,28.4006,28.4340,1412,1454,11.8
2026-04-24 17:06:43.435Z,28.4056,28.4378,1661,811,11.3
2026-04-24 17:06:44.829Z,28.4133,28.4557,2690,1013,14.9
2026-04-24 17:06:45.165Z,28.4207,28.4463,1759,4320,9.0
2026-04-24 17:06:46.693Z,28.4240,28.4576,2817,1870,11.8
2026-04-24 17:06:47.043Z,28.4298,28.4558,3751,2179,9.1
2026-04-24 17:06:48.876Z,28.4357,28.4709,2952,1766,12.4
2026-04-24 17:06:49.380Z,28.4305,28.4609,1372,2067,10.7
2026-04-24 17:06:50.854Z,28.4364,28.4762,1386,958,14.0
2026-04-24 17:06:51.171Z,28.4564,28.4932,2203,1231,12.9
2026-04-24 17:06:52.716Z,28.4678,28.4962,1949,1290,10.0
2026-04-24 17:06:53.063Z,28.4695,28.5085,2504,901,13.7
2026-04-24 17:06:54.335Z,28.4838,28.5186,2305,1624,12.2
2026-04-24 17:06:55.833Z,28.4893,28.5265,4302,2318,13.0
2026-04-24 17:06:56.244Z,28.4972,28.5278,3542,2731,10.7
2026-04-24 17:06:57.861Z,28.4986,28.5352,3058,1396,12.8
2026-04-24 17:06:58.823Z,28.5018,28.5388,2170,1202,13.0
2026-04-24 17:06:59.565Z,28.5091,28.5409,1494,1353,11.1
2026-04-24 17:07:00.139Z,28.4724,28.5076,1041,664,12.4
2026-04-24 17:07:01.703Z,28.4797,28.5171,2367,1049,13.1
2026-04-24 17:07:02.114Z,28.4824,28.5112,1188,2397,10.1
2026-04-24 17:07:03.895Z,28.4938,28.5246,2142,1199,10.8
2026-04-24 17:07:04.272Z,28.5036,28.5408,2287,1101,13.0
2026-04-24 17:07:05.253Z,28.5250,28.5762,1555,1184,17.9
2026-04-24 17:07:06.526Z,28.5391,28.5717,733,542,11.4
2026-04-24 17:07:07.175Z,28.5561,28.6061,1965,1017,17.5
2026-04-24 17:07:08.894Z,28.5742,28.6056,2346,963,11.0
2026-04-24 17:07:09.232Z,28.5967,28.6361,1198,958,13.8
2026-04-24 17:07:10.556Z,28.6073,28.6445,1890,1494,13.0
2026-04-24 17:07:11.422Z,28.6117,28.6395,2386,3834,9.7
2026-04-24 17:07:12.414Z,28.6159,28.6581,2850,1860,14.7
2026-04-24 17:07:13.442Z,28.6183,28.6451,1297,3229,9.4
2026-04-24 17:07:14.804Z,28.5889,28.6361,632,1004,16.5
2026-04-24 17:07:15.210Z,28.5908,28.6246,433,1106,11.8
2026-04-24 17:07:16.867Z,28.5780,28.6172,737,2167,13.7
2026-04-24 17:07:17.161Z,28.5621,28.6043,899,1358,14.8
2026-04-24 17:07:18.030Z,28.5713,28.5989,3420,950,9.7
2026-04-24 17:07:19.767Z,28.5726,28.6014,2906,915,10.1
2026-04-24 17:07:20.439Z,28.5679,28.5949,565,1031,9.4
2026-04-24 17:07:21.118Z,28.5438,28.5804,724,1230,12.8
2026-04-24 17:07:22.609Z,28.5341,28.5743,728,879,14.1
2026-04-24 17:07:23.184Z,28.5086,28.5448,367,606,12.7
2026-04-24 17:07:24.112Z,28.5054,28.5326,414,1152,9.5
2026-04-24 17:07:25.601Z,28.4780,28.5134,357,1153,12.4
2026-04-24 17:07:26.760Z,28.4487,28.4891,894,1050,14.2
2026-04-24 17:07:27.336Z,28.4182,28.4662,311,600,16.9
2026-04-24 17:07:28.123Z,28.4062,28.4452,935,1808,13.7
2026-04-24 17:07:29.042Z,28.3748,28.4246,406,1288,17.5
2026-04-24 17:07:30.752Z,28.3488,28.3938,448,1181,15.9
2026-04-24 17:07:31.200Z,28.3363,28.3715,341,910,12.4
2026-04-24 17:07:32.451Z,28.3070,28.3432,446,610,12.8
2026-04-24 17:07:33.850Z,28.2773,28.3253,1034,1277,17.0
2026-04-24 17:07:34.613Z,28.2594,28.3062,566,1072,16.5
2026-04-24 17:07:35.343Z,28.2499,28.2869,379,713,13.1
2026-04-24 17:07:36.238Z,28.2397,28.2705,579,910,10.9
2026-04-24 17:07:37.004Z,28.2399,28.2753,1576,1284,12.5
2026-04-24 17:07:38.735Z,28.2391,28.2725,883,1357,11.8
2026-04-24 17:07:39.350Z,28.2373,28.2691,1679,4212,11.3
2026-04-24 17:07:40.582Z,28.2370,28.2708,4188,1820,12.0
2026-04-24 17:07:41.322Z,28.2429,28.2807,909,497,13.4
2026-04-24 17:07:42.848Z,28.2557,28.2841,1028,579,10.0
2026-04-24 17:07:43.313Z,28.2584,28.2836,1187,319,8.9
2026-04-24 17:07:44.899Z,28.2626,28.2972,512,669,12.2
2026-04-24 17:07:45.883Z,28.2603,28.2887,1556,3124,10.0
2026-04-24 17:07:46.311Z,28.2607,28.3003,1145,800,14.0
2026-04-24 17:07:47.606Z,28.2675,28.2987,1268,781,11.0
2026-04-24 17:07:48.257Z,28.2771,28.3093,2277,776,11.4
2026-04-24 17:07:49.661Z,28.2713,28.3043,545,1259,11.7
2026-04-24 17:07:50.503Z,28.2781,28.3137,773,401,12.6
2026-04-24 17:07:51.105Z,28.2845,28.3121,1394,862,9.8
2026-04-24 17:07:52.257Z,28.2887,28.3299,1230,427,14.6
2026-04-24 17:07:53.554Z,28.3014,28.3456,1824,644,15.6
2026-04-24 17:07:54.423Z,28.3063,28.3427,744,529,12.9
2026-04-24 17:07:55.035Z,28.3146,28.3512,1801,1207,12.9
2026-04-24 17:07:56.563Z,28.3201,28.3523,1164,1057,11.4
2026-04-24 17:07:57.017Z,28.3337,28.3677,2150,1426,12.0
2026-04-24 17:07:58.125Z,28.3384,28.3654,2223,862,9.5
2026-04-24 17:07:59.353Z,28.3359,28.3641,743,2343,9.9
2026-04-24 17:08:00.102Z,28.2652,28.2948,1678,1647,10.5
2026-04-24 17:08:01.239Z,28.2580,28.2868,901,1073,10.2
2026-04-24 17:08:02.565Z,28.2592,28.2950,1268,670,12.7
2026-04-24 17:08:03.630Z,28.2529,28.2913,716,3036,13.6
2026-04-24 17:08:04.662Z,28.2384,28.2800,1325,1526,14.7
2026-04-24 17:08:05.552Z,28.2350,28.2670,406,1477,11.3
2026-04-24 17:08:06.896Z,28.2377,28.2647,1497,1032,9.6
2026-04-24 17:08:07.049Z,28.2167,28.2531,751,1168,12.9
2026-04-24 17:08:08.791Z,28.2154,28.2518,722,983,12.9
2026-04-24 17:08:09.346Z,28.2051,28.2437,549,1649,13.7
2026-04-24 17:08:10.741Z,28.2010,28.2388,721,1543,13.4
2026-04-24 17:08:11.588Z,28.1965,28.2265,1249,4801,10.6
2026-04-24 17:08:12.270Z,28.1965,28.2317,4937,1974,12.5
2026-04-24 17:08:13.795Z,28.1899,28.2279,1263,2786,13.5
2026-04-24 17:08:14.883Z,28.2048,28.2350,1034,741,10.7
2026-04-24 17:08:15.410Z,28.2055,28.2403,890,600,12.3
2026-04-24 17:08:16.640Z,28.2139,28.2509,2709,1686,13.1
2026-04-24 17:08:17.791Z,28.2167,28.2533,1826,1046,13.0
2026-04-24 17:08:18.508Z,28.2267,28.2551,2044,864,10.1
2026-04-24 17:08:19.317Z,28.2302,28.2626,1674,869,11.5
2026-04-24 17:08:20.248Z,28.2340,28.2676,813,789,11.9
2026-04-24 17:08:21.654Z,28.2427,28.2859,554,520,15.3
2026-04-24 17:08:22.010Z,28.2521,28.2929,1399,452,14.4
2026-04-24 17:08:23.718Z,28.2721,28.3123,1186,656,14.2
2026-04-24 17:08:24.266Z,28.2834,28.3208,918,713,13.2
2026-04-24 17:08:25.479Z,28.3096,28.3464,1371,552,13.0
2026-04-24 17:08:26.383Z,28.3267,28.3631,654,640,12.8
2026-04-24 17:08:27.622Z,28.3366,28.3806,1040,512,15.5
2026-04-24 17:08:28.532Z,28.3608,28.3968,1059,449,12.7
2026-04-24 17:08:29.575Z,28.3769,28.4251,472,263,17.0
2026-04-24 17:08:30.069Z,28.4020,28.4424,1119,460,14.2
2026-04-24 17:08:31.705Z,28.4291,28.4665,901,338,13.1
2026-04-24 17:08:32.315Z,28.4499,28.4869,1284,653,13.0
2026-04-24 17:08:33.372Z,28.4672,28.4974,1690,782,10.6
2026-04-24 17:08:34.448Z,28.4755,28.5123,1404,727,12.9
2026-04-24 17:08:35.193Z,28.4861,28.5195,708,636,11.7
2026-04-24 17:08:36.122Z,28.5025,28.5439,1060,356,14.5
2026-04-24 17:08:37.537Z,28.5166,28.5462,3543,2359,10.4
2026-04-24 17:08:38.843Z,28.5113,28.5429,1243,4334,11.1
2026-04-24 17:08:39.861Z,28.5158,28.5462,2351,2947,10.7
2026-04-24 17:08:40.204Z,28.5092,28.5438,1391,2693,12.1
2026-04-24 17:08:41.799Z,28.4939,28.5325,691,1408,13.5
2026-04-24 17:08:42.130Z,28.4962,28.5310,839,575,12.2
2026-04-24 17:08:43.442Z,28.4863,28.5235,909,1544,13.1
2026-04-24 17:08:44.316Z,28.4832,28.5148,373,1662,11.1
2026-04-24 17:08:45.475Z,28.4768,28.5070,1477,3047,10.6
2026-04-24 17:08:46.110Z,28.4654,28.5034,460,1633,13.3
2026-04-24 17:08:47.053Z,28.4652,28.4956,562,1408,10.7
2026-04-24 17:08:48.301Z,28.4623,28.4893,885,948,9.5
2026-04-24 17:08:49.530Z,28.4386,28.4816,347,1406,15.1
2026-04-24 17:08:50.717Z,28.4372,28.4652,852,753,9.8
2026-04-24 17:08:51.328Z,28.4043,28.4513,1380,2865,16.5
2026-04-24 17:08:52.579Z,28.3880,28.4298,648,2434,14.7
2026-04-24 17:08:53.762Z,28.3724,28.4114,1012,2312,13.7
2026-04-24 17:08:54.442Z,28.3587,28.3917,1350,1551,11.6
2026-04-24 17:08:55.497Z,28.3323,28.3725,758,1789,14.2
2026-04-24 17:08:56.736Z,28.3106,28.3544,847,1444,15.5
2026-04-24 17:08:57.077Z,28.2974,28.3350,912,2433,13.3
2026-04-24 17:08:58.275Z,28.2941,28.3237,1650,3490,10.5
2026-04-24 17:08:59.166Z,28.2934,28.3266,1068,552,11.7
2026-04-24 17:09:00.748Z,28.3120,28.3480,1734,2067,12.7
2026-04-24 17:09:01.461Z,28.3072,28.3372,921,1613,10.6
2026-04-24 17:09:02.041Z,28.2919,28.3261,1689,3511,12.1
2026-04-24 17:09:03.095Z,28.2750,28.3106,1485,2306,12.6
2026-04-24 17:09:04.451Z,28.2495,28.2855,1555,2486,12.7
2026-04-24 17:09:05.482Z,28.2242,28.2702,1340,2166,16.3
2026-04-24 17:09:06.243Z,28.1955,28.2353,683,1796,14.1
2026-04-24 17:09:07.796Z,28.1633,28.2055,1381,2794,15.0
2026-04-24 17:09:08.793Z,28.1349,28.1827,1062,1871,17.0
2026-04-24 17:09:09.451Z,28.1159,28.1545,1167,3615,13.7
2026-04-24 17:09:10.698Z,28.0983,28.1345,1363,2817,12.9
2026-04-24 17:09:11.833Z,28.0806,28.1132,3964,7595,11.6
2026-04-24 17:09:12.036Z,28.0878,28.1228,4640,3163,12.5
2026-04-24 17:09:13.383Z,28.0878,28.1178,2705,9599,10.7
2026-04-24 17:09:14.327Z,28.1045,28.1511,3282,1662,16.6
2026-04-24 17:09:15.328Z,28.1256,28.1640,2049,1646,13.6
2026-04-24 17:09:16.575Z,28.1353,28.1665,3073,1008,11.1
2026-04-24 17:09:17.548Z,28.1493,28.1885,5352,1442,13.9
2026-04-24 17:09:18.460Z,28.1604,28.1880,2897,1642,9.8
2026-04-24 17:09:19.095Z,28.1490,28.1882,1831,3822,13.9
2026-04-24 17:09:20.326Z,28.1619,28.1997,1071,944,13.4
2026-04-24 17:09:21.825Z,28.1718,28.2030,2155,794,11.1
2026-04-24 17:09:22.178Z,28.1877,28.2213,1062,451,11.9
2026-04-24 17:09:23.876Z,28.1926,28.2218,1568,1370,10.4
2026-04-24 17:09:24.135Z,28.2043,28.2401,1318,451,12.7
2026-04-24 17:09:25.638Z,28.2244,28.2736,2058,887,17.4
2026-04-24 17:09:26.134Z,28.2444,28.2876,809,823,15.3
2026-04-24 17:09:27.389Z,28.2623,28.3085,1407,742,16.3
2026-04-24 17:09:28.065Z,28.2767,28.3201,667,612,15.3
2026-04-24 17:09:29.510Z,28.2927,28.3325,1755,1112,14.1
2026-04-24 17:09:30.132Z,28.3138,28.3634,1091,790,17.5
2026-04-24 17:09:31.090Z,28.3371,28.3675,1851,872,10.7
2026-04-24 17:09:32.281Z,28.3526,28.3894,1624,446,13.0
2026-04-24 17:09:33.695Z,28.3670,28.4108,2281,1150,15.4
2026-04-24 17:09:34.570Z,28.3805,28.4153,1009,383,12.3
2026-04-24 17:09:35.055Z,28.3912,28.4290,1568,1120,13.3
2026-04-24 17:09:36.305Z,28.4002,28.4352,1729,490,12.3
2026-04-24 17:09:37.691Z,28.3973,28.4335,1623,2182,12.7
2026-04-24 17:09:38.223Z,28.4053,28.4401,7023,2800,12.2
2026-04-24 17:09:39.023Z,28.4169,28.4455,3421,1117,10.1
2026-04-24 17:09:40.058Z,28.4001,28.4329,2172,4255,11.5
2026-04-24 17:09:41.224Z,28.4081,28.4435,1271,950,12.5
2026-04-24 17:09:42.047Z,28.4010,28.4298,1872,3536,10.1
2026-04-24 17:09:43.017Z,28.3947,28.4281,613,1202,11.8
2026-04-24 17:09:44.856Z,28.3896,28.4264,1152,2887,13.0
2026-04-24 17:09:45.326Z,28.3979,28.4283,4614,1543,10.7
2026-04-24 17:09:46.798Z,28.3910,28.4240,1446,3961,11.6
2026-04-24 17:09:47.437Z,28.4002,28.4284,2275,2379,9.9
2026-04-24 17:09:48.239Z,28.4016,28.4322,2322,1179,10.8
2026-04-24 17:09:49.288Z,28.3975,28.4297,2221,4282,11.3
2026-04-24 17:09:50.775Z,28.3987,28.4293,2983,795,10.8
2026-04-24 17:09:51.429Z,28.3938,28.4282,1447,2536,12.1
2026-04-24 17:09:52.318Z,28.3948,28.4222,1057,4031,9.6
2026-04-24 17:09:53.822Z,28.3905,28.4223,1620,1895,11.2
2026-04-24 17:09:54.318Z,28.4004,28.4286,3188,1926,9.9
2026-04-24 17:09:55.717Z,28.3973,28.4315,1068,1912,12.0
2026-04-24 17:09:56.004Z,28.3926,28.4236,830,1695,10.9
2026-04-24 17:09:57.199Z,28.3934,28.4314,3564,1439,13.4
2026-04-24 17:09:58.094Z,28.3934,28.4294,2586,3282,12.7
2026-04-24 17:09:59.632Z,28.3937,28.4263,2087,2557,11.5
2026-04-24 17:10:00.028Z,28.3839,28.4161,2225,2203,11.3
2026-04-24 17:10:01.454Z,28.3843,28.4171,2348,1578,11.5
2026-04-24 17:10:02.651Z,28.3909,28.4233,3807,2273,11.4
2026-04-24 17:10:03.642Z,28.3881,28.4235,1240,1551,12.5
2026-04-24 17:10:04.062Z,28.3889,28.4171,1624,4448,9.9
2026-04-24 17:10:05.680Z,28.3873,28.4137,1941,3074,9.3
2026-04-24 17:10:06.809Z,28.3850,28.4122,991,2337,9.6
2026-04-24 17:10:07.611Z,28.3869,28.4173,4145,1225,10.7
2026-04-24 17:10:08.683Z,28.3918,28.4222,1303,1250,10.7
2026-04-24 17:10:09.001Z,28.3854,28.4182,1473,2616,11.5
2026-04-24 17:10:10.025Z,28.3762,28.4114,538,1196,12.4
2026-04-24 17:10:11.242Z,28.3787,28.4089,8944,7639,10.6
2026-04-24 17:10:12.309Z,28.3831,28.4151,4053,5115,11.3
2026-04-24 17:10:13.279Z,28.3863,28.4133,7043,5457,9.5
2026-04-24 17:10:14.150Z,28.3859,28.4239,1670,919,13.4
2026-04-24 17:10:15.646Z,28.3929,28.4175,4207,1222,8.7
2026-04-24 17:10:16.104Z,28.3845,28.4179,1248,4213,11.8
2026-04-24 17:10:17.273Z,28.3895,28.4227,3461,4255,11.7
2026-04-24 17:10:18.095Z,28.3820,28.4190,811,3633,13.0
2026-04-24 17:10:19.244Z,28.3913,28.4203,3357,1990,10.2
2026-04-24 17:10:20.731Z,28.3915,28.4175,920,1825,9.2
2026-04-24 17:10:21.685Z,28.4029,28.4441,2129,934,14.5
2026-04-24 17:10:22.789Z,28.4211,28.4551,2305,1991,12.0
2026-04-24 17:10:23.097Z,28.4343,28.4705,1959,1259,12.7
2026-04-24 17:10:24.191Z,28.4501,28.4855,951,434,12.4
2026-04-24 17:10:25.281Z,28.4649,28.4959,1901,1405,10.9
2026-04-24 17:10:26.590Z,28.4888,28.5270,3346,2075,13.4
2026-04-24 17:10:27.061Z,28.5112,28.5556,1385,1033,15.6
2026-04-24 17:10:28.251Z,28.5325,28.5779,2624,1670,15.9
2026-04-24 17:10:29.254Z,28.5535,28.5899,2995,1541,12.7
2026-04-24 17:10:30.065Z,28.5727,28.6163,1232,1304,15.2
2026-04-24 17:10:31.599Z,28.5917,28.6221,1568,897,10.6
2026-04-24 17:10:32.227Z,28.6165,28.6611,1654,815,15.6
2026-04-24 17:10:33.671Z,28.6292,28.6652,839,527,12.6
2026-04-24 17:10:34.842Z,28.6419,28.6805,2801,1976,13.5
2026-04-24 17:10:35.891Z,28.6595,28.7075,1948,1546,16.7
2026-04-24 17:10:36.899Z,28.6714,28.7100,2182,1423,13.5
2026-04-24 17:10:37.076Z,28.6764,28.7020,3462,7671,8.9
2026-04-24 17:10:38.893Z,28.6830,28.7132,6267,1912,10.5
2026-04-24 17:10:39.380Z,28.6875,28.7243,7635,4363,12.8
2026-04-24 17:10:40.866Z,28.6784,28.7110,3520,6517,11.4
2026-04-24 17:10:41.603Z,28.6700,28.7034,795,1796,11.6
2026-04-24 17:10:42.421Z,28.6694,28.7006,806,1555,10.9
2026-04-24 17:10:43.073Z,28.6524,28.6850,1607,2190,11.4
2026-04-24 17:10:44.644Z,28.6508,28.6834,858,2685,11.4
2026-04-24 17:10:45.556Z,28.6364,28.6700,1897,3376,11.7
2026-04-24 17:10:46.340Z,28.6318,28.6650,1392,4643,11.6
2026-04-24 17:10:47.873Z,28.6400,28.6710,3015,1307,10.8
2026-04-24 17:10:48.736Z,28.6352,28.6690,2040,2623,11.8
2026-04-24 17:10:49.700Z,28.6377,28.6631,2094,3373,8.9
2026-04-24 17:10:50.608Z,28.6243,28.6575,1269,3454,11.6
2026-04-24 17:10:51.680Z,28.6215,28.6521,1469,2354,10.7
2026-04-24 17:10:52.404Z,28.6205,28.6503,1799,2462,10.4
2026-04-24 17:10:53.398Z,28.6199,28.6547,2475,2391,12.2
2026-04-24 17:10:54.573Z,28.6233,28.6487,1287,2897,8.9
2026-04-24 17:10:55.602Z,28.6116,28.6480,1109,2726,12.7
2026-04-24 17:10:56.241Z,28.6028,28.6326,864,3800,10.4
2026-04-24 17:10:57.842Z,28.6054,28.6332,5141,1821,9.7
2026-04-24 17:10:58.479Z,28.6075,28.6379,2513,1518,10.6
2026-04-24 17:10:59.778Z,28.6031,28.6369,1315,2579,11.8
2026-04-24 17:11:00.810Z,28.5905,28.6195,1682,1222,10.1
2026-04-24 17:11:01.043Z,28.5798,28.6160,1285,1473,12.7
2026-04-24 17:11:02.662Z,28.5844,28.6118,3210,1367,9.6
2026-04-24 17:11:03.413Z,28.5751,28.6105,799,3210,12.4
2026-04-24 17:11:04.661Z,28.5864,28.6164,2800,1861,10.5
2026-04-24 17:11:05.428Z,28.5851,28.6105,992,2951,8.9
2026-04-24 17:11:06.123Z,28.5683,28.6013,1328,2874,11.5
2026-04-24 17:11:07.026Z,28.5675,28.5935,693,2420,9.1
2026-04-24 17:11:08.420Z,28.5534,28.5912,1003,2974,13.2
2026-04-24 17:11:09.426Z,28.5653,28.5955,4008,1828,10.6
2026-04-24 17:11:10.187Z,28.5493,28.5833,1600,4644,11.9
2026-04-24 17:11:11.696Z,28.5619,28.5931,5699,2547,10.9
2026-04-24 17:11:12.336Z,28.5635,28.5899,1768,5574,9.2
2026-04-24 17:11:13.046Z,28.5538,28.5902,1362,2917,12.7
2026-04-24 17:11:14.158Z,28.5552,28.5866,688,1339,11.0
2026-04-24 17:11:15.676Z,28.5607,28.5939,1280,1426,11.6
2026-04-24 17:11:16.691Z,28.5654,28.5908,5002,2184,8.9
2026-04-24 17:11:17.372Z,28.5693,28.6017,2589,2823,11.3
2026-04-24 17:11:18.268Z,28.5694,28.5996,1207,1804,10.6
2026-04-24 17:11:19.674Z,28.5697,28.5957,1581,2152,9.1
2026-04-24 17:11:20.711Z,28.5854,28.6174,1138,675,11.2
2026-04-24 17:11:21.045Z,28.5960,28.6322,1477,1085,12.7
2026-04-24 17:11:22.457Z,28.6097,28.6477,980,874,13.3
2026-04-24 17:11:23.759Z,28.6307,28.6815,2662,929,17.7
2026-04-24 17:11:24.587Z,28.6600,28.7086,2304,1642,16.9
2026-04-24 17:11:25.718Z,28.6868,28.7330,1804,1182,16.1
2026-04-24 17:11:26.639Z,28.7197,28.7725,2339,1555,18.4
2026-04-24 17:11:27.282Z,28.7542,28.8118,1308,1053,20.0
2026-04-24 17:11:28.296Z,28.7942,28.8318,883,628,13.0
2026-04-24 17:11:29.319Z,28.8316,28.8728,890,611,14.3
2026-04-24 17:11:30.260Z,28.8583,28.9095,2158,1182,17.7
2026-04-24 17:11:31.022Z,28.8883,28.9433,2224,1222,19.0
2026-04-24 17:11:32.113Z,28.9254,28.9606,1304,1319,12.2
2026-04-24 17:11:33.757Z,28.9470,29.0004,3074,1495,18.4
2026-04-24 17:11:34.566Z,28.9768,29.0198,2251,1488,14.8
2026-04-24 17:11:35.283Z,28.9979,29.0423,3243,1598,15.3
2026-04-24 17:11:36.420Z,29.0086,29.0478,1389,682,13.5
2026-04-24 17:11:37.396Z,29.0221,29.0557,3075,2724,11.6
2026-04-24 17:11:38.340Z,29.0346,29.0756,3430,2160,14.1
2026-04-24 17:11:39.150Z,29.0353,29.0619,2818,5089,9.2
2026-04-24 17:11:40.383Z,29.0266,29.0552,3208,6642,9.8
2026-04-24 17:11:41.791Z,29.0176,29.0456,819,1950,9.6
2026-04-24 17:11:42.237Z,29.0026,29.0436,876,999,14.1
2026-04-24 17:11:43.192Z,28.9988,29.0304,1239,3706,10.9
2026-04-24 17:11:44.699Z,28.9934,29.0236,997,4397,10.4
2026-04-24 17:11:45.847Z,28.9802,29.0186,2360,2968,13.2
2026-04-24 17:11:46.643Z,28.9712,29.0058,1282,3305,11.9
2026-04-24 17:11:47.173Z,28.9750,29.0006,2279,2756,8.8
2026-04-24 17:11:48.062Z,28.9722,29.0026,1182,4061,10.5
2026-04-24 17:11:49.748Z,28.9836,29.0140,1346,942,10.5
2026-04-24 17:11:50.500Z,28.9803,29.0161,883,1666,12.3
2026-04-24 17:11:51.091Z,28.9796,29.0098,1410,3230,10.4
2026-04-24 17:11:52.224Z,28.9734,29.0020,639,1573,9.9
2026-04-24 17:11:53.184Z,28.9739,29.0069,2502,734,11.4
2026-04-24 17:11:54.067Z,28.9774,29.0086,4150,2201,10.8
2026-04-24 17:11:55.031Z,28.9744,29.0090,1780,5065,11.9
2026-04-24 17:11:56.357Z,28.9782,29.0068,2137,1633,9.9
2026-04-24 17:11:57.505Z,28.9750,29.0110,2541,1708,12.4
2026-04-24 17:11:58.060Z,28.9778,29.0110,3156,2560,11.5
2026-04-24 17:11:59.370Z,28.9815,29.0085,1640,758,9.3
2026-04-24 17:12:00.281Z,28.9771,29.0129,973,1443,12.3
2026-04-24 17:12:01.251Z,28.9891,29.0165,1352,824,9.4
2026-04-24 17:12:02.539Z,28.9944,29.0262,1394,1056,11.0
2026-04-24 17:12:03.284Z,29.0118,29.0548,1259,700,14.8
2026-04-24 17:12:04.454Z,29.0230,29.0630,1180,677,13.8
2026-04-24 17:12:05.796Z,29.0553,29.0991,1530,568,15.1
2026-04-24 17:12:06.380Z,29.0823,29.1177,1370,744,12.2
2026-04-24 17:12:07.720Z,29.1111,29.1547,1114,737,15.0
2026-04-24 17:12:08.225Z,29.1347,29.1769,1574,729,14.5
2026-04-24 17:12:09.663Z,29.1493,29.1805,1179,871,10.7
2026-04-24 17:12:10.302Z,29.1630,29.1966,1211,982,11.5
2026-04-24 17:12:11.431Z,29.1776,29.2238,2105,1293,15.8
2026-04-24 17:12:12.676Z,29.1751,29.2111,1656,2950,12.3
2026-04-24 17:12:13.283Z,29.1734,29.2028,2164,5010,10.1
2026-04-24 17:12:14.516Z,29.1645,29.1931,790,1122,9.8
2026-04-24 17:12:15.571Z,29.1322,29.1806,603,1297,16.6
2026-04-24 17:12:16.148Z,29.1221,29.1581,1072,1568,12.4
2026-04-24 17:12:17.795Z,29.1179,29.1491,828,2572,10.7
2026-04-24 17:12:18.023Z,29.1106,29.1482,858,915,12.9
2026-04-24 17:12:19.555Z,29.1178,29.1488,1237,1019,10.6
2026-04-24 17:12:20.027Z,29.0970,29.1340,973,1770,12.7
2026-04-24 17:12:21.520Z,29.0853,29.1183,232,568,11.3
2026-04-24 17:12:22.252Z,29.0695,29.1029,547,831,11.5
2026-04-24 17:12:23.531Z,29.0551,29.0889,421,815,11.6
2026-04-24 17:12:24.147Z,29.0348,29.0772,531,846,14.6
2026-04-24 17:12:25.445Z,29.0206,29.0534,291,1068,11.3
2026-04-24 17:12:26.814Z,28.9979,29.0367,430,740,13.4
2026-04-24 17:12:27.693Z,28.9625,29.0121,485,566,17.1
2026-04-24 17:12:28.778Z,28.9454,28.9794,283,581,11.7
2026-04-24 17:12:29.711Z,28.9183,28.9651,438,867,16.2
2026-04-24 17:12:30.792Z,28.8912,28.9390,527,550,16.5
2026-04-24 17:12:31.131Z,28.8731,28.9113,567,856,13.2
2026-04-24 17:12:32.520Z,28.8505,28.8853,663,1254,12.1
2026-04-24 17:12:33.738Z,28.8329,28.8715,401,429,13.4
2026-04-24 17:12:34.474Z,28.8114,28.8518,395,447,14.0
2026-04-24 17:12:35.057Z,28.8106,28.8448,812,1668,11.9
2026-04-24 17:12:36.723Z,28.7907,28.8343,375,547,15.1
2026-04-24 17:12:37.304Z,28.7912,28.8192,1048,2100,9.7
2026-04-24 17:12:38.576Z,28.7811,28.8101,1561,4616,10.1
2026-04-24 17:12:39.106Z,28.7889,28.8261,3756,1597,12.9
2026-04-24 17:12:40.736Z,28.7875,28.8151,1245,3201,9.6
2026-04-24 17:12:41.873Z,28.7962,28.8312,769,493,12.1
2026-04-24 17:12:42.762Z,28.7971,28.8293,900,1425,11.2
2026-04-24 17:12:43.289Z,28.7974,28.8312,1254,787,11.7
2026-04-24 17:12:44.818Z,28.8079,28.8497,943,689,14.5
2026-04-24 17:12:45.337Z,28.8206,28.8514,3011,1215,10.7
2026-04-24 17:12:46.605Z,28.8120,28.8448,703,1016,11.4
2026-04-24 17:12:47.355Z,28.8154,28.8470,2173,1111,11.0
2026-04-24 17:12:48.612Z,28.8235,28.8529,953,589,10.2
2026-04-24 17:12:49.050Z,28.8278,28.8642,1194,807,12.6
2026-04-24 17:12:50.188Z,28.8454,28.8788,552,666,11.6
2026-04-24 17:12:51.659Z,28.8671,28.9003,1191,616,11.5
2026-04-24 17:12:52.539Z,28.8795,28.9139,689,524,11.9
2026-04-24 17:12:53.580Z,28.8959,28.9293,946,374,11.6
2026-04-24 17:12:54.544Z,28.9104,28.9592,1116,752,16.9
2026-04-24 17:12:55.400Z,28.9353,28.9659,1813,560,10.6
2026-04-24 17:12:56.674Z,28.9438,28.9706,1121,653,9.3
2026-04-24 17:12:57.703Z,28.9526,28.9890,1174,531,12.6
2026-04-24 17:12:58.705Z,28.9592,28.9896,2136,973,10.5
2026-04-24 17:12:59.309Z,28.9615,28.9985,1028,684,12.8
2026-04-24 17:13:00.783Z,28.8862,28.9138,3464,3131,9.6
2026-04-24 17:13:01.023Z,28.8861,28.9177,3968,1551,10.9
2026-04-24 17:13:02.803Z,28.8739,28.9051,1307,2793,10.8
2026-04-24 17:13:03.162Z,28.8727,28.9007,1747,3022,9.7
2026-04-24 17:13:04.002Z,28.8548,28.8930,1895,2904,13.2
2026-04-24 17:13:05.366Z,28.8574,28.8862,957,3100,10.0
2026-04-24 17:13:06.435Z,28.8403,28.8717,1240,1258,10.9
2026-04-24 17:13:07.498Z,28.8207,28.8631,1911,3999,14.7
2026-04-24 17:13:08.297Z,28.8280,28.8652,2005,1385,12.9
2026-04-24 17:13:09.011Z,28.8070,28.8422,743,1152,12.2
2026-04-24 17:13:10.840Z,28.8102,28.8402,2257,2224,10.4
2026-04-24 17:13:11.657Z,28.8038,28.8322,5463,8123,9.9
2026-04-24 17:13:12.383Z,28.8037,28.8329,7880,3741,10.1
2026-04-24 17:13:13.660Z,28.8061,28.8383,3988,4206,11.2
2026-04-24 17:13:14.358Z,28.8093,28.8441,1961,1480,12.1
2026-04-24 17:13:15.627Z,28.8133,28.8393,1509,1501,9.0
2026-04-24 17:13:16.779Z,28.8175,28.8443,1524,1032,9.3
2026-04-24 17:13:17.667Z,28.8274,28.8580,4521,2486,10.6
2026-04-24 17:13:18.231Z,28.8294,28.8562,3242,1082,9.3
2026-04-24 17:13:19.437Z,28.8196,28.8570,946,2827,13.0
2026-04-24 17:13:20.844Z,28.8353,28.8645,2514,998,10.1
2026-04-24 17:13:21.148Z,28.8387,28.8713,2236,827,11.3
2026-04-24 17:13:22.764Z,28.8512,28.8872,1409,641,12.5
2026-04-24 17:13:23.085Z,28.8720,28.9148,2425,1157,14.8
2026-04-24 17:13:24.630Z,28.8841,28.9135,2349,1416,10.2
2026-04-24 17:13:25.643Z,28.9031,28.9437,2466,1678,14.0
2026-04-24 17:13:26.784Z,28.9307,28.9713,2338,1073,14.0
2026-04-24 17:13:27.293Z,28.9485,28.9911,2844,843,14.7
2026-04-24 17:13:28.112Z,28.9599,28.9971,1854,1386,12.8
2026-04-24 17:13:29.887Z,28.9872,29.0332,1651,1273,15.9
2026-04-24 17:13:30.757Z,29.0123,29.0475,1726,637,12.1
2026-04-24 17:13:31.475Z,29.0224,29.0600,1947,995,12.9
2026-04-24 17:13:32.547Z,29.0375,29.0843,1188,887,16.1
2026-04-24 17:13:33.367Z,29.0687,29.1027,1786,1359,11.7
2026-04-24 17:13:34.022Z,29.0744,29.1098,1894,627,12.2
2026-04-24 17:13:35.219Z,29.0906,29.1358,673,671,15.5
2026-04-24 17:13:36.444Z,29.0979,29.1287,1527,1057,10.6
2026-04-24 17:13:37.813Z,29.1105,29.1439,6159,1885,11.5
2026-04-24 17:13:38.018Z,29.1131,29.1467,4297,2909,11.5
2026-04-24 17:13:39.383Z,29.1146,29.1472,6205,2717,11.2
2026-04-24 17:13:40.538Z,29.1000,29.1418,1130,4678,14.4
2026-04-24 17:13:41.804Z,29.1044,29.1326,912,1538,9.7
2026-04-24 17:13:42.333Z,29.0903,29.1265,794,2017,12.4
2026-04-24 17:13:43.376Z,29.0751,29.1165,475,1626,14.2
2026-04-24 17:13:44.845Z,29.0765,29.1031,1243,2591,9.1
2026-04-24 17:13:45.540Z,29.0782,29.1032,1947,1144,8.6
2026-04-24 17:13:46.854Z,29.0568,29.0966,1687,5050,13.7
2026-04-24 17:13:47.006Z,29.0651,29.1037,2284,1083,13.3
2026-04-24 17:13:48.094Z,29.0589,29.0949,1876,1900,12.4
2026-04-24 17:13:49.537Z,29.0292,29.0756,1463,2265,16.0
2026-04-24 17:13:50.568Z,29.0272,29.0590,676,1133,10.9
2026-04-24 17:13:51.163Z,29.0043,29.0447,636,1578,13.9
2026-04-24 17:13:52.168Z,28.9796,29.0272,612,2045,16.4
2026-04-24 17:13:53.645Z,28.9619,29.0019,661,1251,13.8
2026-04-24 17:13:54.479Z,28.9359,28.9795,1525,2476,15.1
2026-04-24 17:13:55.834Z,28.9156,28.9572,820,1146,14.4
2026-04-24 17:13:56.393Z,28.9096,28.9388,638,1701,10.1
2026-04-24 17:13:57.679Z,28.8881,28.9315,1308,4006,15.0
2026-04-24 17:13:58.642Z,28.8931,28.9203,2206,2575,9.4
2026-04-24 17:13:59.280Z,28.8823,28.9177,582,2078,12.2
2026-04-24 17:14:00.354Z,28.8829,28.9171,679,324,11.8
2026-04-24 17:14:01.799Z,28.8922,28.9194,924,467,9.4
2026-04-24 17:14:02.800Z,28.8825,28.9197,545,1124,12.9
2026-04-24 17:14:03.726Z,28.8878,28.9208,381,194,11.4
2026-04-24 17:14:04.806Z,28.8921,28.9221,536,281,10.4
2026-04-24 17:14:05.652Z,28.8857,28.9197,190,385,11.8
2026-04-24 17:14:06.086Z,28.8967,28.9255,547,429,10.0
2026-04-24 17:14:07.601Z,28.9005,28.9365,428,330,12.4
2026-04-24 17:14:08.315Z,28.8884,28.9286,321,546,13.9
2026-04-24 17:14:09.877Z,28.9028,28.9336,717,445,10.7
2026-04-24 17:14:10.784Z,28.9014,28.9382,518,165,12.7
2026-04-24 17:14:11.256Z,28.9021,28.9291,538,1174,9.3
2026-04-24 17:14:12.762Z,28.9118,28.9406,2243,1096,10.0
2026-04-24 17:14:13.388Z,28.9097,28.9427,820,850,11.4
2026-04-24 17:14:14.298Z,28.9055,28.9331,246,829,9.5
2026-04-24 17:14:15.595Z,28.9019,28.9309,265,384,10.0
2026-04-24 17:14:16.115Z,28.8910,28.9270,239,619,12.5
2026-04-24 17:14:17.572Z,28.8951,28.9239,477,353,10.0
2026-04-24 17:14:18.791Z,28.8976,28.9218,634,320,8.4
2026-04-24 17:14:19.542Z,28.8936,28.9292,620,734,12.3
2026-04-24 17:14:20.774Z,28.8939,28.9229,277,539,10.0
2026-04-24 17:14:21.499Z,28.8900,28.9208,106,250,10.7
2026-04-24 17:14:22.598Z,28.8746,28.9134,263,622,13.4
2026-04-24 17:14:23.404Z,28.8659,28.9017,351,584,12.4
2026-04-24 17:14:24.615Z,28.8455,28.8871,119,198,14.4
2026-04-24 17:14:25.517Z,28.8373,28.8711,292,369,11.7
2026-04-24 17:14:26.220Z,28.8280,28.8606,205,535,11.3
2026-04-24 17:14:27.848Z,28.8056,28.8414,341,634,12.4
2026-04-24 17:14:28.553Z,28.7886,28.8280,243,516,13.7
2026-04-24 17:14:29.218Z,28.7764,28.8158,215,595,13.7
2026-04-24 17:14:30.200Z,28.7673,28.8001,195,284,11.4
2026-04-24 17:14:31.548Z,28.7361,28.7751,405,430,13.6
2026-04-24 17:14:32.390Z,28.7361,28.7719,379,628,12.5
2026-04-24 17:14:33.805Z,28.7093,28.7575,221,316,16.8
2026-04-24 17:14:34.573Z,28.6987,28.7387,154,414,13.9
2026-04-24 17:14:35.317Z,28.6954,28.7246,153,512,10.2
2026-04-24 17:14:36.506Z,28.6913,28.7255,227,457,11.9
2026-04-24 17:14:37.175Z,28.6873,28.7151,472,657,9.7
2026-04-24 17:14:38.891Z,28.6919,28.7223,1246,538,10.6
2026-04-24 17:14:39.524Z,28.6908,28.7212,722,1068,10.6
2026-04-24 17:14:40.490Z,28.6921,28.7261,1221,567,11.8
2026-04-24 17:14:41.450Z,28.6984,28.7296,784,441,10.9
2026-04-24 17:14:42.013Z,28.7061,28.7447,215,175,13.4
2026-04-24 17:14:43.773Z,28.7179,28.7477,810,462,10.4
2026-04-24 17:14:44.018Z,28.7146,28.7462,253,431,11.0
2026-04-24 17:14:45.079Z,28.7155,28.7461,688,278,10.7
2026-04-24 17:14:46.063Z,28.7257,28.7619,578,341,12.6
2026-04-24 17:14:47.553Z,28.7269,28.7565,612,1268,10.3
2026-04-24 17:14:48.414Z,28.7305,28.7709,833,257,14.1
2026-04-24 17:14:49.621Z,28.7385,28.7709,534,411,11.3
2026-04-24 17:14:50.597Z,28.7461,28.7893,456,229,15.0
2026-04-24 17:14:51.568Z,28.7720,28.8094,739,339,13.0
2026-04-24 17:14:52.863Z,28.7880,28.8210,424,338,11.5
2026-04-24 17:14:53.344Z,28.8088,28.8484,688,573,13.7
2026-04-24 17:14:54.587Z,28.8187,28.8601,643,283,14.4
2026-04-24 17:14:55.612Z,28.8313,28.8687,681,501,13.0
2026-04-24 17:14:56.811Z,28.8445,28.8815,301,329,12.8
2026-04-24 17:14:57.668Z,28.8632,28.8934,544,266,10.5
2026-04-24 17:14:58.194Z,28.8749,28.9077,294,376,11.4
2026-04-24 17:14:59.150Z,28.8733,28.9067,217,871,11.6
2026-04-24 17:15:00.423Z,28.8406,28.8694,697,498,10.0
2026-04-24 17:15:01.759Z,28.8395,28.8755,1424,777,12.5
2026-04-24 17:15:02.211Z,28.8286,28.8688,586,1230,13.9
2026-04-24 17:15:03.581Z,28.8230,28.8610,390,1132,13.2
2026-04-24 17:15:04.329Z,28.8263,28.8635,621,531,12.9
2026-04-24 17:15:05.693Z,28.8277,28.8539,389,492,9.1
2026-04-24 17:15:06.736Z,28.8136,28.8478,542,615,11.9
2026-04-24 17:15:07.727Z,28.8033,28.8373,527,1578,11.8
2026-04-24 17:15:08.507Z,28.7990,28.8350,245,481,12.5
2026-04-24 17:15:09.497Z,28.8020,28.8398,742,294,13.1
2026-04-24 17:15:10.182Z,28.7952,28.8346,643,1016,13.7
2026-04-24 17:15:11.440Z,28.7938,28.8272,1250,3016,11.6
2026-04-24 17:15:12.216Z,28.7933,28.8243,1267,1687,10.8
2026-04-24 17:15:13.283Z,28.7921,28.8271,2499,1920,12.1
2026-04-24 17:15:14.190Z,28.7985,28.8307,575,499,11.2
2026-04-24 17:15:15.585Z,28.8047,28.8391,492,335,11.9
2026-04-24 17:15:16.194Z,28.8082,28.8332,389,735,8.7
2026-04-24 17:15:17.141Z,28.8053,28.8343,547,1606,10.1
2026-04-24 17:15:18.276Z,28.8114,28.8528,683,302,14.4
2026-04-24 17:15:19.284Z,28.8134,28.8402,835,1959,9.3
2026-04-24 17:15:20.249Z,28.8135,28.8497,627,704,12.6
2026-04-24 17:15:21.585Z,28.8207,28.8595,536,309,13.5
2026-04-24 17:15:22.560Z,28.8282,28.8650,734,657,12.8
2026-04-24 17:15:23.711Z,28.8307,28.8595,281,913,10.0
2026-04-24 17:15:24.280Z,28.8395,28.8775,731,589,13.2
2026-04-24 17:15:25.682Z,28.8458,28.8714,438,258,8.9
2026-04-24 17:15:26.221Z,28.8452,28.8766,1086,388,10.9
2026-04-24 17:15:27.472Z,28.8497,28.8891,502,224,13.6
2026-04-24 17:15:28.233Z,28.8668,28.9088,569,390,14.5
2026-04-24 17:15:29.656Z,28.8744,28.9024,842,276,9.7
2026-04-24 17:15:30.755Z,28.8771,28.9125,471,388,12.3
2026-04-24 17:15:31.835Z,28.8963,28.9329,531,405,12.7
2026-04-24 17:15:32.612Z,28.8892,28.9280,315,424,13.4
2026-04-24 17:15:33.578Z,28.8983,28.9381,517,450,13.8
2026-04-24 17:15:34.561Z,28.9112,28.9384,720,375,9.4
2026-04-24 17:15:35.692Z,28.9189,28.9505,443,443,10.9
2026-04-24 17:15:36.764Z,28.9165,28.9499,218,449,11.5
2026-04-24 17:15:37.053Z,28.9230,28.9644,1640,585,14.3
2026-04-24 17:15:38.879Z,28.9285,28.9641,1588,813,12.3
2026-04-24 17:15:39.592Z,28.9204,28.9552,842,2478,12.0
2026-04-24 17:15:40.307Z,28.9311,28.9591,1514,1252,9.7
2026-04-24 17:15:41.268Z,28.9210,28.9552,219,617,11.8
2026-04-24 17:15:42.514Z,28.9086,28.9432,560,1127,12.0
2026-04-24 17:15:43.808Z,28.9090,28.9420,339,682,11.4
2026-04-24 17:15:44.192Z,28.9070,28.9366,274,639,10.2
2026-04-24 17:15:45.818Z,28.9022,28.9334,725,1219,10.8
2026-04-24 17:15:46.811Z,28.9126,28.9456,593,326,11.4
2026-04-24 17:15:47.257Z,28.9079,28.9411,483,731,11.5
2026-04-24 17:15:48.859Z,28.9007,28.9377,445,1055,12.8
2026-04-24 17:15:49.249Z,28.9056,28.9346,586,506,10.0
2026-04-24 17:15:50.452Z,28.8912,28.9244,259,712,11.5
2026-04-24 17:15:51.765Z,28.8823,28.9195,548,1404,12.9
