TimestampUtc,Price,Size,Exchange
2026-04-24 16:46:00.329Z,30.1136,137455,SYNTH
2026-04-24 16:46:01.157Z,30.1041,75866,SYNTH
2026-04-24 16:46:02.011Z,30.1008,175639,SYNTH
2026-04-24 16:46:03.751Z,30.0901,91753,SYNTH
2026-04-24 16:46:04.830Z,30.0779,102168,SYNTH
2026-04-24 16:46:05.023Z,30.0597,142889,SYNTH
2026-04-24 16:46:06.276Z,30.0454,154238,SYNTH
2026-04-24 16:46:07.723Z,30.0358,69148,SYNTH
2026-04-24 16:46:08.545Z,30.0301,128307,SYNTH
2026-04-24 16:46:09.211Z,30.0112,91725,SYNTH
2026-04-24 16:46:10.817Z,30.0091,100370,SYNTH
2026-04-24 16:46:11.361Z,29.9984,357025,SYNTH
2026-04-24 16:46:12.488Z,29.9965,205336,SYNTH
2026-04-24 16:46:13.721Z,30.0137,170944,SYNTH
2026-04-24 16:46:14.728Z,30.0189,101509,SYNTH
2026-04-24 16:46:15.679Z,30.0225,97690,SYNTH
2026-04-24 16:46:16.481Z,30.0349,229480,SYNTH
2026-04-24 16:46:17.247Z,30.0303,221182,SYNTH
2026-04-24 16:46:18.191Z,30.0327,134223,SYNTH
2026-04-24 16:46:19.483Z,30.0499,116133,SYNTH
2026-04-24 16:46:20.734Z,30.0445,74333,SYNTH
2026-04-24 16:46:21.435Z,30.0627,54104,SYNTH
2026-04-24 16:46:22.402Z,30.0824,123577,SYNTH
2026-04-24 16:46:23.318Z,30.1170,97284,SYNTH
2026-04-24 16:46:24.842Z,30.1485,86568,SYNTH
2026-04-24 16:46:25.650Z,30.1653,76257,SYNTH
2026-04-24 16:46:26.507Z,30.2095,92526,SYNTH
2026-04-24 16:46:27.273Z,30.2383,118924,SYNTH
2026-04-24 16:46:28.360Z,30.2744,70729,SYNTH
2026-04-24 16:46:29.192Z,30.3034,80007,SYNTH
2026-04-24 16:46:30.214Z,30.3278,80126,SYNTH
2026-04-24 16:46:31.251Z,30.3762,60791,SYNTH
2026-04-24 16:46:32.474Z,30.4013,68820,SYNTH
2026-04-24 16:46:33.772Z,30.4172,58014,SYNTH
2026-04-24 16:46:34.348Z,30.4453,113415,SYNTH
2026-04-24 16:46:35.228Z,30.4690,78485,SYNTH
2026-04-24 16:46:36.117Z,30.4924,89507,SYNTH
2026-04-24 16:46:37.863Z,30.4998,131009,SYNTH
2026-04-24 16:46:38.112Z,30.5082,130026,SYNTH
2026-04-24 16:46:39.256Z,30.4923,220257,SYNTH
2026-04-24 16:46:40.292Z,30.5029,204470,SYNTH
2026-04-24 16:46:41.256Z,30.4722,130963,SYNTH
2026-04-24 16:46:42.029Z,30.4648,55446,SYNTH
2026-04-24 16:46:43.206Z,30.4518,67125,SYNTH
2026-04-24 16:46:44.257Z,30.4374,74662,SYNTH
2026-04-24 16:46:45.389Z,30.4217,184927,SYNTH
2026-04-24 16:46:46.384Z,30.4287,106763,SYNTH
2026-04-24 16:46:47.831Z,30.4165,109692,SYNTH
2026-04-24 16:46:48.376Z,30.4276,79060,SYNTH
2026-04-24 16:46:49.812Z,30.4161,130860,SYNTH
2026-04-24 16:46:50.495Z,30.4063,118657,SYNTH
2026-04-24 16:46:51.781Z,30.3979,105346,SYNTH
2026-04-24 16:46:52.820Z,30.3854,100348,SYNTH
2026-04-24 16:46:53.455Z,30.3932,92454,SYNTH
2026-04-24 16:46:54.580Z,30.3775,72229,SYNTH
2026-04-24 16:46:55.808Z,30.3651,160304,SYNTH
2026-04-24 16:46:56.370Z,30.3587,139581,SYNTH
2026-04-24 16:46:57.138Z,30.3584,150204,SYNTH
2026-04-24 16:46:58.680Z,30.3590,149953,SYNTH
2026-04-24 16:46:59.780Z,30.3546,97917,SYNTH
2026-04-24 16:47:00.526Z,30.3603,19094,SYNTH
2026-04-24 16:47:01.275Z,30.3592,24964,SYNTH
2026-04-24 16:47:02.058Z,30.3346,25592,SYNTH
2026-04-24 16:47:03.886Z,30.3271,19331,SYNTH
2026-04-24 16:47:04.588Z,30.3119,13324,SYNTH
2026-04-24 16:47:05.034Z,30.3033,18360,SYNTH
2026-04-24 16:47:06.126Z,30.2767,25047,SYNTH
2026-04-24 16:47:07.133Z,30.2580,15206,SYNTH
2026-04-24 16:47:08.061Z,30.2410,19138,SYNTH
2026-04-24 16:47:09.545Z,30.2281,21324,SYNTH
2026-04-24 16:47:10.209Z,30.2091,22180,SYNTH
2026-04-24 16:47:11.196Z,30.2188,57215,SYNTH
2026-04-24 16:47:12.274Z,30.2001,50952,SYNTH
2026-04-24 16:47:13.083Z,30.2232,35195,SYNTH
2026-04-24 16:47:14.872Z,30.2250,16502,SYNTH
2026-04-24 16:47:15.100Z,30.2343,13181,SYNTH
2026-04-24 16:47:16.658Z,30.2504,25393,SYNTH
2026-04-24 16:47:17.740Z,30.2446,18681,SYNTH
2026-04-24 16:47:18.794Z,30.2605,31512,SYNTH
2026-04-24 16:47:19.412Z,30.2663,25845,SYNTH
2026-04-24 16:47:20.879Z,30.2839,17104,SYNTH
2026-04-24 16:47:21.085Z,30.2994,15033,SYNTH
2026-04-24 16:47:22.352Z,30.3295,17876,SYNTH
2026-04-24 16:47:23.365Z,30.3508,13107,SYNTH
2026-04-24 16:47:24.006Z,30.3977,16418,SYNTH
2026-04-24 16:47:25.136Z,30.4318,15668,SYNTH
2026-04-24 16:47:26.389Z,30.4760,13605,SYNTH
2026-04-24 16:47:27.517Z,30.5173,17874,SYNTH
2026-04-24 16:47:28.602Z,30.5757,8064,SYNTH
2026-04-24 16:47:29.375Z,30.6163,18976,SYNTH
2026-04-24 16:47:30.833Z,30.6553,12050,SYNTH
2026-04-24 16:47:31.899Z,30.7023,8008,SYNTH
2026-04-24 16:47:32.695Z,30.7382,17794,SYNTH
2026-04-24 16:47:33.512Z,30.7855,16143,SYNTH
2026-04-24 16:47:34.278Z,30.8021,14915,SYNTH
2026-04-24 16:47:35.898Z,30.8357,8531,SYNTH
2026-04-24 16:47:36.539Z,30.8503,16663,SYNTH
2026-04-24 16:47:37.720Z,30.8739,34440,SYNTH
2026-04-24 16:47:38.025Z,30.8831,41969,SYNTH
2026-04-24 16:47:39.084Z,30.8723,48598,SYNTH
2026-04-24 16:47:40.679Z,30.8685,35461,SYNTH
2026-04-24 16:47:41.044Z,30.8501,20625,SYNTH
2026-04-24 16:47:42.137Z,30.8339,20316,SYNTH
2026-04-24 16:47:43.011Z,30.8069,15932,SYNTH
2026-04-24 16:47:44.403Z,30.7818,21894,SYNTH
2026-04-24 16:47:45.837Z,30.7666,25306,SYNTH
2026-04-24 16:47:46.300Z,30.7619,33961,SYNTH
2026-04-24 16:47:47.676Z,30.7709,22185,SYNTH
2026-04-24 16:47:48.076Z,30.7538,10990,SYNTH
2026-04-24 16:47:49.685Z,30.7432,16282,SYNTH
2026-04-24 16:47:50.816Z,30.7196,19180,SYNTH
2026-04-24 16:47:51.751Z,30.6983,24225,SYNTH
2026-04-24 16:47:52.433Z,30.6939,10677,SYNTH
2026-04-24 16:47:53.096Z,30.6634,23096,SYNTH
2026-04-24 16:47:54.324Z,30.6481,11209,SYNTH
2026-04-24 16:47:55.390Z,30.6273,16529,SYNTH
2026-04-24 16:47:56.786Z,30.6117,21833,SYNTH
2026-04-24 16:47:57.533Z,30.5942,13864,SYNTH
2026-04-24 16:47:58.235Z,30.5991,15819,SYNTH
2026-04-24 16:47:59.372Z,30.5842,27390,SYNTH
2026-04-24 16:48:00.601Z,30.5721,15873,SYNTH
2026-04-24 16:48:01.524Z,30.5733,14737,SYNTH
2026-04-24 16:48:02.587Z,30.5781,8256,SYNTH
2026-04-24 16:48:03.544Z,30.5855,10983,SYNTH
2026-04-24 16:48:04.191Z,30.6117,9418,SYNTH
2026-04-24 16:48:05.595Z,30.6187,7153,SYNTH
2026-04-24 16:48:06.295Z,30.6325,7484,SYNTH
2026-04-24 16:48:07.810Z,30.6626,9141,SYNTH
2026-04-24 16:48:08.856Z,30.6773,8100,SYNTH
2026-04-24 16:48:09.137Z,30.6881,10219,SYNTH
2026-04-24 16:48:10.796Z,30.6901,10977,SYNTH
2026-04-24 16:48:11.139Z,30.6970,18404,SYNTH
2026-04-24 16:48:12.759Z,30.7054,22868,SYNTH
2026-04-24 16:48:13.469Z,30.6994,22610,SYNTH
2026-04-24 16:48:14.046Z,30.6749,11450,SYNTH
2026-04-24 16:48:15.761Z,30.6861,10432,SYNTH
2026-04-24 16:48:16.023Z,30.6609,18434,SYNTH
2026-04-24 16:48:17.403Z,30.6453,13764,SYNTH
2026-04-24 16:48:18.730Z,30.6672,12214,SYNTH
2026-04-24 16:48:19.432Z,30.6437,17150,SYNTH
2026-04-24 16:48:20.010Z,30.6421,5460,SYNTH
2026-04-24 16:48:21.847Z,30.6238,5419,SYNTH
2026-04-24 16:48:22.890Z,30.5909,6956,SYNTH
2026-04-24 16:48:23.001Z,30.5724,10459,SYNTH
2026-04-24 16:48:24.858Z,30.5271,5438,SYNTH
2026-04-24 16:48:25.548Z,30.5019,6292,SYNTH
2026-04-24 16:48:26.217Z,30.4688,6438,SYNTH
2026-04-24 16:48:27.417Z,30.4284,4349,SYNTH
2026-04-24 16:48:28.770Z,30.3791,5913,SYNTH
2026-04-24 16:48:29.292Z,30.3503,6572,SYNTH
2026-04-24 16:48:30.716Z,30.2942,6781,SYNTH
2026-04-24 16:48:31.558Z,30.2698,4637,SYNTH
2026-04-24 16:48:32.278Z,30.2289,7243,SYNTH
2026-04-24 16:48:33.164Z,30.1937,6513,SYNTH
2026-04-24 16:48:34.515Z,30.1709,9818,SYNTH
2026-04-24 16:48:35.555Z,30.1491,10804,SYNTH
2026-04-24 16:48:36.798Z,30.1307,9465,SYNTH
2026-04-24 16:48:37.426Z,30.1234,17886,SYNTH
2026-04-24 16:48:38.573Z,30.1025,27674,SYNTH
2026-04-24 16:48:39.313Z,30.1134,24883,SYNTH
2026-04-24 16:48:40.111Z,30.1137,16598,SYNTH
2026-04-24 16:48:41.229Z,30.1279,10760,SYNTH
2026-04-24 16:48:42.876Z,30.1304,11065,SYNTH
2026-04-24 16:48:43.365Z,30.1444,5503,SYNTH
2026-04-24 16:48:44.663Z,30.1585,7470,SYNTH
2026-04-24 16:48:45.781Z,30.1606,13263,SYNTH
2026-04-24 16:48:46.324Z,30.1753,14344,SYNTH
2026-04-24 16:48:47.661Z,30.1757,16511,SYNTH
2026-04-24 16:48:48.545Z,30.1812,7171,SYNTH
2026-04-24 16:48:49.094Z,30.1737,9126,SYNTH
2026-04-24 16:48:50.471Z,30.2023,10764,SYNTH
2026-04-24 16:48:51.895Z,30.2134,8762,SYNTH
2026-04-24 16:48:52.484Z,30.2237,11394,SYNTH
2026-04-24 16:48:53.896Z,30.2349,13733,SYNTH
2026-04-24 16:48:54.241Z,30.2527,13845,SYNTH
2026-04-24 16:48:55.661Z,30.2778,14976,SYNTH
2026-04-24 16:48:56.894Z,30.2786,7244,SYNTH
2026-04-24 16:48:57.602Z,30.2850,16226,SYNTH
2026-04-24 16:48:58.503Z,30.3041,9506,SYNTH
2026-04-24 16:48:59.356Z,30.2909,11775,SYNTH
2026-04-24 16:49:00.059Z,30.3333,31222,SYNTH
2026-04-24 16:49:01.505Z,30.3154,18840,SYNTH
2026-04-24 16:49:02.307Z,30.3042,23254,SYNTH
2026-04-24 16:49:03.098Z,30.2635,23632,SYNTH
2026-04-24 16:49:04.543Z,30.2277,17852,SYNTH
2026-04-24 16:49:05.431Z,30.1882,14544,SYNTH
2026-04-24 16:49:06.698Z,30.1324,23197,SYNTH
2026-04-24 16:49:07.176Z,30.0808,18098,SYNTH
2026-04-24 16:49:08.256Z,30.0447,29789,SYNTH
2026-04-24 16:49:09.093Z,30.0016,22049,SYNTH
2026-04-24 16:49:10.101Z,29.9702,13338,SYNTH
2026-04-24 16:49:11.774Z,29.9621,59818,SYNTH
2026-04-24 16:49:12.195Z,29.9568,66991,SYNTH
2026-04-24 16:49:13.661Z,29.9511,58400,SYNTH
2026-04-24 16:49:14.144Z,29.9844,21549,SYNTH
2026-04-24 16:49:15.450Z,29.9950,19610,SYNTH
2026-04-24 16:49:16.281Z,30.0105,21984,SYNTH
2026-04-24 16:49:17.001Z,30.0293,43924,SYNTH
2026-04-24 16:49:18.356Z,30.0389,29485,SYNTH
2026-04-24 16:49:19.732Z,30.0420,37740,SYNTH
2026-04-24 16:49:20.450Z,30.0501,16653,SYNTH
2026-04-24 16:49:21.253Z,30.0730,18450,SYNTH
2026-04-24 16:49:22.200Z,30.0876,10530,SYNTH
2026-04-24 16:49:23.331Z,30.1042,14202,SYNTH
2026-04-24 16:49:24.415Z,30.1397,12932,SYNTH
2026-04-24 16:49:25.636Z,30.1633,18025,SYNTH
2026-04-24 16:49:26.470Z,30.2035,12421,SYNTH
2026-04-24 16:49:27.379Z,30.2386,18700,SYNTH
2026-04-24 16:49:28.064Z,30.2687,16411,SYNTH
2026-04-24 16:49:29.143Z,30.2985,19622,SYNTH
2026-04-24 16:49:30.638Z,30.3297,10062,SYNTH
2026-04-24 16:49:31.600Z,30.3603,9855,SYNTH
2026-04-24 16:49:32.132Z,30.3967,18202,SYNTH
2026-04-24 16:49:33.297Z,30.4218,10159,SYNTH
2026-04-24 16:49:34.406Z,30.4551,15725,SYNTH
2026-04-24 16:49:35.197Z,30.4763,20200,SYNTH
2026-04-24 16:49:36.026Z,30.4874,17412,SYNTH
2026-04-24 16:49:37.398Z,30.4931,34999,SYNTH
2026-04-24 16:49:38.667Z,30.4994,55166,SYNTH
2026-04-24 16:49:39.821Z,30.4923,38986,SYNTH
2026-04-24 16:49:40.116Z,30.4905,35939,SYNTH
2026-04-24 16:49:41.322Z,30.4854,17062,SYNTH
2026-04-24 16:49:42.422Z,30.4724,19366,SYNTH
2026-04-24 16:49:43.889Z,30.4816,23466,SYNTH
2026-04-24 16:49:44.733Z,30.4550,25265,SYNTH
2026-04-24 16:49:45.892Z,30.4690,34663,SYNTH
2026-04-24 16:49:46.451Z,30.4627,24418,SYNTH
2026-04-24 16:49:47.245Z,30.4529,40050,SYNTH
2026-04-24 16:49:48.092Z,30.4424,23301,SYNTH
2026-04-24 16:49:49.364Z,30.4361,25461,SYNTH
2026-04-24 16:49:50.682Z,30.4314,24740,SYNTH
2026-04-24 16:49:51.899Z,30.4168,23086,SYNTH
2026-04-24 16:49:52.564Z,30.4037,17037,SYNTH
2026-04-24 16:49:53.774Z,30.3782,14679,SYNTH
2026-04-24 16:49:54.117Z,30.3755,25649,SYNTH
2026-04-24 16:49:55.012Z,30.3538,32189,SYNTH
2026-04-24 16:49:56.569Z,30.3466,29463,SYNTH
2026-04-24 16:49:57.067Z,30.3286,24033,SYNTH
2026-04-24 16:49:58.378Z,30.3264,16058,SYNTH
2026-04-24 16:49:59.829Z,30.3358,30413,SYNTH
2026-04-24 16:50:00.601Z,30.3321,6924,SYNTH
2026-04-24 16:50:01.139Z,30.3284,6673,SYNTH
2026-04-24 16:50:02.348Z,30.3344,11679,SYNTH
2026-04-24 16:50:03.416Z,30.3404,6385,SYNTH
2026-04-24 16:50:04.332Z,30.3425,10188,SYNTH
2026-04-24 16:50:05.754Z,30.3318,5996,SYNTH
2026-04-24 16:50:06.495Z,30.3537,8106,SYNTH
2026-04-24 16:50:07.195Z,30.3419,5267,SYNTH
2026-04-24 16:50:08.080Z,30.3524,9851,SYNTH
2026-04-24 16:50:09.243Z,30.3565,11850,SYNTH
2026-04-24 16:50:10.159Z,30.3629,6090,SYNTH
2026-04-24 16:50:11.292Z,30.3489,29766,SYNTH
2026-04-24 16:50:12.187Z,30.3644,23341,SYNTH
2026-04-24 16:50:13.388Z,30.3579,16332,SYNTH
2026-04-24 16:50:14.572Z,30.3477,7887,SYNTH
2026-04-24 16:50:15.540Z,30.3576,5874,SYNTH
2026-04-24 16:50:16.131Z,30.3566,17686,SYNTH
2026-04-24 16:50:17.493Z,30.3463,13878,SYNTH
2026-04-24 16:50:18.045Z,30.3458,11280,SYNTH
2026-04-24 16:50:19.539Z,30.3465,17152,SYNTH
2026-04-24 16:50:20.024Z,30.3263,5531,SYNTH
2026-04-24 16:50:21.650Z,30.3207,7748,SYNTH
2026-04-24 16:50:22.407Z,30.3064,6259,SYNTH
2026-04-24 16:50:23.303Z,30.2864,4025,SYNTH
2026-04-24 16:50:24.497Z,30.2639,8108,SYNTH
2026-04-24 16:50:25.256Z,30.2535,4830,SYNTH
2026-04-24 16:50:26.278Z,30.2196,9171,SYNTH
2026-04-24 16:50:27.226Z,30.1903,6653,SYNTH
2026-04-24 16:50:28.737Z,30.1638,7734,SYNTH
2026-04-24 16:50:29.526Z,30.1475,5822,SYNTH
2026-04-24 16:50:30.412Z,30.1183,6373,SYNTH
2026-04-24 16:50:31.676Z,30.0952,6308,SYNTH
2026-04-24 16:50:32.423Z,30.0712,4431,SYNTH
2026-04-24 16:50:33.107Z,30.0646,7551,SYNTH
2026-04-24 16:50:34.046Z,30.0409,7976,SYNTH
2026-04-24 16:50:35.893Z,30.0148,6346,SYNTH
2026-04-24 16:50:36.528Z,30.0087,7410,SYNTH
2026-04-24 16:50:37.859Z,30.0011,11456,SYNTH
2026-04-24 16:50:38.684Z,30.0012,11586,SYNTH
2026-04-24 16:50:39.354Z,29.9936,23657,SYNTH
2026-04-24 16:50:40.660Z,30.0156,25353,SYNTH
2026-04-24 16:50:41.698Z,30.0244,5458,SYNTH
2026-04-24 16:50:42.271Z,30.0140,8394,SYNTH
2026-04-24 16:50:43.119Z,30.0418,6171,SYNTH
2026-04-24 16:50:44.709Z,30.0434,6128,SYNTH
2026-04-24 16:50:45.127Z,30.0463,9435,SYNTH
2026-04-24 16:50:46.558Z,30.0464,11214,SYNTH
2026-04-24 16:50:47.524Z,30.0608,13851,SYNTH
2026-04-24 16:50:48.511Z,30.0491,11725,SYNTH
2026-04-24 16:50:49.667Z,30.0596,10397,SYNTH
2026-04-24 16:50:50.660Z,30.0670,12251,SYNTH
2026-04-24 16:50:51.652Z,30.0592,8333,SYNTH
2026-04-24 16:50:52.244Z,30.0803,12383,SYNTH
2026-04-24 16:50:53.552Z,30.0857,7332,SYNTH
2026-04-24 16:50:54.242Z,30.0780,12895,SYNTH
2026-04-24 16:50:55.576Z,30.0917,10272,SYNTH
2026-04-24 16:50:56.152Z,30.1008,9627,SYNTH
2026-04-24 16:50:57.456Z,30.0908,7915,SYNTH
2026-04-24 16:50:58.136Z,30.0890,9748,SYNTH
2026-04-24 16:50:59.767Z,30.1023,9283,SYNTH
2026-04-24 16:51:00.892Z,30.1519,16752,SYNTH
2026-04-24 16:51:01.498Z,30.1559,11266,SYNTH
2026-04-24 16:51:02.166Z,30.1295,18605,SYNTH
2026-04-24 16:51:03.734Z,30.1156,12267,SYNTH
2026-04-24 16:51:04.649Z,30.1087,8236,SYNTH
2026-04-24 16:51:05.280Z,30.0920,10577,SYNTH
2026-04-24 16:51:06.778Z,30.0630,10906,SYNTH
2026-04-24 16:51:07.569Z,30.0520,10428,SYNTH
2026-04-24 16:51:08.473Z,30.0289,16274,SYNTH
2026-04-24 16:51:09.373Z,30.0247,13483,SYNTH
2026-04-24 16:51:10.142Z,29.9993,12904,SYNTH
2026-04-24 16:51:11.356Z,30.0093,15355,SYNTH
2026-04-24 16:51:12.621Z,29.9961,16214,SYNTH
2026-04-24 16:51:13.361Z,29.9949,16408,SYNTH
2026-04-24 16:51:14.870Z,30.0302,12540,SYNTH
2026-04-24 16:51:15.871Z,30.0325,12671,SYNTH
2026-04-24 16:51:16.087Z,30.0477,11505,SYNTH
2026-04-24 16:51:17.776Z,30.0547,15983,SYNTH
2026-04-24 16:51:18.663Z,30.0674,12464,SYNTH
2026-04-24 16:51:19.342Z,30.0720,13223,SYNTH
2026-04-24 16:51:20.623Z,30.0757,6955,SYNTH
2026-04-24 16:51:21.187Z,30.0819,9077,SYNTH
2026-04-24 16:51:22.602Z,30.0916,11797,SYNTH
2026-04-24 16:51:23.592Z,30.1036,6284,SYNTH
2026-04-24 16:51:24.668Z,30.1113,12083,SYNTH
2026-04-24 16:51:25.203Z,30.1282,7984,SYNTH
2026-04-24 16:51:26.820Z,30.1480,11167,SYNTH
2026-04-24 16:51:27.528Z,30.1526,8114,SYNTH
2026-04-24 16:51:28.765Z,30.1745,5918,SYNTH
2026-04-24 16:51:29.322Z,30.1820,7952,SYNTH
2026-04-24 16:51:30.747Z,30.1977,9650,SYNTH
2026-04-24 16:51:31.129Z,30.2241,9302,SYNTH
2026-04-24 16:51:32.040Z,30.2393,10912,SYNTH
2026-04-24 16:51:33.237Z,30.2489,7206,SYNTH
2026-04-24 16:51:34.115Z,30.2661,12169,SYNTH
2026-04-24 16:51:35.117Z,30.2665,5059,SYNTH
2026-04-24 16:51:36.001Z,30.2708,7745,SYNTH
2026-04-24 16:51:37.324Z,30.2799,17051,SYNTH
2026-04-24 16:51:38.388Z,30.2778,20652,SYNTH
2026-04-24 16:51:39.309Z,30.2687,19194,SYNTH
2026-04-24 16:51:40.499Z,30.2785,24166,SYNTH
2026-04-24 16:51:41.671Z,30.2665,8087,SYNTH
2026-04-24 16:51:42.326Z,30.2601,7928,SYNTH
2026-04-24 16:51:43.431Z,30.2551,8932,SYNTH
2026-04-24 16:51:44.210Z,30.2476,9514,SYNTH
2026-04-24 16:51:45.550Z,30.2612,12235,SYNTH
2026-04-24 16:51:46.888Z,30.2558,14391,SYNTH
2026-04-24 16:51:47.665Z,30.2477,21745,SYNTH
2026-04-24 16:51:48.643Z,30.2407,11061,SYNTH
2026-04-24 16:51:49.025Z,30.2373,7031,SYNTH
2026-04-24 16:51:50.798Z,30.2304,9487,SYNTH
2026-04-24 16:51:51.602Z,30.2216,6533,SYNTH
2026-04-24 16:51:52.600Z,30.2144,7978,SYNTH
2026-04-24 16:51:53.495Z,30.2001,8387,SYNTH
2026-04-24 16:51:54.233Z,30.1994,14943,SYNTH
2026-04-24 16:51:55.033Z,30.1797,12936,SYNTH
2026-04-24 16:51:56.292Z,30.1814,16265,SYNTH
2026-04-24 16:51:57.395Z,30.1869,10590,SYNTH
2026-04-24 16:51:58.063Z,30.1649,11566,SYNTH
2026-04-24 16:51:59.562Z,30.1719,18829,SYNTH
2026-04-24 16:52:00.104Z,30.1572,10408,SYNTH
2026-04-24 16:52:01.651Z,30.1648,13100,SYNTH
2026-04-24 16:52:02.167Z,30.1475,6736,SYNTH
2026-04-24 16:52:03.426Z,30.1644,15808,SYNTH
2026-04-24 16:52:04.689Z,30.1622,11015,SYNTH
2026-04-24 16:52:05.736Z,30.1497,8402,SYNTH
2026-04-24 16:52:06.763Z,30.1592,13449,SYNTH
2026-04-24 16:52:07.400Z,30.1456,7966,SYNTH
2026-04-24 16:52:08.458Z,30.1431,10939,SYNTH
2026-04-24 16:52:09.040Z,30.1514,13467,SYNTH
2026-04-24 16:52:10.081Z,30.1586,9719,SYNTH
2026-04-24 16:52:11.377Z,30.1436,25404,SYNTH
2026-04-24 16:52:12.852Z,30.1530,25214,SYNTH
2026-04-24 16:52:13.132Z,30.1450,14380,SYNTH
2026-04-24 16:52:14.801Z,30.1428,5353,SYNTH
2026-04-24 16:52:15.182Z,30.1606,5587,SYNTH
2026-04-24 16:52:16.452Z,30.1416,11424,SYNTH
2026-04-24 16:52:17.417Z,30.1587,9341,SYNTH
2026-04-24 16:52:18.817Z,30.1502,8838,SYNTH
2026-04-24 16:52:19.533Z,30.1479,12427,SYNTH
2026-04-24 16:52:20.086Z,30.1601,10688,SYNTH
2026-04-24 16:52:21.158Z,30.1857,8959,SYNTH
2026-04-24 16:52:22.364Z,30.2018,9347,SYNTH
2026-04-24 16:52:23.589Z,30.2149,6574,SYNTH
2026-04-24 16:52:24.800Z,30.2341,10955,SYNTH
2026-04-24 16:52:25.477Z,30.2511,10976,SYNTH
2026-04-24 16:52:26.807Z,30.2736,9953,SYNTH
2026-04-24 16:52:27.860Z,30.3008,9937,SYNTH
2026-04-24 16:52:28.449Z,30.3291,8816,SYNTH
2026-04-24 16:52:29.697Z,30.3508,10763,SYNTH
2026-04-24 16:52:30.866Z,30.3802,8628,SYNTH
2026-04-24 16:52:31.059Z,30.4036,9377,SYNTH
2026-04-24 16:52:32.093Z,30.4174,6294,SYNTH
2026-04-24 16:52:33.172Z,30.4520,6958,SYNTH
2026-04-24 16:52:34.302Z,30.4570,9608,SYNTH
2026-04-24 16:52:35.597Z,30.4786,9078,SYNTH
2026-04-24 16:52:36.616Z,30.4978,6756,SYNTH
2026-04-24 16:52:37.536Z,30.5009,24284,SYNTH
2026-04-24 16:52:38.235Z,30.5074,18958,SYNTH
2026-04-24 16:52:39.545Z,30.4929,13075,SYNTH
2026-04-24 16:52:40.327Z,30.4860,20187,SYNTH
2026-04-24 16:52:41.256Z,30.4683,8470,SYNTH
2026-04-24 16:52:42.715Z,30.4633,9315,SYNTH
2026-04-24 16:52:43.434Z,30.4534,5043,SYNTH
2026-04-24 16:52:44.026Z,30.4396,7449,SYNTH
2026-04-24 16:52:45.894Z,30.4339,15652,SYNTH
2026-04-24 16:52:46.886Z,30.4294,8564,SYNTH
2026-04-24 16:52:47.667Z,30.4225,14311,SYNTH
2026-04-24 16:52:48.892Z,30.4104,7076,SYNTH
2026-04-24 16:52:49.630Z,30.4030,5979,SYNTH
2026-04-24 16:52:50.389Z,30.3820,8345,SYNTH
2026-04-24 16:52:51.156Z,30.3562,10479,SYNTH
2026-04-24 16:52:52.810Z,30.3428,9381,SYNTH
2026-04-24 16:52:53.829Z,30.3185,12334,SYNTH
2026-04-24 16:52:54.804Z,30.3001,8654,SYNTH
2026-04-24 16:52:55.372Z,30.2810,14416,SYNTH
2026-04-24 16:52:56.468Z,30.2528,11039,SYNTH
2026-04-24 16:52:57.804Z,30.2584,9631,SYNTH
2026-04-24 16:52:58.049Z,30.2348,10835,SYNTH
2026-04-24 16:52:59.839Z,30.2442,16250,SYNTH
2026-04-24 16:53:00.558Z,30.2495,12834,SYNTH
2026-04-24 16:53:01.694Z,30.2378,10640,SYNTH
2026-04-24 16:53:02.243Z,30.2468,12775,SYNTH
2026-04-24 16:53:03.690Z,30.2480,12362,SYNTH
2026-04-24 16:53:04.101Z,30.2339,14870,SYNTH
2026-04-24 16:53:05.080Z,30.2287,10569,SYNTH
2026-04-24 16:53:06.472Z,30.2336,7463,SYNTH
2026-04-24 16:53:07.547Z,30.2117,14537,SYNTH
2026-04-24 16:53:08.679Z,30.2140,6729,SYNTH
2026-04-24 16:53:09.732Z,30.2059,9824,SYNTH
2026-04-24 16:53:10.372Z,30.2184,11288,SYNTH
2026-04-24 16:53:11.713Z,30.2014,26852,SYNTH
2026-04-24 16:53:12.341Z,30.2149,17031,SYNTH
2026-04-24 16:53:13.793Z,30.2055,21541,SYNTH
2026-04-24 16:53:14.808Z,30.2152,10138,SYNTH
2026-04-24 16:53:15.739Z,30.2124,11660,SYNTH
2026-04-24 16:53:16.695Z,30.2229,14637,SYNTH
2026-04-24 16:53:17.376Z,30.2303,20269,SYNTH
2026-04-24 16:53:18.136Z,30.2162,15521,SYNTH
2026-04-24 16:53:19.415Z,30.2261,16549,SYNTH
2026-04-24 16:53:20.760Z,30.2434,8283,SYNTH
2026-04-24 16:53:21.666Z,30.2613,5874,SYNTH
2026-04-24 16:53:22.058Z,30.2861,6620,SYNTH
2026-04-24 16:53:23.632Z,30.3146,10979,SYNTH
2026-04-24 16:53:24.776Z,30.3585,5286,SYNTH
2026-04-24 16:53:25.223Z,30.3966,8095,SYNTH
2026-04-24 16:53:26.660Z,30.4249,5265,SYNTH
2026-04-24 16:53:27.221Z,30.4693,5189,SYNTH
2026-04-24 16:53:28.259Z,30.5076,8603,SYNTH
2026-04-24 16:53:29.683Z,30.5613,8970,SYNTH
2026-04-24 16:53:30.206Z,30.5952,5128,SYNTH
2026-04-24 16:53:31.273Z,30.6309,8446,SYNTH
2026-04-24 16:53:32.432Z,30.6679,5807,SYNTH
2026-04-24 16:53:33.313Z,30.7023,9377,SYNTH
2026-04-24 16:53:34.602Z,30.7342,4512,SYNTH
2026-04-24 16:53:35.680Z,30.7611,6008,SYNTH
2026-04-24 16:53:36.897Z,30.7856,10604,SYNTH
2026-04-24 16:53:37.159Z,30.7963,26869,SYNTH
2026-04-24 16:53:38.546Z,30.7964,15909,SYNTH
2026-04-24 16:53:39.613Z,30.7973,15335,SYNTH
2026-04-24 16:53:40.188Z,30.7820,23046,SYNTH
2026-04-24 16:53:41.335Z,30.7833,5696,SYNTH
2026-04-24 16:53:42.504Z,30.7715,10127,SYNTH
2026-04-24 16:53:43.725Z,30.7534,11848,SYNTH
2026-04-24 16:53:44.892Z,30.7399,12191,SYNTH
2026-04-24 16:53:45.572Z,30.7399,17184,SYNTH
2026-04-24 16:53:46.848Z,30.7370,13823,SYNTH
2026-04-24 16:53:47.097Z,30.7419,13085,SYNTH
2026-04-24 16:53:48.404Z,30.7288,13283,SYNTH
2026-04-24 16:53:49.486Z,30.7477,8469,SYNTH
2026-04-24 16:53:50.487Z,30.7455,11219,SYNTH
2026-04-24 16:53:51.406Z,30.7577,9472,SYNTH
2026-04-24 16:53:52.178Z,30.7610,11825,SYNTH
2026-04-24 16:53:53.273Z,30.7757,12385,SYNTH
2026-04-24 16:53:54.467Z,30.7793,7593,SYNTH
2026-04-24 16:53:55.206Z,30.7906,7132,SYNTH
2026-04-24 16:53:56.796Z,30.7932,10059,SYNTH
2026-04-24 16:53:57.312Z,30.7945,15532,SYNTH
2026-04-24 16:53:58.699Z,30.8001,11797,SYNTH
2026-04-24 16:53:59.181Z,30.8027,8167,SYNTH
2026-04-24 16:54:00.683Z,30.8015,6924,SYNTH
2026-04-24 16:54:01.777Z,30.7981,7055,SYNTH
2026-04-24 16:54:02.438Z,30.8103,10642,SYNTH
2026-04-24 16:54:03.332Z,30.7974,11588,SYNTH
2026-04-24 16:54:04.386Z,30.8098,12632,SYNTH
2026-04-24 16:54:05.429Z,30.8135,8624,SYNTH
2026-04-24 16:54:06.402Z,30.8120,11323,SYNTH
2026-04-24 16:54:07.294Z,30.8062,12854,SYNTH
2026-04-24 16:54:08.779Z,30.7993,11507,SYNTH
2026-04-24 16:54:09.342Z,30.7996,12351,SYNTH
2026-04-24 16:54:10.201Z,30.8088,6148,SYNTH
2026-04-24 16:54:11.106Z,30.8017,28985,SYNTH
2026-04-24 16:54:12.369Z,30.8190,12107,SYNTH
2026-04-24 16:54:13.350Z,30.8056,22447,SYNTH
2026-04-24 16:54:14.123Z,30.8114,8914,SYNTH
2026-04-24 16:54:15.039Z,30.8017,10469,SYNTH
2026-04-24 16:54:16.074Z,30.8088,13570,SYNTH
2026-04-24 16:54:17.006Z,30.8124,9166,SYNTH
2026-04-24 16:54:18.409Z,30.8039,17875,SYNTH
2026-04-24 16:54:19.486Z,30.8013,15312,SYNTH
2026-04-24 16:54:20.257Z,30.7841,7058,SYNTH
2026-04-24 16:54:21.006Z,30.7589,5200,SYNTH
2026-04-24 16:54:22.731Z,30.7201,7904,SYNTH
2026-04-24 16:54:23.886Z,30.6834,4663,SYNTH
2026-04-24 16:54:24.216Z,30.6531,4652,SYNTH
2026-04-24 16:54:25.016Z,30.5978,6644,SYNTH
2026-04-24 16:54:26.768Z,30.5442,7088,SYNTH
2026-04-24 16:54:27.098Z,30.4992,4998,SYNTH
2026-04-24 16:54:28.039Z,30.4605,6443,SYNTH
2026-04-24 16:54:29.246Z,30.4003,5536,SYNTH
2026-04-24 16:54:30.724Z,30.3550,5050,SYNTH
2026-04-24 16:54:31.471Z,30.2990,4041,SYNTH
2026-04-24 16:54:32.527Z,30.2597,6611,SYNTH
2026-04-24 16:54:33.549Z,30.2080,5000,SYNTH
2026-04-24 16:54:34.140Z,30.1726,8691,SYNTH
2026-04-24 16:54:35.150Z,30.1443,4808,SYNTH
2026-04-24 16:54:36.387Z,30.1174,4766,SYNTH
2026-04-24 16:54:37.515Z,30.0993,22705,SYNTH
2026-04-24 16:54:38.607Z,30.1099,12397,SYNTH
2026-04-24 16:54:39.728Z,30.0972,22622,SYNTH
2026-04-24 16:54:40.457Z,30.1094,12236,SYNTH
2026-04-24 16:54:41.812Z,30.1350,10559,SYNTH
2026-04-24 16:54:42.109Z,30.1410,7307,SYNTH
2026-04-24 16:54:43.617Z,30.1555,6369,SYNTH
2026-04-24 16:54:44.263Z,30.1780,8840,SYNTH
2026-04-24 16:54:45.695Z,30.1944,11743,SYNTH
2026-04-24 16:54:46.462Z,30.1871,8285,SYNTH
2026-04-24 16:54:47.471Z,30.1844,12517,SYNTH
2026-04-24 16:54:48.844Z,30.2040,8268,SYNTH
2026-04-24 16:54:49.431Z,30.2126,8537,SYNTH
2026-04-24 16:54:50.328Z,30.2270,7928,SYNTH
2026-04-24 16:54:51.308Z,30.2465,11182,SYNTH
2026-04-24 16:54:52.196Z,30.2789,10764,SYNTH
2026-04-24 16:54:53.896Z,30.2897,6160,SYNTH
2026-04-24 16:54:54.118Z,30.3094,6114,SYNTH
2026-04-24 16:54:55.483Z,30.3322,13176,SYNTH
2026-04-24 16:54:56.008Z,30.3533,10576,SYNTH
2026-04-24 16:54:57.650Z,30.3591,11216,SYNTH
2026-04-24 16:54:58.105Z,30.3723,11455,SYNTH
2026-04-24 16:54:59.367Z,30.3710,14145,SYNTH
2026-04-24 16:55:00.078Z,30.3152,8158,SYNTH
2026-04-24 16:55:01.030Z,30.3045,5850,SYNTH
2026-04-24 16:55:02.785Z,30.3154,8322,SYNTH
2026-04-24 16:55:03.736Z,30.3061,4101,SYNTH
2026-04-24 16:55:04.867Z,30.2961,3460,SYNTH
2026-04-24 16:55:05.557Z,30.2865,4849,SYNTH
2026-04-24 16:55:06.589Z,30.2971,4081,SYNTH
2026-04-24 16:55:07.150Z,30.2792,6902,SYNTH
2026-04-24 16:55:08.187Z,30.2709,6613,SYNTH
2026-04-24 16:55:09.360Z,30.2628,2984,SYNTH
2026-04-24 16:55:10.677Z,30.2517,4993,SYNTH
2026-04-24 16:55:11.528Z,30.2589,13079,SYNTH
2026-04-24 16:55:12.465Z,30.2688,8651,SYNTH
2026-04-24 16:55:13.318Z,30.2543,7301,SYNTH
2026-04-24 16:55:14.302Z,30.2730,5853,SYNTH
2026-04-24 16:55:15.421Z,30.2713,3142,SYNTH
2026-04-24 16:55:16.583Z,30.2746,10896,SYNTH
2026-04-24 16:55:17.758Z,30.2824,6406,SYNTH
2026-04-24 16:55:18.504Z,30.2825,7810,SYNTH
2026-04-24 16:55:19.207Z,30.2834,8183,SYNTH
2026-04-24 16:55:20.750Z,30.3042,4108,SYNTH
2026-04-24 16:55:21.041Z,30.3160,3039,SYNTH
2026-04-24 16:55:22.272Z,30.3300,3019,SYNTH
2026-04-24 16:55:23.366Z,30.3689,5130,SYNTH
2026-04-24 16:55:24.154Z,30.3890,4768,SYNTH
2026-04-24 16:55:25.273Z,30.4176,5395,SYNTH
2026-04-24 16:55:26.521Z,30.4547,4988,SYNTH
2026-04-24 16:55:27.731Z,30.4909,2834,SYNTH
2026-04-24 16:55:28.216Z,30.5207,5083,SYNTH
2026-04-24 16:55:29.859Z,30.5668,3100,SYNTH
2026-04-24 16:55:30.637Z,30.5927,5409,SYNTH
2026-04-24 16:55:31.133Z,30.6267,5165,SYNTH
2026-04-24 16:55:32.257Z,30.6637,5683,SYNTH
2026-04-24 16:55:33.422Z,30.6969,3103,SYNTH
2026-04-24 16:55:34.436Z,30.7193,5587,SYNTH
2026-04-24 16:55:35.775Z,30.7410,3296,SYNTH
2026-04-24 16:55:36.622Z,30.7547,4606,SYNTH
2026-04-24 16:55:37.512Z,30.7730,12639,SYNTH
2026-04-24 16:55:38.729Z,30.7648,7125,SYNTH
2026-04-24 16:55:39.728Z,30.7755,10727,SYNTH
2026-04-24 16:55:40.482Z,30.7536,7861,SYNTH
2026-04-24 16:55:41.729Z,30.7529,4156,SYNTH
2026-04-24 16:55:42.278Z,30.7425,4762,SYNTH
2026-04-24 16:55:43.307Z,30.7163,3780,SYNTH
2026-04-24 16:55:44.698Z,30.7248,5916,SYNTH
2026-04-24 16:55:45.305Z,30.7127,7168,SYNTH
2026-04-24 16:55:46.860Z,30.7048,4227,SYNTH
2026-04-24 16:55:47.621Z,30.7135,6886,SYNTH
2026-04-24 16:55:48.145Z,30.7019,5667,SYNTH
2026-04-24 16:55:49.151Z,30.6936,4463,SYNTH
2026-04-24 16:55:50.369Z,30.7012,6110,SYNTH
2026-04-24 16:55:51.677Z,30.6822,5781,SYNTH
2026-04-24 16:55:52.230Z,30.6823,4384,SYNTH
2026-04-24 16:55:53.800Z,30.6731,4813,SYNTH
2026-04-24 16:55:54.253Z,30.6640,3996,SYNTH
2026-04-24 16:55:55.525Z,30.6561,3971,SYNTH
2026-04-24 16:55:56.675Z,30.6499,5563,SYNTH
2026-04-24 16:55:57.369Z,30.6639,8416,SYNTH
2026-04-24 16:55:58.047Z,30.6453,6134,SYNTH
2026-04-24 16:55:59.212Z,30.6509,4768,SYNTH
2026-04-24 16:56:00.421Z,30.6780,6544,SYNTH
2026-04-24 16:56:01.201Z,30.6633,6952,SYNTH
2026-04-24 16:56:02.281Z,30.6800,4421,SYNTH
2026-04-24 16:56:03.651Z,30.6842,8241,SYNTH
2026-04-24 16:56:04.010Z,30.6870,5005,SYNTH
2026-04-24 16:56:05.812Z,30.6789,6348,SYNTH
2026-04-24 16:56:06.242Z,30.6942,7032,SYNTH
2026-04-24 16:56:07.278Z,30.6927,6684,SYNTH
2026-04-24 16:56:08.126Z,30.6874,7738,SYNTH
2026-04-24 16:56:09.426Z,30.7003,4033,SYNTH
2026-04-24 16:56:10.197Z,30.6897,3821,SYNTH
2026-04-24 16:56:11.176Z,30.7075,10752,SYNTH
2026-04-24 16:56:12.416Z,30.6916,13691,SYNTH
2026-04-24 16:56:13.341Z,30.6926,12363,SYNTH
2026-04-24 16:56:14.730Z,30.7015,3867,SYNTH
2026-04-24 16:56:15.628Z,30.6895,5918,SYNTH
2026-04-24 16:56:16.259Z,30.7026,8036,SYNTH
2026-04-24 16:56:17.426Z,30.6885,5130,SYNTH
2026-04-24 16:56:18.014Z,30.6806,5440,SYNTH
2026-04-24 16:56:19.511Z,30.6975,8049,SYNTH
2026-04-24 16:56:20.434Z,30.6785,6281,SYNTH
2026-04-24 16:56:21.851Z,30.6647,6057,SYNTH
2026-04-24 16:56:22.530Z,30.6434,4683,SYNTH
2026-04-24 16:56:23.081Z,30.6149,5467,SYNTH
2026-04-24 16:56:24.598Z,30.5933,4128,SYNTH
2026-04-24 16:56:25.545Z,30.5763,5041,SYNTH
2026-04-24 16:56:26.105Z,30.5453,4266,SYNTH
2026-04-24 16:56:27.410Z,30.5070,2850,SYNTH
2026-04-24 16:56:28.646Z,30.4749,3402,SYNTH
2026-04-24 16:56:29.033Z,30.4502,3363,SYNTH
2026-04-24 16:56:30.502Z,30.4299,4855,SYNTH
2026-04-24 16:56:31.619Z,30.3965,2652,SYNTH
2026-04-24 16:56:32.311Z,30.3779,4573,SYNTH
2026-04-24 16:56:33.242Z,30.3461,4446,SYNTH
2026-04-24 16:56:34.378Z,30.3212,4244,SYNTH
2026-04-24 16:56:35.210Z,30.3162,4077,SYNTH
2026-04-24 16:56:36.692Z,30.3008,3680,SYNTH
2026-04-24 16:56:37.456Z,30.2744,9881,SYNTH
2026-04-24 16:56:38.410Z,30.2818,6511,SYNTH
2026-04-24 16:56:39.684Z,30.2887,8713,SYNTH
2026-04-24 16:56:40.649Z,30.2934,9568,SYNTH
2026-04-24 16:56:41.303Z,30.2961,2897,SYNTH
2026-04-24 16:56:42.881Z,30.3099,5149,SYNTH
2026-04-24 16:56:43.074Z,30.3199,3178,SYNTH
2026-04-24 16:56:44.864Z,30.3261,5674,SYNTH
2026-04-24 16:56:45.164Z,30.3283,6704,SYNTH
2026-04-24 16:56:46.843Z,30.3369,5992,SYNTH
2026-04-24 16:56:47.587Z,30.3336,10872,SYNTH
2026-04-24 16:56:48.513Z,30.3514,5628,SYNTH
2026-04-24 16:56:49.638Z,30.3450,3726,SYNTH
2026-04-24 16:56:50.218Z,30.3626,7822,SYNTH
2026-04-24 16:56:51.229Z,30.3733,3604,SYNTH
2026-04-24 16:56:52.224Z,30.3934,6067,SYNTH
2026-04-24 16:56:53.082Z,30.4153,5751,SYNTH
2026-04-24 16:56:54.388Z,30.4258,7674,SYNTH
2026-04-24 16:56:55.674Z,30.4431,6125,SYNTH
2026-04-24 16:56:56.201Z,30.4521,6726,SYNTH
2026-04-24 16:56:57.855Z,30.4592,5435,SYNTH
2026-04-24 16:56:58.031Z,30.4647,5094,SYNTH
2026-04-24 16:56:59.859Z,30.4760,8645,SYNTH
2026-04-24 16:57:00.403Z,30.5522,8842,SYNTH
2026-04-24 16:57:01.107Z,30.5557,4514,SYNTH
2026-04-24 16:57:02.191Z,30.5375,6396,SYNTH
2026-04-24 16:57:03.613Z,30.5293,4482,SYNTH
2026-04-24 16:57:04.102Z,30.5165,4518,SYNTH
2026-04-24 16:57:05.748Z,30.5091,3810,SYNTH
2026-04-24 16:57:06.126Z,30.4924,6808,SYNTH
2026-04-24 16:57:07.811Z,30.4810,3769,SYNTH
2026-04-24 16:57:08.547Z,30.4710,6127,SYNTH
2026-04-24 16:57:09.307Z,30.4565,6557,SYNTH
2026-04-24 16:57:10.171Z,30.4352,5734,SYNTH
2026-04-24 16:57:11.768Z,30.4467,12358,SYNTH
2026-04-24 16:57:12.663Z,30.4411,13395,SYNTH
2026-04-24 16:57:13.629Z,30.4513,13355,SYNTH
2026-04-24 16:57:14.141Z,30.4430,5738,SYNTH
2026-04-24 16:57:15.256Z,30.4528,3465,SYNTH
2026-04-24 16:57:16.585Z,30.4637,6993,SYNTH
2026-04-24 16:57:17.119Z,30.4671,4731,SYNTH
2026-04-24 16:57:18.505Z,30.4764,7571,SYNTH
2026-04-24 16:57:19.613Z,30.4720,8526,SYNTH
2026-04-24 16:57:20.849Z,30.4965,4082,SYNTH
2026-04-24 16:57:21.867Z,30.5255,2837,SYNTH
2026-04-24 16:57:22.422Z,30.5569,5371,SYNTH
2026-04-24 16:57:23.013Z,30.6003,5408,SYNTH
2026-04-24 16:57:24.047Z,30.6529,5481,SYNTH
2026-04-24 16:57:25.860Z,30.7029,3416,SYNTH
2026-04-24 16:57:26.437Z,30.7401,3087,SYNTH
2026-04-24 16:57:27.763Z,30.8072,5569,SYNTH
2026-04-24 16:57:28.211Z,30.8650,3976,SYNTH
2026-04-24 16:57:29.195Z,30.9189,3200,SYNTH
2026-04-24 16:57:30.842Z,30.9698,4990,SYNTH
2026-04-24 16:57:31.568Z,31.0244,4668,SYNTH
2026-04-24 16:57:32.629Z,31.0600,4349,SYNTH
2026-04-24 16:57:33.451Z,31.1194,5206,SYNTH
2026-04-24 16:57:34.529Z,31.1613,5054,SYNTH
2026-04-24 16:57:35.492Z,31.1944,2838,SYNTH
2026-04-24 16:57:36.193Z,31.2139,3377,SYNTH
2026-04-24 16:57:37.531Z,31.2295,7437,SYNTH
2026-04-24 16:57:38.016Z,31.2352,12561,SYNTH
2026-04-24 16:57:39.838Z,31.2465,12122,SYNTH
2026-04-24 16:57:40.581Z,31.2226,7597,SYNTH
2026-04-24 16:57:41.565Z,31.2114,4922,SYNTH
2026-04-24 16:57:42.789Z,31.1978,6178,SYNTH
2026-04-24 16:57:43.322Z,31.1878,3364,SYNTH
2026-04-24 16:57:44.046Z,31.1763,4601,SYNTH
2026-04-24 16:57:45.708Z,31.1606,6845,SYNTH
2026-04-24 16:57:46.710Z,31.1517,5299,SYNTH
2026-04-24 16:57:47.800Z,31.1599,5010,SYNTH
2026-04-24 16:57:48.676Z,31.1701,3063,SYNTH
2026-04-24 16:57:49.657Z,31.1808,7157,SYNTH
2026-04-24 16:57:50.353Z,31.1639,5723,SYNTH
2026-04-24 16:57:51.199Z,31.1736,3512,SYNTH
2026-04-24 16:57:52.011Z,31.1873,5706,SYNTH
2026-04-24 16:57:53.809Z,31.1705,6843,SYNTH
2026-04-24 16:57:54.783Z,31.1796,5173,SYNTH
2026-04-24 16:57:55.411Z,31.1873,7170,SYNTH
2026-04-24 16:57:56.807Z,31.1989,6060,SYNTH
2026-04-24 16:57:57.456Z,31.2009,7057,SYNTH
2026-04-24 16:57:58.351Z,31.1889,6962,SYNTH
2026-04-24 16:57:59.008Z,31.1993,5149,SYNTH
2026-04-24 16:58:00.668Z,31.1734,8709,SYNTH
2026-04-24 16:58:01.077Z,31.1598,7570,SYNTH
2026-04-24 16:58:02.431Z,31.1824,11206,SYNTH
2026-04-24 16:58:03.575Z,31.1935,9097,SYNTH
2026-04-24 16:58:04.477Z,31.2073,5878,SYNTH
2026-04-24 16:58:05.835Z,31.2233,6982,SYNTH
2026-04-24 16:58:06.077Z,31.2643,11095,SYNTH
2026-04-24 16:58:07.162Z,31.2646,9545,SYNTH
2026-04-24 16:58:08.360Z,31.2935,4985,SYNTH
2026-04-24 16:58:09.508Z,31.3184,10073,SYNTH
2026-04-24 16:58:10.184Z,31.3198,10863,SYNTH
2026-04-24 16:58:11.251Z,31.3326,25258,SYNTH
2026-04-24 16:58:12.693Z,31.3406,26252,SYNTH
2026-04-24 16:58:13.867Z,31.3254,25653,SYNTH
2026-04-24 16:58:14.671Z,31.3038,8102,SYNTH
2026-04-24 16:58:15.618Z,31.2967,6292,SYNTH
2026-04-24 16:58:16.381Z,31.2983,8371,SYNTH
2026-04-24 16:58:17.436Z,31.2805,12137,SYNTH
2026-04-24 16:58:18.823Z,31.2980,12226,SYNTH
2026-04-24 16:58:19.363Z,31.2826,9539,SYNTH
2026-04-24 16:58:20.135Z,31.2733,5608,SYNTH
2026-04-24 16:58:21.488Z,31.2453,7874,SYNTH
2026-04-24 16:58:22.727Z,31.2250,5021,SYNTH
2026-04-24 16:58:23.722Z,31.1937,8063,SYNTH
2026-04-24 16:58:24.200Z,31.1675,5757,SYNTH
2026-04-24 16:58:25.116Z,31.1371,8029,SYNTH
2026-04-24 16:58:26.079Z,31.0884,6528,SYNTH
2026-04-24 16:58:27.318Z,31.0573,7282,SYNTH
2026-04-24 16:58:28.444Z,31.0178,5763,SYNTH
2026-04-24 16:58:29.418Z,30.9720,7488,SYNTH
2026-04-24 16:58:30.414Z,30.9386,6061,SYNTH
2026-04-24 16:58:31.134Z,30.9065,7920,SYNTH
2026-04-24 16:58:32.527Z,30.8714,6006,SYNTH
2026-04-24 16:58:33.540Z,30.8340,5064,SYNTH
2026-04-24 16:58:34.705Z,30.8066,7374,SYNTH
2026-04-24 16:58:35.316Z,30.7795,9369,SYNTH
2026-04-24 16:58:36.793Z,30.7668,5967,SYNTH
2026-04-24 16:58:37.516Z,30.7560,16528,SYNTH
2026-04-24 16:58:38.021Z,30.7380,23707,SYNTH
2026-04-24 16:58:39.017Z,30.7501,19613,SYNTH
2026-04-24 16:58:40.561Z,30.7601,10201,SYNTH
2026-04-24 16:58:41.782Z,30.7761,7802,SYNTH
2026-04-24 16:58:42.077Z,30.8017,6711,SYNTH
2026-04-24 16:58:43.825Z,30.8122,8042,SYNTH
2026-04-24 16:58:44.852Z,30.8244,9938,SYNTH
2026-04-24 16:58:45.835Z,30.8366,6550,SYNTH
2026-04-24 16:58:46.354Z,30.8476,13199,SYNTH
2026-04-24 16:58:47.157Z,30.8330,12536,SYNTH
2026-04-24 16:58:48.597Z,30.8584,11056,SYNTH
2026-04-24 16:58:49.525Z,30.8604,11580,SYNTH
2026-04-24 16:58:50.492Z,30.8766,7789,SYNTH
2026-04-24 16:58:51.312Z,30.8997,9958,SYNTH
2026-04-24 16:58:52.722Z,30.9076,5477,SYNTH
2026-04-24 16:58:53.486Z,30.9239,8243,SYNTH
2026-04-24 16:58:54.231Z,30.9505,12391,SYNTH
2026-04-24 16:58:55.662Z,30.9636,12843,SYNTH
2026-04-24 16:58:56.492Z,30.9764,11661,SYNTH
2026-04-24 16:58:57.875Z,30.9969,12440,SYNTH
2026-04-24 16:58:58.701Z,31.0009,6482,SYNTH
2026-04-24 16:58:59.881Z,31.0022,13141,SYNTH
2026-04-24 16:59:00.805Z,30.9915,17167,SYNTH
2026-04-24 16:59:01.217Z,30.9995,13096,SYNTH
2026-04-24 16:59:02.510Z,30.9918,8286,SYNTH
2026-04-24 16:59:03.332Z,30.9951,10884,SYNTH
2026-04-24 16:59:04.276Z,30.9858,9504,SYNTH
2026-04-24 16:59:05.527Z,30.9976,9721,SYNTH
2026-04-24 16:59:06.181Z,31.0040,8764,SYNTH
2026-04-24 16:59:07.815Z,31.0101,12142,SYNTH
2026-04-24 16:59:08.773Z,31.0009,12356,SYNTH
2026-04-24 16:59:09.699Z,31.0153,13519,SYNTH
2026-04-24 16:59:10.411Z,31.0020,10536,SYNTH
2026-04-24 16:59:11.327Z,31.0190,27335,SYNTH
2026-04-24 16:59:12.360Z,30.9949,29784,SYNTH
2026-04-24 16:59:13.529Z,31.0135,26845,SYNTH
2026-04-24 16:59:14.796Z,31.0074,11738,SYNTH
2026-04-24 16:59:15.237Z,31.0072,10533,SYNTH
2026-04-24 16:59:16.782Z,30.9953,9583,SYNTH
2026-04-24 16:59:17.789Z,30.9992,16802,SYNTH
2026-04-24 16:59:18.825Z,31.0063,18971,SYNTH
2026-04-24 16:59:19.558Z,30.9903,14055,SYNTH
2026-04-24 16:59:20.106Z,30.9406,7508,SYNTH
2026-04-24 16:59:21.102Z,30.8673,5288,SYNTH
2026-04-24 16:59:22.117Z,30.7896,6035,SYNTH
2026-04-24 16:59:23.518Z,30.6932,10861,SYNTH
2026-04-24 16:59:24.417Z,30.5850,7170,SYNTH
2026-04-24 16:59:25.333Z,30.4676,4892,SYNTH
2026-04-24 16:59:26.243Z,30.3387,10029,SYNTH
2026-04-24 16:59:27.734Z,30.2052,5807,SYNTH
2026-04-24 16:59:28.776Z,30.0725,7747,SYNTH
2026-04-24 16:59:29.767Z,29.9436,6196,SYNTH
2026-04-24 16:59:30.504Z,29.8121,5652,SYNTH
2026-04-24 16:59:31.210Z,29.6765,8985,SYNTH
2026-04-24 16:59:32.347Z,29.5610,9360,SYNTH
2026-04-24 16:59:33.307Z,29.4460,8299,SYNTH
2026-04-24 16:59:34.332Z,29.3472,5800,SYNTH
2026-04-24 16:59:35.469Z,29.2724,7965,SYNTH
2026-04-24 16:59:36.892Z,29.2036,7751,SYNTH
2026-04-24 16:59:37.477Z,29.1592,16910,SYNTH
2026-04-24 16:59:38.420Z,29.1442,25824,SYNTH
2026-04-24 16:59:39.650Z,29.1357,22675,SYNTH
2026-04-24 16:59:40.765Z,29.1819,16087,SYNTH
2026-04-24 16:59:41.162Z,29.2353,7536,SYNTH
2026-04-24 16:59:42.822Z,29.2851,8939,SYNTH
2026-04-24 16:59:43.508Z,29.3530,10973,SYNTH
2026-04-24 16:59:44.000Z,29.4104,10878,SYNTH
2026-04-24 16:59:45.487Z,29.4549,18884,SYNTH
2026-04-24 16:59:46.567Z,29.4687,8333,SYNTH
2026-04-24 16:59:47.192Z,29.4639,17258,SYNTH
2026-04-24 16:59:48.564Z,29.4783,13244,SYNTH
2026-04-24 16:59:49.197Z,29.4881,8013,SYNTH
2026-04-24 16:59:50.756Z,29.5044,8507,SYNTH
2026-04-24 16:59:51.254Z,29.5205,6830,SYNTH
2026-04-24 16:59:52.800Z,29.5250,11511,SYNTH
2026-04-24 16:59:53.881Z,29.5445,6094,SYNTH
2026-04-24 16:59:54.431Z,29.5552,9179,SYNTH
2026-04-24 16:59:55.786Z,29.5724,8019,SYNTH
2026-04-24 16:59:56.818Z,29.5825,16006,SYNTH
2026-04-24 16:59:57.511Z,29.5925,9716,SYNTH
2026-04-24 16:59:58.821Z,29.5978,9188,SYNTH
2026-04-24 16:59:59.291Z,29.6048,15946,SYNTH
2026-04-24 17:00:00.778Z,29.6629,10317,SYNTH
2026-04-24 17:00:01.274Z,29.6713,8639,SYNTH
2026-04-24 17:00:02.832Z,29.6623,11423,SYNTH
2026-04-24 17:00:03.852Z,29.6840,9088,SYNTH
2026-04-24 17:00:04.752Z,29.7080,8403,SYNTH
2026-04-24 17:00:05.520Z,29.7239,5865,SYNTH
2026-04-24 17:00:06.415Z,29.7413,11694,SYNTH
2026-04-24 17:00:07.438Z,29.7477,5034,SYNTH
2026-04-24 17:00:08.073Z,29.7651,5309,SYNTH
2026-04-24 17:00:09.834Z,29.7805,6063,SYNTH
2026-04-24 17:00:10.553Z,29.7898,8047,SYNTH
2026-04-24 17:00:11.047Z,29.7911,26712,SYNTH
2026-04-24 17:00:12.865Z,29.7990,12868,SYNTH
2026-04-24 17:00:13.554Z,29.7999,19492,SYNTH
2026-04-24 17:00:14.065Z,29.7873,9195,SYNTH
2026-04-24 17:00:15.500Z,29.7777,5031,SYNTH
2026-04-24 17:00:16.313Z,29.7720,17918,SYNTH
2026-04-24 17:00:17.080Z,29.7666,16910,SYNTH
2026-04-24 17:00:18.063Z,29.7616,12365,SYNTH
2026-04-24 17:00:19.477Z,29.7563,9187,SYNTH
2026-04-24 17:00:20.517Z,29.7271,9507,SYNTH
2026-04-24 17:00:21.813Z,29.7099,4177,SYNTH
2026-04-24 17:00:22.245Z,29.6808,3849,SYNTH
2026-04-24 17:00:23.525Z,29.6444,5029,SYNTH
2026-04-24 17:00:24.611Z,29.5846,8146,SYNTH
2026-04-24 17:00:25.659Z,29.5456,5037,SYNTH
2026-04-24 17:00:26.333Z,29.4925,5574,SYNTH
2026-04-24 17:00:27.715Z,29.4390,6252,SYNTH
2026-04-24 17:00:28.354Z,29.3777,8823,SYNTH
2026-04-24 17:00:29.075Z,29.3333,6210,SYNTH
2026-04-24 17:00:30.352Z,29.2662,8306,SYNTH
2026-04-24 17:00:31.116Z,29.2267,8841,SYNTH
2026-04-24 17:00:32.322Z,29.1653,4572,SYNTH
2026-04-24 17:00:33.418Z,29.1210,8415,SYNTH
2026-04-24 17:00:34.874Z,29.0884,6499,SYNTH
2026-04-24 17:00:35.691Z,29.0485,8646,SYNTH
2026-04-24 17:00:36.502Z,29.0229,7124,SYNTH
2026-04-24 17:00:37.626Z,29.0063,22651,SYNTH
2026-04-24 17:00:38.657Z,28.9925,13729,SYNTH
2026-04-24 17:00:39.098Z,28.9930,20432,SYNTH
2026-04-24 17:00:40.358Z,29.0040,14115,SYNTH
2026-04-24 17:00:41.888Z,29.0223,7424,SYNTH
2026-04-24 17:00:42.722Z,29.0415,6764,SYNTH
2026-04-24 17:00:43.727Z,29.0591,9923,SYNTH
2026-04-24 17:00:44.308Z,29.0636,7125,SYNTH
2026-04-24 17:00:45.071Z,29.0816,7479,SYNTH
2026-04-24 17:00:46.235Z,29.0800,9734,SYNTH
2026-04-24 17:00:47.411Z,29.0857,11408,SYNTH
2026-04-24 17:00:48.453Z,29.0903,7890,SYNTH
2026-04-24 17:00:49.373Z,29.0950,5139,SYNTH
2026-04-24 17:00:50.714Z,29.1104,7897,SYNTH
2026-04-24 17:00:51.433Z,29.1264,6755,SYNTH
2026-04-24 17:00:52.559Z,29.1396,11675,SYNTH
2026-04-24 17:00:53.599Z,29.1473,8718,SYNTH
2026-04-24 17:00:54.466Z,29.1581,12157,SYNTH
2026-04-24 17:00:55.344Z,29.1785,12278,SYNTH
2026-04-24 17:00:56.405Z,29.1884,12180,SYNTH
2026-04-24 17:00:57.778Z,29.1904,11971,SYNTH
2026-04-24 17:00:58.580Z,29.2018,11514,SYNTH
2026-04-24 17:00:59.537Z,29.1926,9303,SYNTH
2026-04-24 17:01:00.279Z,29.2137,7149,SYNTH
2026-04-24 17:01:01.497Z,29.2230,7176,SYNTH
2026-04-24 17:01:02.395Z,29.2563,4435,SYNTH
2026-04-24 17:01:03.209Z,29.2979,6714,SYNTH
2026-04-24 17:01:04.620Z,29.3452,3629,SYNTH
2026-04-24 17:01:05.571Z,29.4004,4646,SYNTH
2026-04-24 17:01:06.421Z,29.4620,4931,SYNTH
2026-04-24 17:01:07.696Z,29.5326,6412,SYNTH
2026-04-24 17:01:08.249Z,29.5792,4687,SYNTH
2026-04-24 17:01:09.809Z,29.6309,4421,SYNTH
2026-04-24 17:01:10.722Z,29.6763,2611,SYNTH
2026-04-24 17:01:11.602Z,29.6971,15827,SYNTH
2026-04-24 17:01:12.373Z,29.7074,14994,SYNTH
2026-04-24 17:01:13.821Z,29.6842,7582,SYNTH
2026-04-24 17:01:14.710Z,29.6479,2423,SYNTH
2026-04-24 17:01:15.314Z,29.6166,5307,SYNTH
2026-04-24 17:01:16.019Z,29.5699,7275,SYNTH
2026-04-24 17:01:17.521Z,29.5492,4221,SYNTH
2026-04-24 17:01:18.483Z,29.5332,4327,SYNTH
2026-04-24 17:01:19.236Z,29.5268,7031,SYNTH
2026-04-24 17:01:20.890Z,29.5196,2229,SYNTH
2026-04-24 17:01:21.318Z,29.5035,5097,SYNTH
2026-04-24 17:01:22.146Z,29.4656,4891,SYNTH
2026-04-24 17:01:23.703Z,29.4372,2598,SYNTH
2026-04-24 17:01:24.386Z,29.4084,2919,SYNTH
2026-04-24 17:01:25.210Z,29.3761,2852,SYNTH
2026-04-24 17:01:26.253Z,29.3213,4868,SYNTH
2026-04-24 17:01:27.704Z,29.2899,4830,SYNTH
2026-04-24 17:01:28.861Z,29.2442,2622,SYNTH
2026-04-24 17:01:29.853Z,29.2040,5005,SYNTH
2026-04-24 17:01:30.883Z,29.1662,2701,SYNTH
2026-04-24 17:01:31.458Z,29.1237,3567,SYNTH
2026-04-24 17:01:32.106Z,29.0735,3365,SYNTH
2026-04-24 17:01:33.662Z,29.0410,2428,SYNTH
2026-04-24 17:01:34.321Z,29.0193,2646,SYNTH
2026-04-24 17:01:35.744Z,28.9851,4351,SYNTH
2026-04-24 17:01:36.235Z,28.9708,2818,SYNTH
2026-04-24 17:01:37.794Z,28.9592,11230,SYNTH
2026-04-24 17:01:38.791Z,28.9522,12680,SYNTH
2026-04-24 17:01:39.731Z,28.9485,8585,SYNTH
2026-04-24 17:01:40.878Z,28.9475,10167,SYNTH
2026-04-24 17:01:41.604Z,28.9594,3956,SYNTH
2026-04-24 17:01:42.001Z,28.9627,4600,SYNTH
2026-04-24 17:01:43.712Z,28.9762,4963,SYNTH
2026-04-24 17:01:44.244Z,28.9807,3804,SYNTH
2026-04-24 17:01:45.051Z,28.9871,7040,SYNTH
2026-04-24 17:01:46.204Z,28.9878,8458,SYNTH
2026-04-24 17:01:47.186Z,28.9861,7557,SYNTH
2026-04-24 17:01:48.873Z,28.9842,3306,SYNTH
2026-04-24 17:01:49.670Z,28.9750,6250,SYNTH
2026-04-24 17:01:50.520Z,28.9875,2751,SYNTH
2026-04-24 17:01:51.812Z,28.9718,4607,SYNTH
2026-04-24 17:01:52.049Z,28.9685,6462,SYNTH
2026-04-24 17:01:53.337Z,28.9648,4387,SYNTH
2026-04-24 17:01:54.388Z,28.9595,7212,SYNTH
2026-04-24 17:01:55.067Z,28.9673,4657,SYNTH
2026-04-24 17:01:56.035Z,28.9677,5538,SYNTH
2026-04-24 17:01:57.296Z,28.9561,3735,SYNTH
2026-04-24 17:01:58.039Z,28.9623,4459,SYNTH
2026-04-24 17:01:59.177Z,28.9547,8110,SYNTH
2026-04-24 17:02:00.882Z,29.0410,8079,SYNTH
2026-04-24 17:02:01.647Z,29.0432,9718,SYNTH
2026-04-24 17:02:02.314Z,29.0468,10689,SYNTH
2026-04-24 17:02:03.514Z,29.0550,5134,SYNTH
2026-04-24 17:02:04.042Z,29.0607,8476,SYNTH
2026-04-24 17:02:05.882Z,29.0442,7004,SYNTH
2026-04-24 17:02:06.307Z,29.0645,11037,SYNTH
2026-04-24 17:02:07.226Z,29.0708,10670,SYNTH
2026-04-24 17:02:08.136Z,29.0557,5820,SYNTH
2026-04-24 17:02:09.579Z,29.0719,7917,SYNTH
2026-04-24 17:02:10.821Z,29.0669,7530,SYNTH
2026-04-24 17:02:11.217Z,29.0776,15494,SYNTH
2026-04-24 17:02:12.689Z,29.0792,21524,SYNTH
2026-04-24 17:02:13.629Z,29.0654,24086,SYNTH
2026-04-24 17:02:14.338Z,29.0624,5027,SYNTH
2026-04-24 17:02:15.840Z,29.0539,7640,SYNTH
2026-04-24 17:02:16.234Z,29.0657,14393,SYNTH
2026-04-24 17:02:17.559Z,29.0731,11492,SYNTH
2026-04-24 17:02:18.787Z,29.0559,15658,SYNTH
2026-04-24 17:02:19.597Z,29.0597,7780,SYNTH
2026-04-24 17:02:20.808Z,29.0300,5309,SYNTH
2026-04-24 17:02:21.227Z,28.9976,4568,SYNTH
2026-04-24 17:02:22.045Z,28.9678,5182,SYNTH
2026-04-24 17:02:23.014Z,28.9226,4905,SYNTH
2026-04-24 17:02:24.548Z,28.8640,3760,SYNTH
2026-04-24 17:02:25.798Z,28.8113,6305,SYNTH
2026-04-24 17:02:26.689Z,28.7482,4240,SYNTH
2026-04-24 17:02:27.533Z,28.6985,5740,SYNTH
2026-04-24 17:02:28.748Z,28.6256,7327,SYNTH
2026-04-24 17:02:29.136Z,28.5622,4274,SYNTH
2026-04-24 17:02:30.044Z,28.5013,7258,SYNTH
2026-04-24 17:02:31.289Z,28.4523,7865,SYNTH
2026-04-24 17:02:32.616Z,28.3951,6395,SYNTH
2026-04-24 17:02:33.396Z,28.3454,3630,SYNTH
2026-04-24 17:02:34.630Z,28.3019,5611,SYNTH
2026-04-24 17:02:35.360Z,28.2563,8209,SYNTH
2026-04-24 17:02:36.826Z,28.2342,6176,SYNTH
2026-04-24 17:02:37.822Z,28.2059,9505,SYNTH
2026-04-24 17:02:38.341Z,28.1917,11654,SYNTH
2026-04-24 17:02:39.731Z,28.2099,12928,SYNTH
2026-04-24 17:02:40.763Z,28.2128,14396,SYNTH
2026-04-24 17:02:41.005Z,28.2367,5358,SYNTH
2026-04-24 17:02:42.863Z,28.2627,4368,SYNTH
2026-04-24 17:02:43.002Z,28.2954,8396,SYNTH
2026-04-24 17:02:44.775Z,28.3204,7557,SYNTH
2026-04-24 17:02:45.287Z,28.3391,8293,SYNTH
2026-04-24 17:02:46.866Z,28.3524,7596,SYNTH
2026-04-24 17:02:47.027Z,28.3403,6713,SYNTH
2026-04-24 17:02:48.014Z,28.3458,8609,SYNTH
2026-04-24 17:02:49.530Z,28.3603,4527,SYNTH
2026-04-24 17:02:50.504Z,28.3662,6485,SYNTH
2026-04-24 17:02:51.645Z,28.3681,7823,SYNTH
2026-04-24 17:02:52.418Z,28.3736,10759,SYNTH
2026-04-24 17:02:53.693Z,28.3732,8693,SYNTH
2026-04-24 17:02:54.320Z,28.3775,6844,SYNTH
2026-04-24 17:02:55.237Z,28.3901,8255,SYNTH
2026-04-24 17:02:56.419Z,28.4033,5977,SYNTH
2026-04-24 17:02:57.478Z,28.3875,12248,SYNTH
2026-04-24 17:02:58.642Z,28.4018,9308,SYNTH
2026-04-24 17:02:59.093Z,28.3971,7304,SYNTH
2026-04-24 17:03:00.353Z,28.4016,4371,SYNTH
2026-04-24 17:03:01.284Z,28.4053,5986,SYNTH
2026-04-24 17:03:02.400Z,28.3737,5763,SYNTH
2026-04-24 17:03:03.892Z,28.3632,5504,SYNTH
2026-04-24 17:03:04.233Z,28.3300,5792,SYNTH
2026-04-24 17:03:05.098Z,28.3081,6799,SYNTH
2026-04-24 17:03:06.198Z,28.2853,6461,SYNTH
2026-04-24 17:03:07.166Z,28.2602,7344,SYNTH
2026-04-24 17:03:08.573Z,28.2366,7346,SYNTH
2026-04-24 17:03:09.707Z,28.2115,5446,SYNTH
2026-04-24 17:03:10.057Z,28.1862,5489,SYNTH
2026-04-24 17:03:11.534Z,28.1847,13646,SYNTH
2026-04-24 17:03:12.838Z,28.1798,14473,SYNTH
2026-04-24 17:03:13.492Z,28.1831,13315,SYNTH
2026-04-24 17:03:14.489Z,28.1972,3353,SYNTH
2026-04-24 17:03:15.150Z,28.2211,5873,SYNTH
2026-04-24 17:03:16.452Z,28.2313,7374,SYNTH
2026-04-24 17:03:17.653Z,28.2359,11061,SYNTH
2026-04-24 17:03:18.582Z,28.2420,6175,SYNTH
2026-04-24 17:03:19.686Z,28.2396,10606,SYNTH
2026-04-24 17:03:20.718Z,28.2698,5877,SYNTH
2026-04-24 17:03:21.157Z,28.2856,4046,SYNTH
2026-04-24 17:03:22.097Z,28.3190,3958,SYNTH
2026-04-24 17:03:23.165Z,28.3535,3277,SYNTH
2026-04-24 17:03:24.041Z,28.4151,5279,SYNTH
2026-04-24 17:03:25.119Z,28.4563,3669,SYNTH
2026-04-24 17:03:26.515Z,28.5050,5987,SYNTH
2026-04-24 17:03:27.634Z,28.5560,3041,SYNTH
2026-04-24 17:03:28.111Z,28.6202,3665,SYNTH
2026-04-24 17:03:29.681Z,28.6686,3156,SYNTH
2026-04-24 17:03:30.576Z,28.7312,4459,SYNTH
2026-04-24 17:03:31.540Z,28.7845,3372,SYNTH
2026-04-24 17:03:32.239Z,28.8261,5984,SYNTH
2026-04-24 17:03:33.077Z,28.8748,3009,SYNTH
2026-04-24 17:03:34.184Z,28.9121,6034,SYNTH
2026-04-24 17:03:35.677Z,28.9508,2822,SYNTH
2026-04-24 17:03:36.787Z,28.9777,3691,SYNTH
2026-04-24 17:03:37.602Z,28.9892,14262,SYNTH
2026-04-24 17:03:38.338Z,29.0050,14032,SYNTH
2026-04-24 17:03:39.480Z,28.9907,14008,SYNTH
2026-04-24 17:03:40.310Z,29.0013,9334,SYNTH
2026-04-24 17:03:41.218Z,28.9843,3826,SYNTH
2026-04-24 17:03:42.278Z,28.9801,4851,SYNTH
2026-04-24 17:03:43.687Z,28.9570,4471,SYNTH
2026-04-24 17:03:44.839Z,28.9578,5018,SYNTH
2026-04-24 17:03:45.364Z,28.9497,8704,SYNTH
2026-04-24 17:03:46.011Z,28.9578,8421,SYNTH
2026-04-24 17:03:47.435Z,28.9443,5269,SYNTH
2026-04-24 17:03:48.084Z,28.9438,6797,SYNTH
2026-04-24 17:03:49.643Z,28.9545,4070,SYNTH
2026-04-24 17:03:50.571Z,28.9447,3776,SYNTH
2026-04-24 17:03:51.653Z,28.9375,3693,SYNTH
2026-04-24 17:03:52.014Z,28.9394,5930,SYNTH
2026-04-24 17:03:53.677Z,28.9460,3761,SYNTH
2026-04-24 17:03:54.591Z,28.9414,6767,SYNTH
2026-04-24 17:03:55.532Z,28.9336,4439,SYNTH
2026-04-24 17:03:56.323Z,28.9538,5843,SYNTH
2026-04-24 17:03:57.458Z,28.9360,5904,SYNTH
2026-04-24 17:03:58.602Z,28.9316,7729,SYNTH
2026-04-24 17:03:59.859Z,28.9445,3949,SYNTH
2026-04-24 17:04:00.351Z,28.9522,3005,SYNTH
2026-04-24 17:04:01.407Z,28.9580,2938,SYNTH
2026-04-24 17:04:02.513Z,28.9423,5565,SYNTH
2026-04-24 17:04:03.667Z,28.9561,5516,SYNTH
2026-04-24 17:04:04.142Z,28.9398,4249,SYNTH
2026-04-24 17:04:05.315Z,28.9374,5014,SYNTH
2026-04-24 17:04:06.797Z,28.9336,4278,SYNTH
2026-04-24 17:04:07.323Z,28.9270,2524,SYNTH
2026-04-24 17:04:08.019Z,28.9381,3477,SYNTH
2026-04-24 17:04:09.027Z,28.9309,3292,SYNTH
2026-04-24 17:04:10.820Z,28.9196,4306,SYNTH
2026-04-24 17:04:11.831Z,28.9329,5301,SYNTH
2026-04-24 17:04:12.233Z,28.9418,11463,SYNTH
2026-04-24 17:04:13.404Z,28.9217,6930,SYNTH
2026-04-24 17:04:14.389Z,28.9222,4504,SYNTH
2026-04-24 17:04:15.814Z,28.9310,3424,SYNTH
2026-04-24 17:04:16.743Z,28.9360,6233,SYNTH
2026-04-24 17:04:17.857Z,28.9414,3688,SYNTH
2026-04-24 17:04:18.181Z,28.9500,6842,SYNTH
2026-04-24 17:04:19.809Z,28.9349,3960,SYNTH
2026-04-24 17:04:20.057Z,28.9455,2097,SYNTH
2026-04-24 17:04:21.658Z,28.9565,3019,SYNTH
2026-04-24 17:04:22.734Z,28.9775,2902,SYNTH
2026-04-24 17:04:23.379Z,29.0060,2040,SYNTH
2026-04-24 17:04:24.134Z,29.0162,2005,SYNTH
2026-04-24 17:04:25.337Z,29.0416,3648,SYNTH
2026-04-24 17:04:26.292Z,29.0649,2650,SYNTH
2026-04-24 17:04:27.553Z,29.0857,2129,SYNTH
2026-04-24 17:04:28.259Z,29.1108,2223,SYNTH
2026-04-24 17:04:29.082Z,29.1466,3155,SYNTH
2026-04-24 17:04:30.003Z,29.1733,3693,SYNTH
2026-04-24 17:04:31.068Z,29.1831,2594,SYNTH
2026-04-24 17:04:32.643Z,29.2157,3865,SYNTH
2026-04-24 17:04:33.678Z,29.2288,2179,SYNTH
2026-04-24 17:04:34.577Z,29.2603,1690,SYNTH
2026-04-24 17:04:35.629Z,29.2705,3670,SYNTH
2026-04-24 17:04:36.640Z,29.2843,2775,SYNTH
2026-04-24 17:04:37.671Z,29.2745,5187,SYNTH
2026-04-24 17:04:38.373Z,29.2933,7140,SYNTH
2026-04-24 17:04:39.749Z,29.2985,7361,SYNTH
2026-04-24 17:04:40.697Z,29.2884,6891,SYNTH
2026-04-24 17:04:41.587Z,29.2656,3916,SYNTH
2026-04-24 17:04:42.641Z,29.2649,2910,SYNTH
2026-04-24 17:04:43.753Z,29.2575,2470,SYNTH
2026-04-24 17:04:44.268Z,29.2469,3373,SYNTH
2026-04-24 17:04:45.642Z,29.2378,6728,SYNTH
2026-04-24 17:04:46.895Z,29.2314,5593,SYNTH
2026-04-24 17:04:47.696Z,29.2373,5963,SYNTH
2026-04-24 17:04:48.384Z,29.2268,4852,SYNTH
2026-04-24 17:04:49.860Z,29.2248,2078,SYNTH
2026-04-24 17:04:50.728Z,29.2187,2605,SYNTH
2026-04-24 17:04:51.299Z,29.2168,2838,SYNTH
2026-04-24 17:04:52.748Z,29.2110,3139,SYNTH
2026-04-24 17:04:53.686Z,29.1960,4625,SYNTH
2026-04-24 17:04:54.265Z,29.1905,4943,SYNTH
2026-04-24 17:04:55.725Z,29.1826,3309,SYNTH
2026-04-24 17:04:56.358Z,29.1752,2755,SYNTH
2026-04-24 17:04:57.407Z,29.1870,5609,SYNTH
2026-04-24 17:04:58.490Z,29.1785,2722,SYNTH
2026-04-24 17:04:59.579Z,29.1788,5126,SYNTH
2026-04-24 17:05:00.076Z,29.1557,4256,SYNTH
2026-04-24 17:05:01.201Z,29.1572,2592,SYNTH
2026-04-24 17:05:02.893Z,29.1708,2687,SYNTH
2026-04-24 17:05:03.770Z,29.1848,2165,SYNTH
2026-04-24 17:05:04.200Z,29.2154,1936,SYNTH
2026-04-24 17:05:05.001Z,29.2467,2737,SYNTH
2026-04-24 17:05:06.590Z,29.2696,3695,SYNTH
2026-04-24 17:05:07.235Z,29.3085,2688,SYNTH
2026-04-24 17:05:08.574Z,29.3271,3341,SYNTH
2026-04-24 17:05:09.742Z,29.3590,1999,SYNTH
2026-04-24 17:05:10.369Z,29.3837,3959,SYNTH
2026-04-24 17:05:11.227Z,29.3836,6800,SYNTH
2026-04-24 17:05:12.636Z,29.3847,3827,SYNTH
2026-04-24 17:05:13.119Z,29.3946,4436,SYNTH
2026-04-24 17:05:14.117Z,29.3722,1879,SYNTH
2026-04-24 17:05:15.859Z,29.3487,2837,SYNTH
2026-04-24 17:05:16.055Z,29.3399,2974,SYNTH
2026-04-24 17:05:17.658Z,29.3363,4832,SYNTH
2026-04-24 17:05:18.815Z,29.3283,6029,SYNTH
2026-04-24 17:05:19.091Z,29.3371,5039,SYNTH
2026-04-24 17:05:20.020Z,29.3090,3227,SYNTH
2026-04-24 17:05:21.767Z,29.2799,1900,SYNTH
2026-04-24 17:05:22.527Z,29.2547,2133,SYNTH
2026-04-24 17:05:23.898Z,29.2058,2781,SYNTH
2026-04-24 17:05:24.741Z,29.1702,2778,SYNTH
2026-04-24 17:05:25.842Z,29.1141,2182,SYNTH
2026-04-24 17:05:26.230Z,29.0619,2320,SYNTH
2026-04-24 17:05:27.165Z,29.0104,2396,SYNTH
2026-04-24 17:05:28.093Z,28.9509,2875,SYNTH
2026-04-24 17:05:29.129Z,28.8954,1591,SYNTH
2026-04-24 17:05:30.589Z,28.8435,1684,SYNTH
2026-04-24 17:05:31.104Z,28.8024,2227,SYNTH
2026-04-24 17:05:32.340Z,28.7431,1996,SYNTH
2026-04-24 17:05:33.387Z,28.6973,2434,SYNTH
2026-04-24 17:05:34.306Z,28.6684,2902,SYNTH
2026-04-24 17:05:35.605Z,28.6293,1486,SYNTH
2026-04-24 17:05:36.819Z,28.6078,2385,SYNTH
2026-04-24 17:05:37.817Z,28.5845,5537,SYNTH
2026-04-24 17:05:38.173Z,28.5861,3473,SYNTH
2026-04-24 17:05:39.248Z,28.5903,8302,SYNTH
2026-04-24 17:05:40.316Z,28.5994,5121,SYNTH
2026-04-24 17:05:41.288Z,28.6045,2609,SYNTH
2026-04-24 17:05:42.089Z,28.6210,3096,SYNTH
2026-04-24 17:05:43.113Z,28.6417,2449,SYNTH
2026-04-24 17:05:44.182Z,28.6520,2164,SYNTH
2026-04-24 17:05:45.598Z,28.6586,3452,SYNTH
2026-04-24 17:05:46.087Z,28.6629,5478,SYNTH
2026-04-24 17:05:47.387Z,28.6742,5588,SYNTH
2026-04-24 17:05:48.887Z,28.6694,2033,SYNTH
2026-04-24 17:05:49.563Z,28.6598,2060,SYNTH
2026-04-24 17:05:50.610Z,28.6592,2794,SYNTH
2026-04-24 17:05:51.637Z,28.6715,2461,SYNTH
2026-04-24 17:05:52.393Z,28.6564,3822,SYNTH
2026-04-24 17:05:53.540Z,28.6754,2757,SYNTH
2026-04-24 17:05:54.798Z,28.6561,3761,SYNTH
2026-04-24 17:05:55.277Z,28.6741,4318,SYNTH
2026-04-24 17:05:56.393Z,28.6583,2473,SYNTH
2026-04-24 17:05:57.466Z,28.6739,2033,SYNTH
2026-04-24 17:05:58.732Z,28.6637,4264,SYNTH
2026-04-24 17:05:59.367Z,28.6626,3197,SYNTH
2026-04-24 17:06:00.452Z,28.7526,4470,SYNTH
2026-04-24 17:06:01.088Z,28.7603,5302,SYNTH
2026-04-24 17:06:02.699Z,28.7602,4527,SYNTH
2026-04-24 17:06:03.263Z,28.7893,3433,SYNTH
2026-04-24 17:06:04.205Z,28.7960,3065,SYNTH
2026-04-24 17:06:05.163Z,28.8250,2172,SYNTH
2026-04-24 17:06:06.035Z,28.8447,2379,SYNTH
2026-04-24 17:06:07.629Z,28.8601,3675,SYNTH
2026-04-24 17:06:08.218Z,28.8902,3190,SYNTH
2026-04-24 17:06:09.121Z,28.8990,2517,SYNTH
2026-04-24 17:06:10.440Z,28.9155,2959,SYNTH
2026-04-24 17:06:11.541Z,28.9293,8113,SYNTH
2026-04-24 17:06:12.215Z,28.9340,10405,SYNTH
2026-04-24 17:06:13.037Z,28.9223,6818,SYNTH
2026-04-24 17:06:14.828Z,28.9193,1998,SYNTH
2026-04-24 17:06:15.045Z,28.8956,3448,SYNTH
2026-04-24 17:06:16.241Z,28.8847,3548,SYNTH
2026-04-24 17:06:17.201Z,28.8767,6590,SYNTH
2026-04-24 17:06:18.034Z,28.8732,4085,SYNTH
2026-04-24 17:06:19.341Z,28.8688,3766,SYNTH
2026-04-24 17:06:20.189Z,28.8574,2279,SYNTH
2026-04-24 17:06:21.856Z,28.8557,2756,SYNTH
2026-04-24 17:06:22.193Z,28.8304,3560,SYNTH
2026-04-24 17:06:23.697Z,28.8016,2165,SYNTH
2026-04-24 17:06:24.156Z,28.7789,2852,SYNTH
2026-04-24 17:06:25.868Z,28.7508,2926,SYNTH
2026-04-24 17:06:26.243Z,28.7034,1851,SYNTH
2026-04-24 17:06:27.691Z,28.6744,2402,SYNTH
2026-04-24 17:06:28.099Z,28.6447,3239,SYNTH
2026-04-24 17:06:29.866Z,28.6081,3511,SYNTH
2026-04-24 17:06:30.289Z,28.5739,1704,SYNTH
2026-04-24 17:06:31.711Z,28.5400,1870,SYNTH
2026-04-24 17:06:32.080Z,28.5062,2080,SYNTH
2026-04-24 17:06:33.514Z,28.4706,3204,SYNTH
2026-04-24 17:06:34.032Z,28.4558,3176,SYNTH
2026-04-24 17:06:35.228Z,28.4312,2307,SYNTH
2026-04-24 17:06:36.862Z,28.4111,1596,SYNTH
2026-04-24 17:06:37.163Z,28.4035,7843,SYNTH
2026-04-24 17:06:38.383Z,28.3989,9263,SYNTH
2026-04-24 17:06:39.518Z,28.4101,7753,SYNTH
2026-04-24 17:06:40.551Z,28.4135,7020,SYNTH
2026-04-24 17:06:41.601Z,28.4167,2400,SYNTH
2026-04-24 17:06:42.707Z,28.4200,3621,SYNTH
2026-04-24 17:06:43.435Z,28.4276,2825,SYNTH
2026-04-24 17:06:44.829Z,28.4358,4075,SYNTH
2026-04-24 17:06:45.165Z,28.4312,6353,SYNTH
2026-04-24 17:06:46.693Z,28.4427,4585,SYNTH
2026-04-24 17:06:47.043Z,28.4459,4127,SYNTH
2026-04-24 17:06:48.876Z,28.4549,4204,SYNTH
2026-04-24 17:06:49.380Z,28.4445,3720,SYNTH
2026-04-24 17:06:50.854Z,28.4566,3230,SYNTH
2026-04-24 17:06:51.171Z,28.4757,2993,SYNTH
2026-04-24 17:06:52.716Z,28.4822,2593,SYNTH
2026-04-24 17:06:53.063Z,28.4934,3304,SYNTH
2026-04-24 17:06:54.335Z,28.5029,3466,SYNTH
2026-04-24 17:06:55.833Z,28.5126,4779,SYNTH
2026-04-24 17:06:56.244Z,28.5175,5423,SYNTH
2026-04-24 17:06:57.861Z,28.5187,3635,SYNTH
2026-04-24 17:06:58.823Z,28.5228,3232,SYNTH
2026-04-24 17:06:59.565Z,28.5292,2533,SYNTH
2026-04-24 17:07:00.139Z,28.4926,1640,SYNTH
2026-04-24 17:07:01.703Z,28.5009,3087,SYNTH
2026-04-24 17:07:02.114Z,28.4919,2854,SYNTH
2026-04-24 17:07:03.895Z,28.5100,2695,SYNTH
2026-04-24 17:07:04.272Z,28.5258,2838,SYNTH
2026-04-24 17:07:05.253Z,28.5550,2402,SYNTH
2026-04-24 17:07:06.526Z,28.5586,1704,SYNTH
2026-04-24 17:07:07.175Z,28.5853,3020,SYNTH
2026-04-24 17:07:08.894Z,28.5923,2817,SYNTH
2026-04-24 17:07:09.232Z,28.6203,2517,SYNTH
2026-04-24 17:07:10.556Z,28.6315,2850,SYNTH
2026-04-24 17:07:11.422Z,28.6219,6304,SYNTH
2026-04-24 17:07:12.414Z,28.6397,6031,SYNTH
2026-04-24 17:07:13.442Z,28.6258,3390,SYNTH
2026-04-24 17:07:14.804Z,28.6096,1549,SYNTH
2026-04-24 17:07:15.210Z,28.6019,1363,SYNTH
2026-04-24 17:07:16.867Z,28.5940,3406,SYNTH
2026-04-24 17:07:17.161Z,28.5773,2671,SYNTH
2026-04-24 17:07:18.030Z,28.5860,3849,SYNTH
2026-04-24 17:07:19.767Z,28.5911,3299,SYNTH
2026-04-24 17:07:20.439Z,28.5811,1995,SYNTH
2026-04-24 17:07:21.118Z,28.5597,1855,SYNTH
2026-04-24 17:07:22.609Z,28.5513,1495,SYNTH
2026-04-24 17:07:23.184Z,28.5228,1231,SYNTH
2026-04-24 17:07:24.112Z,28.5139,1574,SYNTH
2026-04-24 17:07:25.601Z,28.4937,1553,SYNTH
2026-04-24 17:07:26.760Z,28.4671,1967,SYNTH
2026-04-24 17:07:27.336Z,28.4364,1004,SYNTH
2026-04-24 17:07:28.123Z,28.4227,2200,SYNTH
2026-04-24 17:07:29.042Z,28.3992,1315,SYNTH
2026-04-24 17:07:30.752Z,28.3656,1984,SYNTH
2026-04-24 17:07:31.200Z,28.3502,943,SYNTH
2026-04-24 17:07:32.451Z,28.3206,967,SYNTH
2026-04-24 17:07:33.850Z,28.2955,2265,SYNTH
2026-04-24 17:07:34.613Z,28.2826,1795,SYNTH
2026-04-24 17:07:35.343Z,28.2678,1531,SYNTH
2026-04-24 17:07:36.238Z,28.2501,1374,SYNTH
2026-04-24 17:07:37.004Z,28.2629,3145,SYNTH
2026-04-24 17:07:38.735Z,28.2521,2841,SYNTH
2026-04-24 17:07:39.350Z,28.2483,4824,SYNTH
2026-04-24 17:07:40.582Z,28.2582,5118,SYNTH
2026-04-24 17:07:41.322Z,28.2648,1145,SYNTH
2026-04-24 17:07:42.848Z,28.2726,1175,SYNTH
2026-04-24 17:07:43.313Z,28.2725,1373,SYNTH
2026-04-24 17:07:44.899Z,28.2822,1300,SYNTH
2026-04-24 17:07:45.883Z,28.2707,3746,SYNTH
2026-04-24 17:07:46.311Z,28.2848,2905,SYNTH
2026-04-24 17:07:47.606Z,28.2891,3175,SYNTH
2026-04-24 17:07:48.257Z,28.2957,2510,SYNTH
2026-04-24 17:07:49.661Z,28.2848,1546,SYNTH
2026-04-24 17:07:50.503Z,28.3007,1511,SYNTH
2026-04-24 17:07:51.105Z,28.3007,1624,SYNTH
2026-04-24 17:07:52.257Z,28.3122,1805,SYNTH
2026-04-24 17:07:53.554Z,28.3276,2318,SYNTH
2026-04-24 17:07:54.423Z,28.3253,1721,SYNTH
2026-04-24 17:07:55.035Z,28.3364,2429,SYNTH
2026-04-24 17:07:56.563Z,28.3379,2564,SYNTH
2026-04-24 17:07:57.017Z,28.3517,3519,SYNTH
2026-04-24 17:07:58.125Z,28.3564,2663,SYNTH
2026-04-24 17:07:59.353Z,28.3444,2501,SYNTH
2026-04-24 17:08:00.102Z,28.2852,3158,SYNTH
2026-04-24 17:08:01.239Z,28.2677,1867,SYNTH
2026-04-24 17:08:02.565Z,28.2795,1728,SYNTH
2026-04-24 17:08:03.630Z,28.2686,3078,SYNTH
2026-04-24 17:08:04.662Z,28.2562,3089,SYNTH
2026-04-24 17:08:05.552Z,28.2464,1549,SYNTH
2026-04-24 17:08:06.896Z,28.2535,2958,SYNTH
2026-04-24 17:08:07.049Z,28.2289,2316,SYNTH
2026-04-24 17:08:08.791Z,28.2291,2282,SYNTH
2026-04-24 17:08:09.346Z,28.2243,2470,SYNTH
2026-04-24 17:08:10.741Z,28.2162,2065,SYNTH
2026-04-24 17:08:11.588Z,28.2065,5718,SYNTH
2026-04-24 17:08:12.270Z,28.2184,5873,SYNTH
2026-04-24 17:08:13.795Z,28.2039,3231,SYNTH
2026-04-24 17:08:14.883Z,28.2231,1423,SYNTH
2026-04-24 17:08:15.410Z,28.2263,1349,SYNTH
2026-04-24 17:08:16.640Z,28.2331,4305,SYNTH
2026-04-24 17:08:17.791Z,28.2356,2331,SYNTH
2026-04-24 17:08:18.508Z,28.2430,2638,SYNTH
2026-04-24 17:08:19.317Z,28.2490,2142,SYNTH
2026-04-24 17:08:20.248Z,28.2549,1659,SYNTH
2026-04-24 17:08:21.654Z,28.2703,1292,SYNTH
2026-04-24 17:08:22.010Z,28.2765,1650,SYNTH
2026-04-24 17:08:23.718Z,28.2923,1323,SYNTH
2026-04-24 17:08:24.266Z,28.3072,1996,SYNTH
2026-04-24 17:08:25.479Z,28.3315,1628,SYNTH
2026-04-24 17:08:26.383Z,28.3475,1613,SYNTH
2026-04-24 17:08:27.622Z,28.3643,1591,SYNTH
2026-04-24 17:08:28.532Z,28.3792,1434,SYNTH
2026-04-24 17:08:29.575Z,28.4060,938,SYNTH
2026-04-24 17:08:30.069Z,28.4231,1318,SYNTH
2026-04-24 17:08:31.705Z,28.4520,1226,SYNTH
2026-04-24 17:08:32.315Z,28.4692,2240,SYNTH
2026-04-24 17:08:33.372Z,28.4882,2209,SYNTH
2026-04-24 17:08:34.448Z,28.4948,1543,SYNTH
2026-04-24 17:08:35.193Z,28.5078,1404,SYNTH
2026-04-24 17:08:36.122Z,28.5240,1285,SYNTH
2026-04-24 17:08:37.537Z,28.5361,5383,SYNTH
2026-04-24 17:08:38.843Z,28.5229,4543,SYNTH
2026-04-24 17:08:39.861Z,28.5362,5588,SYNTH
2026-04-24 17:08:40.204Z,28.5255,4952,SYNTH
2026-04-24 17:08:41.799Z,28.5118,1582,SYNTH
2026-04-24 17:08:42.130Z,28.5146,1198,SYNTH
2026-04-24 17:08:43.442Z,28.5034,1909,SYNTH
2026-04-24 17:08:44.316Z,28.4931,1714,SYNTH
2026-04-24 17:08:45.475Z,28.4880,3550,SYNTH
2026-04-24 17:08:46.110Z,28.4805,1876,SYNTH
2026-04-24 17:08:47.053Z,28.4780,2540,SYNTH
2026-04-24 17:08:48.301Z,28.4754,2166,SYNTH
2026-04-24 17:08:49.530Z,28.4584,1605,SYNTH
2026-04-24 17:08:50.717Z,28.4457,1756,SYNTH
2026-04-24 17:08:51.328Z,28.4264,2994,SYNTH
2026-04-24 17:08:52.579Z,28.4064,2644,SYNTH
2026-04-24 17:08:53.762Z,28.3871,2409,SYNTH
2026-04-24 17:08:54.442Z,28.3693,2937,SYNTH
2026-04-24 17:08:55.497Z,28.3479,2889,SYNTH
2026-04-24 17:08:56.736Z,28.3283,1894,SYNTH
2026-04-24 17:08:57.077Z,28.3103,2446,SYNTH
2026-04-24 17:08:58.275Z,28.3075,3517,SYNTH
2026-04-24 17:08:59.166Z,28.3112,1547,SYNTH
2026-04-24 17:09:00.748Z,28.3313,3972,SYNTH
2026-04-24 17:09:01.461Z,28.3213,2978,SYNTH
2026-04-24 17:09:02.041Z,28.3055,4813,SYNTH
2026-04-24 17:09:03.095Z,28.2888,5111,SYNTH
2026-04-24 17:09:04.451Z,28.2618,3557,SYNTH
2026-04-24 17:09:05.482Z,28.2447,3969,SYNTH
2026-04-24 17:09:06.243Z,28.2098,2394,SYNTH
2026-04-24 17:09:07.796Z,28.1837,4712,SYNTH
2026-04-24 17:09:08.793Z,28.1557,2582,SYNTH
2026-04-24 17:09:09.451Z,28.1303,4298,SYNTH
2026-04-24 17:09:10.698Z,28.1133,4542,SYNTH
2026-04-24 17:09:11.833Z,28.0938,10964,SYNTH
2026-04-24 17:09:12.036Z,28.1082,9057,SYNTH
2026-04-24 17:09:13.383Z,28.0999,9768,SYNTH
2026-04-24 17:09:14.327Z,28.1322,4217,SYNTH
2026-04-24 17:09:15.328Z,28.1496,4007,SYNTH
2026-04-24 17:09:16.575Z,28.1569,3690,SYNTH
2026-04-24 17:09:17.548Z,28.1692,6036,SYNTH
2026-04-24 17:09:18.460Z,28.1754,5518,SYNTH
2026-04-24 17:09:19.095Z,28.1654,4102,SYNTH
2026-04-24 17:09:20.326Z,28.1865,2164,SYNTH
2026-04-24 17:09:21.825Z,28.1892,2728,SYNTH
2026-04-24 17:09:22.178Z,28.2070,1917,SYNTH
2026-04-24 17:09:23.876Z,28.2119,2657,SYNTH
2026-04-24 17:09:24.135Z,28.2262,1578,SYNTH
2026-04-24 17:09:25.638Z,28.2539,2591,SYNTH
2026-04-24 17:09:26.134Z,28.2673,1875,SYNTH
2026-04-24 17:09:27.389Z,28.2855,2100,SYNTH
2026-04-24 17:09:28.065Z,28.3041,1560,SYNTH
2026-04-24 17:09:29.510Z,28.3182,3472,SYNTH
2026-04-24 17:09:30.132Z,28.3406,1945,SYNTH
2026-04-24 17:09:31.090Z,28.3576,2547,SYNTH
2026-04-24 17:09:32.281Z,28.3730,1864,SYNTH
2026-04-24 17:09:33.695Z,28.3937,3546,SYNTH
2026-04-24 17:09:34.570Z,28.4001,1541,SYNTH
2026-04-24 17:09:35.055Z,28.4109,2191,SYNTH
2026-04-24 17:09:36.305Z,28.4185,2024,SYNTH
2026-04-24 17:09:37.691Z,28.4145,4229,SYNTH
2026-04-24 17:09:38.223Z,28.4251,7756,SYNTH
2026-04-24 17:09:39.023Z,28.4342,4009,SYNTH
2026-04-24 17:09:40.058Z,28.4132,5629,SYNTH
2026-04-24 17:09:41.224Z,28.4307,2046,SYNTH
2026-04-24 17:09:42.047Z,28.4139,3828,SYNTH
2026-04-24 17:09:43.017Z,28.4073,1797,SYNTH
2026-04-24 17:09:44.856Z,28.4068,4034,SYNTH
2026-04-24 17:09:45.326Z,28.4175,6387,SYNTH
2026-04-24 17:09:46.798Z,28.4069,3968,SYNTH
2026-04-24 17:09:47.437Z,28.4177,5576,SYNTH
2026-04-24 17:09:48.239Z,28.4192,2858,SYNTH
2026-04-24 17:09:49.288Z,28.4128,4605,SYNTH
2026-04-24 17:09:50.775Z,28.4187,3315,SYNTH
2026-04-24 17:09:51.429Z,28.4069,4183,SYNTH
2026-04-24 17:09:52.318Z,28.4054,4151,SYNTH
2026-04-24 17:09:53.822Z,28.4054,4123,SYNTH
2026-04-24 17:09:54.318Z,28.4191,4248,SYNTH
2026-04-24 17:09:55.717Z,28.4087,2958,SYNTH
2026-04-24 17:09:56.004Z,28.4064,3871,SYNTH
2026-04-24 17:09:57.199Z,28.4170,5246,SYNTH
2026-04-24 17:09:58.094Z,28.4061,5800,SYNTH
2026-04-24 17:09:59.632Z,28.4044,4273,SYNTH
2026-04-24 17:10:00.028Z,28.4033,4028,SYNTH
2026-04-24 17:10:01.454Z,28.4010,3169,SYNTH
2026-04-24 17:10:02.651Z,28.4094,4362,SYNTH
2026-04-24 17:10:03.642Z,28.4004,3573,SYNTH
2026-04-24 17:10:04.062Z,28.3978,5587,SYNTH
2026-04-24 17:10:05.680Z,28.3953,4683,SYNTH
2026-04-24 17:10:06.809Z,28.3939,2521,SYNTH
2026-04-24 17:10:07.611Z,28.4032,5198,SYNTH
2026-04-24 17:10:08.683Z,28.4093,2784,SYNTH
2026-04-24 17:10:09.001Z,28.3973,3846,SYNTH
2026-04-24 17:10:10.025Z,28.3883,2490,SYNTH
2026-04-24 17:10:11.242Z,28.3947,13109,SYNTH
2026-04-24 17:10:12.309Z,28.4009,9910,SYNTH
2026-04-24 17:10:13.279Z,28.4055,11708,SYNTH
2026-04-24 17:10:14.150Z,28.4060,2063,SYNTH
2026-04-24 17:10:15.646Z,28.4098,4956,SYNTH
2026-04-24 17:10:16.104Z,28.3982,5504,SYNTH
2026-04-24 17:10:17.273Z,28.4072,8557,SYNTH
2026-04-24 17:10:18.095Z,28.3961,3847,SYNTH
2026-04-24 17:10:19.244Z,28.4074,3747,SYNTH
2026-04-24 17:10:20.731Z,28.4003,2484,SYNTH
2026-04-24 17:10:21.685Z,28.4293,2977,SYNTH
2026-04-24 17:10:22.789Z,28.4429,3878,SYNTH
2026-04-24 17:10:23.097Z,28.4583,3502,SYNTH
2026-04-24 17:10:24.191Z,28.4714,1807,SYNTH
2026-04-24 17:10:25.281Z,28.4844,3806,SYNTH
2026-04-24 17:10:26.590Z,28.5080,3867,SYNTH
2026-04-24 17:10:27.061Z,28.5343,2130,SYNTH
2026-04-24 17:10:28.251Z,28.5579,3128,SYNTH
2026-04-24 17:10:29.254Z,28.5743,4170,SYNTH
2026-04-24 17:10:30.065Z,28.5959,2450,SYNTH
2026-04-24 17:10:31.599Z,28.6094,2236,SYNTH
2026-04-24 17:10:32.227Z,28.6448,2981,SYNTH
2026-04-24 17:10:33.671Z,28.6483,1781,SYNTH
2026-04-24 17:10:34.842Z,28.6665,3702,SYNTH
2026-04-24 17:10:35.891Z,28.6858,3340,SYNTH
2026-04-24 17:10:36.899Z,28.6924,2652,SYNTH
2026-04-24 17:10:37.076Z,28.6845,9345,SYNTH
2026-04-24 17:10:38.893Z,28.7000,7253,SYNTH
2026-04-24 17:10:39.380Z,28.7103,10565,SYNTH
2026-04-24 17:10:40.866Z,28.6930,7334,SYNTH
2026-04-24 17:10:41.603Z,28.6859,2360,SYNTH
2026-04-24 17:10:42.421Z,28.6803,3104,SYNTH
2026-04-24 17:10:43.073Z,28.6636,4608,SYNTH
2026-04-24 17:10:44.644Z,28.6660,3568,SYNTH
2026-04-24 17:10:45.556Z,28.6477,7353,SYNTH
2026-04-24 17:10:46.340Z,28.6434,5689,SYNTH
2026-04-24 17:10:47.873Z,28.6572,5055,SYNTH
2026-04-24 17:10:48.736Z,28.6487,4395,SYNTH
2026-04-24 17:10:49.700Z,28.6454,4419,SYNTH
2026-04-24 17:10:50.608Z,28.6389,5361,SYNTH
2026-04-24 17:10:51.680Z,28.6331,4375,SYNTH
2026-04-24 17:10:52.404Z,28.6309,4649,SYNTH
2026-04-24 17:10:53.398Z,28.6375,4700,SYNTH
2026-04-24 17:10:54.573Z,28.6329,5791,SYNTH
2026-04-24 17:10:55.602Z,28.6258,3926,SYNTH
2026-04-24 17:10:56.241Z,28.6165,3879,SYNTH
2026-04-24 17:10:57.842Z,28.6244,5974,SYNTH
2026-04-24 17:10:58.479Z,28.6239,3611,SYNTH
2026-04-24 17:10:59.778Z,28.6158,3058,SYNTH
2026-04-24 17:11:00.810Z,28.6061,2792,SYNTH
2026-04-24 17:11:01.043Z,28.5977,3437,SYNTH
2026-04-24 17:11:02.662Z,28.6035,3579,SYNTH
2026-04-24 17:11:03.413Z,28.5898,3711,SYNTH
2026-04-24 17:11:04.661Z,28.6030,3760,SYNTH
2026-04-24 17:11:05.428Z,28.5967,3488,SYNTH
2026-04-24 17:11:06.123Z,28.5835,3401,SYNTH
2026-04-24 17:11:07.026Z,28.5786,3263,SYNTH
2026-04-24 17:11:08.420Z,28.5708,3395,SYNTH
2026-04-24 17:11:09.426Z,28.5863,4905,SYNTH
2026-04-24 17:11:10.187Z,28.5625,4648,SYNTH
2026-04-24 17:11:11.696Z,28.5783,9367,SYNTH
2026-04-24 17:11:12.336Z,28.5755,6998,SYNTH
2026-04-24 17:11:13.046Z,28.5665,5393,SYNTH
2026-04-24 17:11:14.158Z,28.5685,2094,SYNTH
2026-04-24 17:11:15.676Z,28.5774,2792,SYNTH
2026-04-24 17:11:16.691Z,28.5787,6639,SYNTH
2026-04-24 17:11:17.372Z,28.5890,5678,SYNTH
2026-04-24 17:11:18.268Z,28.5796,3890,SYNTH
2026-04-24 17:11:19.674Z,28.5816,4426,SYNTH
2026-04-24 17:11:20.711Z,28.6068,2268,SYNTH
2026-04-24 17:11:21.045Z,28.6156,3093,SYNTH
2026-04-24 17:11:22.457Z,28.6322,2424,SYNTH
2026-04-24 17:11:23.759Z,28.6561,3133,SYNTH
2026-04-24 17:11:24.587Z,28.6878,3668,SYNTH
2026-04-24 17:11:25.718Z,28.7127,2459,SYNTH
2026-04-24 17:11:26.639Z,28.7511,2891,SYNTH
2026-04-24 17:11:27.282Z,28.7851,2523,SYNTH
2026-04-24 17:11:28.296Z,28.8140,1938,SYNTH
2026-04-24 17:11:29.319Z,28.8525,1624,SYNTH
2026-04-24 17:11:30.260Z,28.8854,3251,SYNTH
2026-04-24 17:11:31.022Z,28.9199,2845,SYNTH
2026-04-24 17:11:32.113Z,28.9466,2482,SYNTH
2026-04-24 17:11:33.757Z,28.9772,3560,SYNTH
2026-04-24 17:11:34.566Z,28.9984,4043,SYNTH
2026-04-24 17:11:35.283Z,29.0256,3595,SYNTH
2026-04-24 17:11:36.420Z,29.0287,1730,SYNTH
2026-04-24 17:11:37.396Z,29.0443,5738,SYNTH
2026-04-24 17:11:38.340Z,29.0558,6421,SYNTH
2026-04-24 17:11:39.150Z,29.0463,6147,SYNTH
2026-04-24 17:11:40.383Z,29.0371,8747,SYNTH
2026-04-24 17:11:41.791Z,29.0291,2252,SYNTH
2026-04-24 17:11:42.237Z,29.0184,1914,SYNTH
2026-04-24 17:11:43.192Z,29.0134,3906,SYNTH
2026-04-24 17:11:44.699Z,29.0072,4557,SYNTH
2026-04-24 17:11:45.847Z,28.9956,5055,SYNTH
2026-04-24 17:11:46.643Z,28.9839,3659,SYNTH
2026-04-24 17:11:47.173Z,28.9821,6070,SYNTH
2026-04-24 17:11:48.062Z,28.9825,4414,SYNTH
2026-04-24 17:11:49.748Z,29.0006,2211,SYNTH
2026-04-24 17:11:50.500Z,28.9931,2657,SYNTH
2026-04-24 17:11:51.091Z,28.9935,3290,SYNTH
2026-04-24 17:11:52.224Z,28.9824,2444,SYNTH
2026-04-24 17:11:53.184Z,28.9917,2902,SYNTH
2026-04-24 17:11:54.067Z,28.9956,5367,SYNTH
2026-04-24 17:11:55.031Z,28.9862,5084,SYNTH
2026-04-24 17:11:56.357Z,28.9980,3569,SYNTH
2026-04-24 17:11:57.505Z,28.9962,4116,SYNTH
2026-04-24 17:11:58.060Z,28.9998,5264,SYNTH
2026-04-24 17:11:59.370Z,28.9982,3244,SYNTH
2026-04-24 17:12:00.281Z,28.9951,2105,SYNTH
2026-04-24 17:12:01.251Z,29.0083,2266,SYNTH
2026-04-24 17:12:02.539Z,29.0143,2269,SYNTH
2026-04-24 17:12:03.284Z,29.0353,1400,SYNTH
2026-04-24 17:12:04.454Z,29.0473,1386,SYNTH
2026-04-24 17:12:05.796Z,29.0816,2164,SYNTH
2026-04-24 17:12:06.380Z,29.1049,1872,SYNTH
2026-04-24 17:12:07.720Z,29.1378,1932,SYNTH
2026-04-24 17:12:08.225Z,29.1583,2568,SYNTH
2026-04-24 17:12:09.663Z,29.1698,2328,SYNTH
2026-04-24 17:12:10.302Z,29.1814,2385,SYNTH
2026-04-24 17:12:11.431Z,29.2056,3337,SYNTH
2026-04-24 17:12:12.676Z,29.1899,5451,SYNTH
2026-04-24 17:12:13.283Z,29.1832,5705,SYNTH
2026-04-24 17:12:14.516Z,29.1782,2241,SYNTH
2026-04-24 17:12:15.571Z,29.1507,1660,SYNTH
2026-04-24 17:12:16.148Z,29.1367,2424,SYNTH
2026-04-24 17:12:17.795Z,29.1327,3030,SYNTH
2026-04-24 17:12:18.023Z,29.1245,2118,SYNTH
2026-04-24 17:12:19.555Z,29.1335,2011,SYNTH
2026-04-24 17:12:20.027Z,29.1105,2007,SYNTH
2026-04-24 17:12:21.520Z,29.1017,921,SYNTH
2026-04-24 17:12:22.252Z,29.0853,1906,SYNTH
2026-04-24 17:12:23.531Z,29.0707,1147,SYNTH
2026-04-24 17:12:24.147Z,29.0536,1536,SYNTH
2026-04-24 17:12:25.445Z,29.0343,1109,SYNTH
2026-04-24 17:12:26.814Z,29.0155,1610,SYNTH
2026-04-24 17:12:27.693Z,28.9839,1084,SYNTH
2026-04-24 17:12:28.778Z,28.9596,899,SYNTH
2026-04-24 17:12:29.711Z,28.9401,1604,SYNTH
2026-04-24 17:12:30.792Z,28.9117,1143,SYNTH
2026-04-24 17:12:31.131Z,28.8864,1569,SYNTH
2026-04-24 17:12:32.520Z,28.8655,1440,SYNTH
2026-04-24 17:12:33.738Z,28.8512,999,SYNTH
2026-04-24 17:12:34.474Z,28.8316,933,SYNTH
2026-04-24 17:12:35.057Z,28.8246,1688,SYNTH
2026-04-24 17:12:36.723Z,28.8117,932,SYNTH
2026-04-24 17:12:37.304Z,28.8009,3825,SYNTH
2026-04-24 17:12:38.576Z,28.7928,4954,SYNTH
2026-04-24 17:12:39.106Z,28.8117,5185,SYNTH
2026-04-24 17:12:40.736Z,28.8009,3515,SYNTH
2026-04-24 17:12:41.873Z,28.8184,1393,SYNTH
2026-04-24 17:12:42.762Z,28.8081,1951,SYNTH
2026-04-24 17:12:43.289Z,28.8202,1649,SYNTH
2026-04-24 17:12:44.818Z,28.8329,2188,SYNTH
2026-04-24 17:12:45.337Z,28.8373,3383,SYNTH
2026-04-24 17:12:46.605Z,28.8243,1910,SYNTH
2026-04-24 17:12:47.355Z,28.8324,2843,SYNTH
2026-04-24 17:12:48.612Z,28.8432,1264,SYNTH
2026-04-24 17:12:49.050Z,28.8504,1661,SYNTH
2026-04-24 17:12:50.188Z,28.8672,1395,SYNTH
2026-04-24 17:12:51.659Z,28.8848,2396,SYNTH
2026-04-24 17:12:52.539Z,28.9010,1107,SYNTH
2026-04-24 17:12:53.580Z,28.9171,1291,SYNTH
2026-04-24 17:12:54.544Z,28.9381,1439,SYNTH
2026-04-24 17:12:55.400Z,28.9545,2378,SYNTH
2026-04-24 17:12:56.674Z,28.9628,1269,SYNTH
2026-04-24 17:12:57.703Z,28.9757,1417,SYNTH
2026-04-24 17:12:58.705Z,28.9776,2602,SYNTH
2026-04-24 17:12:59.309Z,28.9800,1678,SYNTH
2026-04-24 17:13:00.783Z,28.9009,5048,SYNTH
2026-04-24 17:13:01.023Z,28.9028,5702,SYNTH
2026-04-24 17:13:02.803Z,28.8836,3359,SYNTH
2026-04-24 17:13:03.162Z,28.8811,4661,SYNTH
2026-04-24 17:13:04.002Z,28.8725,3905,SYNTH
2026-04-24 17:13:05.366Z,28.8680,4529,SYNTH
2026-04-24 17:13:06.435Z,28.8542,2710,SYNTH
2026-04-24 17:13:07.498Z,28.8366,4537,SYNTH
2026-04-24 17:13:08.297Z,28.8499,3931,SYNTH
2026-04-24 17:13:09.011Z,28.8192,2386,SYNTH
2026-04-24 17:13:10.840Z,28.8256,4676,SYNTH
2026-04-24 17:13:11.657Z,28.8147,11187,SYNTH
2026-04-24 17:13:12.383Z,28.8242,9969,SYNTH
2026-04-24 17:13:13.660Z,28.8281,8967,SYNTH
2026-04-24 17:13:14.358Z,28.8311,4217,SYNTH
2026-04-24 17:13:15.627Z,28.8224,3172,SYNTH
2026-04-24 17:13:16.779Z,28.8311,3442,SYNTH
2026-04-24 17:13:17.667Z,28.8459,4976,SYNTH
2026-04-24 17:13:18.231Z,28.8439,3807,SYNTH
2026-04-24 17:13:19.437Z,28.8363,3853,SYNTH
2026-04-24 17:13:20.844Z,28.8520,3153,SYNTH
2026-04-24 17:13:21.148Z,28.8605,2911,SYNTH
2026-04-24 17:13:22.764Z,28.8716,1775,SYNTH
2026-04-24 17:13:23.085Z,28.8938,3299,SYNTH
2026-04-24 17:13:24.630Z,28.9035,2802,SYNTH
2026-04-24 17:13:25.643Z,28.9238,3597,SYNTH
2026-04-24 17:13:26.784Z,28.9517,3560,SYNTH
2026-04-24 17:13:27.293Z,28.9723,3368,SYNTH
2026-04-24 17:13:28.112Z,28.9797,2722,SYNTH
2026-04-24 17:13:29.887Z,29.0151,2899,SYNTH
2026-04-24 17:13:30.757Z,29.0329,2760,SYNTH
2026-04-24 17:13:31.475Z,29.0471,2207,SYNTH
2026-04-24 17:13:32.547Z,29.0611,2430,SYNTH
2026-04-24 17:13:33.367Z,29.0879,3000,SYNTH
2026-04-24 17:13:34.022Z,29.0968,2395,SYNTH
2026-04-24 17:13:35.219Z,29.1180,1650,SYNTH
2026-04-24 17:13:36.444Z,29.1145,2456,SYNTH
2026-04-24 17:13:37.813Z,29.1329,6972,SYNTH
2026-04-24 17:13:38.018Z,29.1319,7281,SYNTH
2026-04-24 17:13:39.383Z,29.1327,8143,SYNTH
2026-04-24 17:13:40.538Z,29.1150,4837,SYNTH
2026-04-24 17:13:41.804Z,29.1162,2622,SYNTH
2026-04-24 17:13:42.333Z,29.1059,2660,SYNTH
2026-04-24 17:13:43.376Z,29.0951,2029,SYNTH
2026-04-24 17:13:44.845Z,29.0859,2659,SYNTH
2026-04-24 17:13:45.540Z,29.0931,4124,SYNTH
2026-04-24 17:13:46.854Z,29.0722,5442,SYNTH
2026-04-24 17:13:47.006Z,29.0900,3195,SYNTH
2026-04-24 17:13:48.094Z,29.0769,4154,SYNTH
2026-04-24 17:13:49.537Z,29.0520,4747,SYNTH
2026-04-24 17:13:50.568Z,29.0406,2050,SYNTH
2026-04-24 17:13:51.163Z,29.0197,2187,SYNTH
2026-04-24 17:13:52.168Z,28.9998,2732,SYNTH
2026-04-24 17:13:53.645Z,28.9804,2140,SYNTH
2026-04-24 17:13:54.479Z,28.9543,3122,SYNTH
2026-04-24 17:13:55.834Z,28.9310,2301,SYNTH
2026-04-24 17:13:56.393Z,28.9234,2620,SYNTH
2026-04-24 17:13:57.679Z,28.9098,4269,SYNTH
2026-04-24 17:13:58.642Z,28.9047,4961,SYNTH
2026-04-24 17:13:59.280Z,28.8948,2623,SYNTH
2026-04-24 17:14:00.354Z,28.9055,1083,SYNTH
2026-04-24 17:14:01.799Z,28.9111,1085,SYNTH
2026-04-24 17:14:02.800Z,28.8993,1158,SYNTH
2026-04-24 17:14:03.726Z,28.9097,751,SYNTH
2026-04-24 17:14:04.806Z,28.9093,1077,SYNTH
2026-04-24 17:14:05.652Z,28.8981,561,SYNTH
2026-04-24 17:14:06.086Z,28.9161,996,SYNTH
2026-04-24 17:14:07.601Z,28.9210,930,SYNTH
2026-04-24 17:14:08.315Z,28.9058,1023,SYNTH
2026-04-24 17:14:09.877Z,28.9219,968,SYNTH
2026-04-24 17:14:10.784Z,28.9215,645,SYNTH
2026-04-24 17:14:11.256Z,28.9154,1195,SYNTH
2026-04-24 17:14:12.762Z,28.9285,2468,SYNTH
2026-04-24 17:14:13.388Z,28.9311,2300,SYNTH
2026-04-24 17:14:14.298Z,28.9133,972,SYNTH
2026-04-24 17:14:15.595Z,28.9105,886,SYNTH
2026-04-24 17:14:16.115Z,28.9079,890,SYNTH
2026-04-24 17:14:17.572Z,28.9119,785,SYNTH
2026-04-24 17:14:18.791Z,28.9137,743,SYNTH
2026-04-24 17:14:19.542Z,28.9128,1437,SYNTH
2026-04-24 17:14:20.774Z,28.9061,844,SYNTH
2026-04-24 17:14:21.499Z,28.9027,410,SYNTH
2026-04-24 17:14:22.598Z,28.8927,660,SYNTH
2026-04-24 17:14:23.404Z,28.8805,728,SYNTH
2026-04-24 17:14:24.615Z,28.8635,389,SYNTH
2026-04-24 17:14:25.517Z,28.8530,729,SYNTH
2026-04-24 17:14:26.220Z,28.8407,623,SYNTH
2026-04-24 17:14:27.848Z,28.8184,707,SYNTH
2026-04-24 17:14:28.553Z,28.8040,620,SYNTH
2026-04-24 17:14:29.218Z,28.7901,893,SYNTH
2026-04-24 17:14:30.200Z,28.7837,634,SYNTH
2026-04-24 17:14:31.548Z,28.7546,832,SYNTH
2026-04-24 17:14:32.390Z,28.7490,920,SYNTH
2026-04-24 17:14:33.805Z,28.7278,483,SYNTH
2026-04-24 17:14:34.573Z,28.7177,630,SYNTH
2026-04-24 17:14:35.317Z,28.7046,557,SYNTH
2026-04-24 17:14:36.506Z,28.7056,962,SYNTH
2026-04-24 17:14:37.175Z,28.6993,1402,SYNTH
2026-04-24 17:14:38.891Z,28.7113,1470,SYNTH
2026-04-24 17:14:39.524Z,28.7023,1539,SYNTH
2026-04-24 17:14:40.490Z,28.7103,1946,SYNTH
2026-04-24 17:14:41.450Z,28.7184,941,SYNTH
2026-04-24 17:14:42.013Z,28.7310,428,SYNTH
2026-04-24 17:14:43.773Z,28.7356,922,SYNTH
2026-04-24 17:14:44.018Z,28.7249,567,SYNTH
2026-04-24 17:14:45.079Z,28.7336,823,SYNTH
2026-04-24 17:14:46.063Z,28.7474,673,SYNTH
2026-04-24 17:14:47.553Z,28.7382,1519,SYNTH
2026-04-24 17:14:48.414Z,28.7507,977,SYNTH
2026-04-24 17:14:49.621Z,28.7587,830,SYNTH
2026-04-24 17:14:50.597Z,28.7687,840,SYNTH
2026-04-24 17:14:51.568Z,28.7954,1024,SYNTH
2026-04-24 17:14:52.863Z,28.8055,686,SYNTH
2026-04-24 17:14:53.344Z,28.8332,1174,SYNTH
2026-04-24 17:14:54.587Z,28.8434,1060,SYNTH
2026-04-24 17:14:55.612Z,28.8535,1048,SYNTH
2026-04-24 17:14:56.811Z,28.8632,653,SYNTH
2026-04-24 17:14:57.668Z,28.8835,641,SYNTH
2026-04-24 17:14:58.194Z,28.8939,721,SYNTH
2026-04-24 17:14:59.150Z,28.8878,929,SYNTH
2026-04-24 17:15:00.423Z,28.8598,1335,SYNTH
2026-04-24 17:15:01.759Z,28.8596,1581,SYNTH
2026-04-24 17:15:02.211Z,28.8446,1484,SYNTH
2026-04-24 17:15:03.581Z,28.8414,1226,SYNTH
2026-04-24 17:15:04.329Z,28.8498,1214,SYNTH
2026-04-24 17:15:05.693Z,28.8366,1047,SYNTH
2026-04-24 17:15:06.736Z,28.8255,1113,SYNTH
2026-04-24 17:15:07.727Z,28.8200,1759,SYNTH
2026-04-24 17:15:08.507Z,28.8152,1078,SYNTH
2026-04-24 17:15:09.497Z,28.8265,996,SYNTH
2026-04-24 17:15:10.182Z,28.8117,1422,SYNTH
2026-04-24 17:15:11.440Z,28.8075,3822,SYNTH
2026-04-24 17:15:12.216Z,28.8068,3062,SYNTH
2026-04-24 17:15:13.283Z,28.8108,3958,SYNTH
2026-04-24 17:15:14.190Z,28.8156,942,SYNTH
2026-04-24 17:15:15.585Z,28.8241,757,SYNTH
2026-04-24 17:15:16.194Z,28.8170,1471,SYNTH
2026-04-24 17:15:17.141Z,28.8189,1741,SYNTH
2026-04-24 17:15:18.276Z,28.8336,1289,SYNTH
2026-04-24 17:15:19.284Z,28.8266,2463,SYNTH
2026-04-24 17:15:20.249Z,28.8369,1349,SYNTH
2026-04-24 17:15:21.585Z,28.8457,1274,SYNTH
2026-04-24 17:15:22.560Z,28.8507,1349,SYNTH
2026-04-24 17:15:23.711Z,28.8431,1140,SYNTH
2026-04-24 17:15:24.280Z,28.8619,1272,SYNTH
2026-04-24 17:15:25.682Z,28.8608,634,SYNTH
2026-04-24 17:15:26.221Z,28.8647,1375,SYNTH
2026-04-24 17:15:27.472Z,28.8704,669,SYNTH
2026-04-24 17:15:28.233Z,28.8933,771,SYNTH
2026-04-24 17:15:29.656Z,28.8900,1039,SYNTH
2026-04-24 17:15:30.755Z,28.8995,1173,SYNTH
2026-04-24 17:15:31.835Z,28.9192,1284,SYNTH
2026-04-24 17:15:32.612Z,28.9054,648,SYNTH
2026-04-24 17:15:33.578Z,28.9215,1114,SYNTH
2026-04-24 17:15:34.561Z,28.9278,1238,SYNTH
2026-04-24 17:15:35.692Z,28.9350,992,SYNTH
2026-04-24 17:15:36.764Z,28.9322,575,SYNTH
2026-04-24 17:15:37.053Z,28.9449,2345,SYNTH
2026-04-24 17:15:38.879Z,28.9469,1981,SYNTH
2026-04-24 17:15:39.592Z,28.9360,2540,SYNTH
2026-04-24 17:15:40.307Z,28.9475,2456,SYNTH
2026-04-24 17:15:41.268Z,28.9359,682,SYNTH
2026-04-24 17:15:42.514Z,28.9245,1172,SYNTH
2026-04-24 17:15:43.808Z,28.9195,1013,SYNTH
2026-04-24 17:15:44.192Z,28.9218,829,SYNTH
2026-04-24 17:15:45.818Z,28.9170,1798,SYNTH
2026-04-24 17:15:46.811Z,28.9323,1245,SYNTH
2026-04-24 17:15:47.257Z,28.9195,1264,SYNTH
2026-04-24 17:15:48.859Z,28.9176,1162,SYNTH
2026-04-24 17:15:49.249Z,28.9224,1002,SYNTH
2026-04-24 17:15:50.452Z,28.9077,1140,SYNTH
2026-04-24 17:15:51.765Z,28.8988,1708,SYNTH
2026-04-24 17:15:52.090Z,28.8843,862,SYNTH
2026-04-24 17:15:53.851Z,28.8782,1095,SYNTH
2026-04-24 17:15:54.109Z,28.8850,1824,SYNTH
2026-04-24 17:15:55.732Z,28.8762,1047,SYNTH
2026-04-24 17:15:56.010Z,28.8657,1271,SYNTH
2026-04-24 17:15:57.134Z,28.8712,1720,SYNTH
2026-04-24 17:15:58.220Z,28.8597,965,SYNTH
2026-04-24 17:15:59.269Z,28.8543,2183,SYNTH
2026-04-24 17:16:00.531Z,28.8546,1626,SYNTH
2026-04-24 17:16:01.693Z,28.8449,1770,SYNTH
2026-04-24 17:16:02.261Z,28.8205,1542,SYNTH
2026-04-24 17:16:03.784Z,28.7980,1655,SYNTH
2026-04-24 17:16:04.445Z,28.7728,2095,SYNTH
2026-04-24 17:16:05.224Z,28.7448,2192,SYNTH
2026-04-24 17:16:06.272Z,28.7095,1487,SYNTH
2026-04-24 17:16:07.047Z,28.6654,1117,SYNTH
2026-04-24 17:16:08.688Z,28.6344,1072,SYNTH
2026-04-24 17:16:09.151Z,28.6034,1597,SYNTH
2026-04-24 17:16:10.198Z,28.5875,1179,SYNTH
2026-04-24 17:16:11.039Z,28.5670,2602,SYNTH
2026-04-24 17:16:12.878Z,28.5661,2424,SYNTH
2026-04-24 17:16:13.582Z,28.5847,2633,SYNTH
2026-04-24 17:16:14.659Z,28.5944,926,SYNTH
2026-04-24 17:16:15.532Z,28.6110,1044,SYNTH
2026-04-24 17:16:16.207Z,28.6165,3006,SYNTH
2026-04-24 17:16:17.289Z,28.6356,2256,SYNTH
2026-04-24 17:16:18.810Z,28.6391,1683,SYNTH
2026-04-24 17:16:19.836Z,28.6405,3061,SYNTH
2026-04-24 17:16:20.742Z,28.6528,1595,SYNTH
2026-04-24 17:16:21.665Z,28.6574,1443,SYNTH
2026-04-24 17:16:22.277Z,28.6819,969,SYNTH
2026-04-24 17:16:23.590Z,28.6874,676,SYNTH
2026-04-24 17:16:24.067Z,28.7096,1619,SYNTH
2026-04-24 17:16:25.131Z,28.7350,1602,SYNTH
2026-04-24 17:16:26.274Z,28.7577,1406,SYNTH
2026-04-24 17:16:27.785Z,28.7882,963,SYNTH
2026-04-24 17:16:28.131Z,28.8142,985,SYNTH
2026-04-24 17:16:29.499Z,28.8337,1217,SYNTH
2026-04-24 17:16:30.354Z,28.8681,1200,SYNTH
2026-04-24 17:16:31.725Z,28.8879,1069,SYNTH
2026-04-24 17:16:32.356Z,28.9205,765,SYNTH
2026-04-24 17:16:33.278Z,28.9374,898,SYNTH
2026-04-24 17:16:34.567Z,28.9532,1189,SYNTH
2026-04-24 17:16:35.041Z,28.9695,1212,SYNTH
2026-04-24 17:16:36.793Z,28.9841,810,SYNTH
2026-04-24 17:16:37.311Z,28.9862,3559,SYNTH
2026-04-24 17:16:38.351Z,28.9965,3382,SYNTH
2026-04-24 17:16:39.043Z,28.9996,3890,SYNTH
2026-04-24 17:16:40.279Z,28.9814,3163,SYNTH
2026-04-24 17:16:41.504Z,28.9736,1525,SYNTH
2026-04-24 17:16:42.039Z,28.9679,1600,SYNTH
2026-04-24 17:16:43.694Z,28.9770,1612,SYNTH
2026-04-24 17:16:44.724Z,28.9582,1112,SYNTH
2026-04-24 17:16:45.241Z,28.9582,1253,SYNTH
2026-04-24 17:16:46.647Z,28.9583,1636,SYNTH
2026-04-24 17:16:47.040Z,28.9676,2673,SYNTH
2026-04-24 17:16:48.167Z,28.9597,1412,SYNTH
2026-04-24 17:16:49.562Z,28.9531,1015,SYNTH
2026-04-24 17:16:50.664Z,28.9539,1510,SYNTH
2026-04-24 17:16:51.408Z,28.9683,1702,SYNTH
2026-04-24 17:16:52.349Z,28.9559,1302,SYNTH
2026-04-24 17:16:53.753Z,28.9527,2204,SYNTH
2026-04-24 17:16:54.700Z,28.9400,1924,SYNTH
2026-04-24 17:16:55.046Z,28.9567,2293,SYNTH
2026-04-24 17:16:56.166Z,28.9405,1042,SYNTH
2026-04-24 17:16:57.681Z,28.9530,1993,SYNTH
2026-04-24 17:16:58.048Z,28.9340,1069,SYNTH
2026-04-24 17:16:59.236Z,28.9405,1722,SYNTH
2026-04-24 17:17:00.369Z,28.9513,2343,SYNTH
2026-04-24 17:17:01.213Z,28.9412,1368,SYNTH
2026-04-24 17:17:02.585Z,28.9532,2059,SYNTH
2026-04-24 17:17:03.443Z,28.9298,1368,SYNTH
2026-04-24 17:17:04.664Z,28.9430,2808,SYNTH
2026-04-24 17:17:05.326Z,28.9302,2869,SYNTH
2026-04-24 17:17:06.812Z,28.9158,2160,SYNTH
2026-04-24 17:17:07.251Z,28.9207,2060,SYNTH
2026-04-24 17:17:08.270Z,28.9092,2586,SYNTH
2026-04-24 17:17:09.795Z,28.9033,1454,SYNTH
2026-04-24 17:17:10.654Z,28.9044,1725,SYNTH
2026-04-24 17:17:11.088Z,28.8987,2655,SYNTH
2026-04-24 17:17:12.640Z,28.8968,5135,SYNTH
2026-04-24 17:17:13.896Z,28.9055,2602,SYNTH
2026-04-24 17:17:14.491Z,28.9102,1350,SYNTH
2026-04-24 17:17:15.858Z,28.9066,1596,SYNTH
2026-04-24 17:17:16.013Z,28.9149,2244,SYNTH
2026-04-24 17:17:17.282Z,28.9153,3385,SYNTH
2026-04-24 17:17:18.492Z,28.9197,1818,SYNTH
2026-04-24 17:17:19.081Z,28.9194,3719,SYNTH
2026-04-24 17:17:20.752Z,28.9218,1947,SYNTH
2026-04-24 17:17:21.017Z,28.9253,1246,SYNTH
2026-04-24 17:17:22.297Z,28.9285,1547,SYNTH
2026-04-24 17:17:23.764Z,28.9217,1457,SYNTH
2026-04-24 17:17:24.845Z,28.9371,1658,SYNTH
2026-04-24 17:17:25.330Z,28.9417,945,SYNTH
2026-04-24 17:17:26.519Z,28.9519,1805,SYNTH
2026-04-24 17:17:27.256Z,28.9484,1782,SYNTH
2026-04-24 17:17:28.719Z,28.9563,1099,SYNTH
2026-04-24 17:17:29.381Z,28.9591,1282,SYNTH
2026-04-24 17:17:30.862Z,28.9739,1888,SYNTH
2026-04-24 17:17:31.880Z,28.9805,1619,SYNTH
2026-04-24 17:17:32.461Z,28.9844,890,SYNTH
2026-04-24 17:17:33.755Z,28.9772,1188,SYNTH
2026-04-24 17:17:34.403Z,28.9866,2122,SYNTH
2026-04-24 17:17:35.380Z,28.9938,1115,SYNTH
2026-04-24 17:17:36.015Z,28.9958,2133,SYNTH
2026-04-24 17:17:37.556Z,29.0037,5149,SYNTH
2026-04-24 17:17:38.550Z,29.0063,2355,SYNTH
2026-04-24 17:17:39.029Z,28.9901,5595,SYNTH
2026-04-24 17:17:40.471Z,29.0033,2361,SYNTH
2026-04-24 17:17:41.250Z,28.9942,1165,SYNTH
2026-04-24 17:17:42.361Z,29.0049,1876,SYNTH
2026-04-24 17:17:43.568Z,28.9912,1056,SYNTH
2026-04-24 17:17:44.211Z,28.9852,1269,SYNTH
2026-04-24 17:17:45.012Z,29.0044,2790,SYNTH
2026-04-24 17:17:46.349Z,28.9924,2388,SYNTH
2026-04-24 17:17:47.648Z,28.9886,3272,SYNTH
2026-04-24 17:17:48.352Z,28.9889,1797,SYNTH
2026-04-24 17:17:49.200Z,29.0054,1580,SYNTH
2026-04-24 17:17:50.865Z,28.9900,1231,SYNTH
2026-04-24 17:17:51.361Z,29.0032,1198,SYNTH
2026-04-24 17:17:52.430Z,29.0014,2738,SYNTH
2026-04-24 17:17:53.197Z,28.9888,1330,SYNTH
2026-04-24 17:17:54.758Z,28.9975,1298,SYNTH
2026-04-24 17:17:55.618Z,28.9985,1488,SYNTH
2026-04-24 17:17:56.719Z,29.0016,1507,SYNTH
2026-04-24 17:17:57.643Z,28.9991,1874,SYNTH
2026-04-24 17:17:58.349Z,29.0063,2856,SYNTH
2026-04-24 17:17:59.386Z,28.9977,2398,SYNTH
2026-04-24 17:18:00.873Z,29.0018,3566,SYNTH
2026-04-24 17:18:01.426Z,28.9913,4588,SYNTH
2026-04-24 17:18:02.191Z,29.0118,4143,SYNTH
2026-04-24 17:18:03.803Z,29.0147,2066,SYNTH
2026-04-24 17:18:04.890Z,29.0273,2831,SYNTH
2026-04-24 17:18:05.023Z,29.0461,3914,SYNTH
2026-04-24 17:18:06.669Z,29.0539,3804,SYNTH
2026-04-24 17:18:07.662Z,29.0705,2285,SYNTH
2026-04-24 17:18:08.620Z,29.0857,2502,SYNTH
2026-04-24 17:18:09.292Z,29.0834,3656,SYNTH
2026-04-24 17:18:10.303Z,29.0981,2539,SYNTH
2026-04-24 17:18:11.508Z,29.1012,5120,SYNTH
2026-04-24 17:18:12.830Z,29.0928,7814,SYNTH
2026-04-24 17:18:13.400Z,29.1062,8475,SYNTH
2026-04-24 17:18:14.795Z,29.0833,3043,SYNTH
2026-04-24 17:18:15.572Z,29.0804,2677,SYNTH
2026-04-24 17:18:16.313Z,29.0777,5860,SYNTH
2026-04-24 17:18:17.215Z,29.0678,2742,SYNTH
2026-04-24 17:18:18.300Z,29.0671,4022,SYNTH
2026-04-24 17:18:19.747Z,29.0648,2631,SYNTH
2026-04-24 17:18:20.579Z,29.0585,2561,SYNTH
2026-04-24 17:18:21.725Z,29.0582,1805,SYNTH
2026-04-24 17:18:22.709Z,29.0430,1339,SYNTH
2026-04-24 17:18:23.232Z,29.0385,2491,SYNTH
2026-04-24 17:18:24.236Z,29.0250,2690,SYNTH
2026-04-24 17:18:25.337Z,29.0147,2394,SYNTH
2026-04-24 17:18:26.747Z,29.0024,2516,SYNTH
2026-04-24 17:18:27.230Z,28.9901,1301,SYNTH
2026-04-24 17:18:28.647Z,28.9702,2079,SYNTH
2026-04-24 17:18:29.068Z,28.9538,1397,SYNTH
2026-04-24 17:18:30.699Z,28.9469,2903,SYNTH
2026-04-24 17:18:31.011Z,28.9287,2641,SYNTH
2026-04-24 17:18:32.131Z,28.9183,1451,SYNTH
2026-04-24 17:18:33.547Z,28.9036,2967,SYNTH
2026-04-24 17:18:34.755Z,28.8987,1764,SYNTH
2026-04-24 17:18:35.093Z,28.8873,2538,SYNTH
2026-04-24 17:18:36.787Z,28.8849,2912,SYNTH
2026-04-24 17:18:37.211Z,28.8856,5151,SYNTH
2026-04-24 17:18:38.856Z,28.8699,4896,SYNTH
2026-04-24 17:18:39.805Z,28.8810,4374,SYNTH
2026-04-24 17:18:40.843Z,28.8787,5035,SYNTH
2026-04-24 17:18:41.610Z,28.8881,2089,SYNTH
2026-04-24 17:18:42.342Z,28.8927,2798,SYNTH
2026-04-24 17:18:43.359Z,28.8982,2109,SYNTH
2026-04-24 17:18:44.871Z,28.9047,1525,SYNTH
2026-04-24 17:18:45.219Z,28.8943,4665,SYNTH
2026-04-24 17:18:46.517Z,28.9025,2918,SYNTH
2026-04-24 17:18:47.158Z,28.9023,3273,SYNTH
2026-04-24 17:18:48.813Z,28.8927,3236,SYNTH
2026-04-24 17:18:49.124Z,28.9008,2659,SYNTH
2026-04-24 17:18:50.619Z,28.9085,3105,SYNTH
2026-04-24 17:18:51.686Z,28.9316,3576,SYNTH
2026-04-24 17:18:52.440Z,28.9366,2929,SYNTH
2026-04-24 17:18:53.114Z,28.9400,3202,SYNTH
2026-04-24 17:18:54.074Z,28.9507,2533,SYNTH
2026-04-24 17:18:55.318Z,28.9544,3784,SYNTH
2026-04-24 17:18:56.879Z,28.9607,2349,SYNTH
2026-04-24 17:18:57.260Z,28.9631,2158,SYNTH
2026-04-24 17:18:58.356Z,28.9724,3986,SYNTH
2026-04-24 17:18:59.186Z,28.9693,3410,SYNTH
2026-04-24 17:19:00.721Z,28.9747,1434,SYNTH
2026-04-24 17:19:01.516Z,28.9593,1866,SYNTH
2026-04-24 17:19:02.607Z,28.9836,1452,SYNTH
2026-04-24 17:19:03.092Z,28.9743,2312,SYNTH
2026-04-24 17:19:04.744Z,28.9877,1334,SYNTH
2026-04-24 17:19:05.333Z,28.9904,1182,SYNTH
2026-04-24 17:19:06.824Z,28.9956,1270,SYNTH
2026-04-24 17:19:07.231Z,28.9825,2141,SYNTH
2026-04-24 17:19:08.886Z,29.0031,1557,SYNTH
2026-04-24 17:19:09.888Z,28.9892,1167,SYNTH
2026-04-24 17:19:10.736Z,29.0102,1918,SYNTH
2026-04-24 17:19:11.503Z,28.9959,3945,SYNTH
2026-04-24 17:19:12.458Z,29.0052,2129,SYNTH
2026-04-24 17:19:13.692Z,29.0092,4640,SYNTH
2026-04-24 17:19:14.573Z,28.9883,816,SYNTH
2026-04-24 17:19:15.452Z,28.9835,1183,SYNTH
2026-04-24 17:19:16.757Z,28.9910,2156,SYNTH
2026-04-24 17:19:17.812Z,28.9857,1541,SYNTH
2026-04-24 17:19:18.624Z,28.9961,1516,SYNTH
2026-04-24 17:19:19.011Z,28.9882,2544,SYNTH
2026-04-24 17:19:20.639Z,28.9785,837,SYNTH
2026-04-24 17:19:21.497Z,28.9775,1585,SYNTH
2026-04-24 17:19:22.534Z,28.9613,1037,SYNTH
2026-04-24 17:19:23.304Z,28.9593,1390,SYNTH
2026-04-24 17:19:24.402Z,28.9431,1597,SYNTH
2026-04-24 17:19:25.135Z,28.9328,1359,SYNTH
2026-04-24 17:19:26.694Z,28.9295,796,SYNTH
2026-04-24 17:19:27.191Z,28.9066,1338,SYNTH
2026-04-24 17:19:28.362Z,28.9034,725,SYNTH
2026-04-24 17:19:29.204Z,28.8794,1176,SYNTH
2026-04-24 17:19:30.498Z,28.8778,803,SYNTH
2026-04-24 17:19:31.873Z,28.8535,1538,SYNTH
2026-04-24 17:19:32.585Z,28.8573,1415,SYNTH
2026-04-24 17:19:33.028Z,28.8329,1488,SYNTH
2026-04-24 17:19:34.060Z,28.8216,1432,SYNTH
2026-04-24 17:19:35.523Z,28.8310,954,SYNTH
2026-04-24 17:19:36.179Z,28.8041,1455,SYNTH
2026-04-24 17:19:37.248Z,28.8058,2340,SYNTH
2026-04-24 17:19:38.000Z,28.8112,2238,SYNTH
2026-04-24 17:19:39.381Z,28.8009,3459,SYNTH
2026-04-24 17:19:40.415Z,28.8157,2831,SYNTH
2026-04-24 17:19:41.493Z,28.8212,814,SYNTH
2026-04-24 17:19:42.736Z,28.8317,1130,SYNTH
2026-04-24 17:19:43.235Z,28.8428,967,SYNTH
2026-04-24 17:19:44.388Z,28.8459,963,SYNTH
2026-04-24 17:19:45.812Z,28.8336,1540,SYNTH
2026-04-24 17:19:46.748Z,28.8438,2708,SYNTH
2026-04-24 17:19:47.333Z,28.8477,2920,SYNTH
2026-04-24 17:19:48.477Z,28.8585,1667,SYNTH
2026-04-24 17:19:49.793Z,28.8438,1297,SYNTH
2026-04-24 17:19:50.201Z,28.8588,1293,SYNTH
2026-04-24 17:19:51.779Z,28.8655,2174,SYNTH
2026-04-24 17:19:52.318Z,28.8791,1572,SYNTH
2026-04-24 17:19:53.124Z,28.8805,1206,SYNTH
2026-04-24 17:19:54.290Z,28.8731,1271,SYNTH
2026-04-24 17:19:55.588Z,28.8848,1424,SYNTH
2026-04-24 17:19:56.626Z,28.8882,1906,SYNTH
2026-04-24 17:19:57.362Z,28.8978,1677,SYNTH
2026-04-24 17:19:58.092Z,28.9038,2348,SYNTH
2026-04-24 17:19:59.781Z,28.8940,2408,SYNTH
2026-04-24 17:20:00.129Z,28.9234,2507,SYNTH
2026-04-24 17:20:01.529Z,28.9155,1638,SYNTH
2026-04-24 17:20:02.778Z,28.9111,1428,SYNTH
2026-04-24 17:20:03.561Z,28.9230,1587,SYNTH
2026-04-24 17:20:04.441Z,28.9115,2968,SYNTH
2026-04-24 17:20:05.768Z,28.9231,1804,SYNTH
2026-04-24 17:20:06.299Z,28.9184,1708,SYNTH
2026-04-24 17:20:07.059Z,28.9092,1672,SYNTH
2026-04-24 17:20:08.245Z,28.9241,1088,SYNTH
2026-04-24 17:20:09.582Z,28.9208,1686,SYNTH
2026-04-24 17:20:10.105Z,28.9153,2250,SYNTH
2026-04-24 17:20:11.214Z,28.9141,4778,SYNTH
2026-04-24 17:20:12.719Z,28.9203,2570,SYNTH
2026-04-24 17:20:13.365Z,28.9292,3059,SYNTH
2026-04-24 17:20:14.147Z,28.9187,1677,SYNTH
2026-04-24 17:20:15.620Z,28.9078,1217,SYNTH
2026-04-24 17:20:16.420Z,28.9199,2193,SYNTH
2026-04-24 17:20:17.173Z,28.9222,3354,SYNTH
2026-04-24 17:20:18.593Z,28.9113,2376,SYNTH
2026-04-24 17:20:19.492Z,28.9112,2112,SYNTH
2026-04-24 17:20:20.133Z,28.9081,1813,SYNTH
2026-04-24 17:20:21.408Z,28.9080,867,SYNTH
2026-04-24 17:20:22.679Z,28.9059,1141,SYNTH
2026-04-24 17:20:23.897Z,28.8887,2021,SYNTH
2026-04-24 17:20:24.881Z,28.8780,1312,SYNTH
2026-04-24 17:20:25.738Z,28.8641,1368,SYNTH
2026-04-24 17:20:26.288Z,28.8590,833,SYNTH
2026-04-24 17:20:27.169Z,28.8537,1632,SYNTH
2026-04-24 17:20:28.297Z,28.8264,1723,SYNTH
2026-04-24 17:20:29.536Z,28.8172,2010,SYNTH
2026-04-24 17:20:30.749Z,28.8045,1301,SYNTH
2026-04-24 17:20:31.317Z,28.7933,1853,SYNTH
2026-04-24 17:20:32.484Z,28.7833,1695,SYNTH
2026-04-24 17:20:33.413Z,28.7732,2053,SYNTH
2026-04-24 17:20:34.350Z,28.7727,1927,SYNTH
2026-04-24 17:20:35.809Z,28.7513,1699,SYNTH
2026-04-24 17:20:36.676Z,28.7531,1911,SYNTH
2026-04-24 17:20:37.075Z,28.7466,2761,SYNTH
2026-04-24 17:20:38.573Z,28.7423,3593,SYNTH
2026-04-24 17:20:39.310Z,28.7553,4060,SYNTH
2026-04-24 17:20:40.895Z,28.7616,2738,SYNTH
2026-04-24 17:20:41.615Z,28.7531,1083,SYNTH
2026-04-24 17:20:42.664Z,28.7584,1981,SYNTH
2026-04-24 17:20:43.882Z,28.7666,1724,SYNTH
2026-04-24 17:20:44.789Z,28.7804,2327,SYNTH
2026-04-24 17:20:45.215Z,28.7780,1528,SYNTH
2026-04-24 17:20:46.565Z,28.7695,3346,SYNTH
2026-04-24 17:20:47.533Z,28.7840,1542,SYNTH
2026-04-24 17:20:48.631Z,28.7824,2057,SYNTH
2026-04-24 17:20:49.652Z,28.7845,2581,SYNTH
2026-04-24 17:20:50.382Z,28.7736,1290,SYNTH
2026-04-24 17:20:51.707Z,28.7755,2456,SYNTH
2026-04-24 17:20:52.179Z,28.7692,2375,SYNTH
2026-04-24 17:20:53.894Z,28.7769,2126,SYNTH
2026-04-24 17:20:54.266Z,28.7651,2865,SYNTH
2026-04-24 17:20:55.379Z,28.7644,1437,SYNTH
2026-04-24 17:20:56.191Z,28.7718,2545,SYNTH
2026-04-24 17:20:57.875Z,28.7627,2078,SYNTH
2026-04-24 17:20:58.601Z,28.7801,1495,SYNTH
2026-04-24 17:20:59.738Z,28.7658,1513,SYNTH
2026-04-24 17:21:00.077Z,28.7651,3140,SYNTH
2026-04-24 17:21:01.575Z,28.7498,1457,SYNTH
2026-04-24 17:21:02.451Z,28.7647,2240,SYNTH
2026-04-24 17:21:03.110Z,28.7463,3087,SYNTH
2026-04-24 17:21:04.714Z,28.7568,1741,SYNTH
2026-04-24 17:21:05.197Z,28.7481,1482,SYNTH
2026-04-24 17:21:06.097Z,28.7591,2645,SYNTH
2026-04-24 17:21:07.018Z,28.7501,2590,SYNTH
2026-04-24 17:21:08.404Z,28.7378,2026,SYNTH
2026-04-24 17:21:09.801Z,28.7354,1191,SYNTH
2026-04-24 17:21:10.185Z,28.7494,1809,SYNTH
2026-04-24 17:21:11.736Z,28.7511,4174,SYNTH
2026-04-24 17:21:12.793Z,28.7541,2853,SYNTH
2026-04-24 17:21:13.708Z,28.7369,6059,SYNTH
2026-04-24 17:21:14.653Z,28.7413,1412,SYNTH
2026-04-24 17:21:15.337Z,28.7526,2149,SYNTH
2026-04-24 17:21:16.194Z,28.7368,2080,SYNTH
2026-04-24 17:21:17.761Z,28.7557,3040,SYNTH
2026-04-24 17:21:18.202Z,28.7472,2246,SYNTH
2026-04-24 17:21:19.153Z,28.7566,1745,SYNTH
2026-04-24 17:21:20.693Z,28.7564,2154,SYNTH
2026-04-24 17:21:21.402Z,28.7611,1358,SYNTH
2026-04-24 17:21:22.593Z,28.7621,925,SYNTH
2026-04-24 17:21:23.431Z,28.7706,1630,SYNTH
2026-04-24 17:21:24.367Z,28.7887,931,SYNTH
2026-04-24 17:21:25.724Z,28.7934,1722,SYNTH
2026-04-24 17:21:26.081Z,28.8113,1340,SYNTH
2026-04-24 17:21:27.599Z,28.8236,1495,SYNTH
2026-04-24 17:21:28.291Z,28.8319,1634,SYNTH
2026-04-24 17:21:29.510Z,28.8330,1367,SYNTH
2026-04-24 17:21:30.206Z,28.8575,1105,SYNTH
2026-04-24 17:21:31.766Z,28.8658,2079,SYNTH
2026-04-24 17:21:32.445Z,28.8662,1251,SYNTH
2026-04-24 17:21:33.517Z,28.8757,1430,SYNTH
2026-04-24 17:21:34.500Z,28.8898,1477,SYNTH
2026-04-24 17:21:35.310Z,28.8980,1326,SYNTH
2026-04-24 17:21:36.186Z,28.8951,1658,SYNTH
2026-04-24 17:21:37.443Z,28.8987,2621,SYNTH
2026-04-24 17:21:38.076Z,28.8956,2879,SYNTH
2026-04-24 17:21:39.232Z,28.8914,2843,SYNTH
2026-04-24 17:21:40.318Z,28.8916,2741,SYNTH
2026-04-24 17:21:41.750Z,28.8848,959,SYNTH
2026-04-24 17:21:42.206Z,28.8811,2127,SYNTH
2026-04-24 17:21:43.504Z,28.8771,1575,SYNTH
2026-04-24 17:21:44.832Z,28.8783,1324,SYNTH
2026-04-24 17:21:45.517Z,28.8832,1673,SYNTH
2026-04-24 17:21:46.123Z,28.8887,2109,SYNTH
2026-04-24 17:21:47.740Z,28.8760,3465,SYNTH
2026-04-24 17:21:48.811Z,28.8666,2422,SYNTH
2026-04-24 17:21:49.040Z,28.8835,1814,SYNTH
2026-04-24 17:21:50.156Z,28.8610,2743,SYNTH
2026-04-24 17:21:51.626Z,28.8516,1204,SYNTH
2026-04-24 17:21:52.523Z,28.8520,2760,SYNTH
2026-04-24 17:21:53.805Z,28.8501,2208,SYNTH
2026-04-24 17:21:54.513Z,28.8344,2101,SYNTH
2026-04-24 17:21:55.217Z,28.8343,2461,SYNTH
2026-04-24 17:21:56.804Z,28.8309,2730,SYNTH
2026-04-24 17:21:57.872Z,28.8184,1849,SYNTH
2026-04-24 17:21:58.092Z,28.8205,1705,SYNTH
2026-04-24 17:21:59.686Z,28.8285,3179,SYNTH
2026-04-24 17:22:00.609Z,28.7639,2551,SYNTH
2026-04-24 17:22:01.003Z,28.7567,1594,SYNTH
2026-04-24 17:22:02.808Z,28.7732,2346,SYNTH
2026-04-24 17:22:03.806Z,28.7791,1853,SYNTH
2026-04-24 17:22:04.084Z,28.7677,1334,SYNTH
2026-04-24 17:22:05.302Z,28.7769,1971,SYNTH
2026-04-24 17:22:06.288Z,28.7853,1257,SYNTH
2026-04-24 17:22:07.413Z,28.7966,2178,SYNTH
2026-04-24 17:22:08.713Z,28.7998,1369,SYNTH
2026-04-24 17:22:09.236Z,28.8082,1701,SYNTH
2026-04-24 17:22:10.366Z,28.8002,1798,SYNTH
2026-04-24 17:22:11.070Z,28.8119,5098,SYNTH
2026-04-24 17:22:12.026Z,28.7966,4509,SYNTH
2026-04-24 17:22:13.117Z,28.8065,4399,SYNTH
2026-04-24 17:22:14.371Z,28.7951,1052,SYNTH
2026-04-24 17:22:15.465Z,28.7950,1711,SYNTH
2026-04-24 17:22:16.863Z,28.7994,3151,SYNTH
2026-04-24 17:22:17.089Z,28.8036,2636,SYNTH
2026-04-24 17:22:18.478Z,28.7854,2331,SYNTH
2026-04-24 17:22:19.035Z,28.7813,1591,SYNTH
2026-04-24 17:22:20.676Z,28.7838,778,SYNTH
2026-04-24 17:22:21.888Z,28.7684,751,SYNTH
2026-04-24 17:22:22.700Z,28.7639,1697,SYNTH
2026-04-24 17:22:23.551Z,28.7439,1429,SYNTH
2026-04-24 17:22:24.759Z,28.7320,1069,SYNTH
2026-04-24 17:22:25.074Z,28.7104,1104,SYNTH
2026-04-24 17:22:26.474Z,28.6882,1229,SYNTH
2026-04-24 17:22:27.865Z,28.6686,1199,SYNTH
2026-04-24 17:22:28.674Z,28.6493,1339,SYNTH
2026-04-24 17:22:29.295Z,28.6276,1555,SYNTH
2026-04-24 17:22:30.090Z,28.6179,846,SYNTH
2026-04-24 17:22:31.733Z,28.5897,923,SYNTH
2026-04-24 17:22:32.845Z,28.5839,1509,SYNTH
2026-04-24 17:22:33.503Z,28.5548,1494,SYNTH
2026-04-24 17:22:34.131Z,28.5552,1692,SYNTH
2026-04-24 17:22:35.724Z,28.5412,1170,SYNTH
2026-04-24 17:22:36.884Z,28.5319,1564,SYNTH
2026-04-24 17:22:37.404Z,28.5260,2119,SYNTH
2026-04-24 17:22:38.086Z,28.5217,2671,SYNTH
2026-04-24 17:22:39.020Z,28.5164,3325,SYNTH
2026-04-24 17:22:40.221Z,28.5300,2500,SYNTH
2026-04-24 17:22:41.106Z,28.5212,1859,SYNTH
2026-04-24 17:22:42.783Z,28.5340,1338,SYNTH
2026-04-24 17:22:43.305Z,28.5472,941,SYNTH
2026-04-24 17:22:44.430Z,28.5584,837,SYNTH
2026-04-24 17:22:45.317Z,28.5467,2815,SYNTH
2026-04-24 17:22:46.158Z,28.5593,2629,SYNTH
2026-04-24 17:22:47.036Z,28.5450,2706,SYNTH
2026-04-24 17:22:48.134Z,28.5587,1267,SYNTH
2026-04-24 17:22:49.790Z,28.5723,1073,SYNTH
2026-04-24 17:22:50.866Z,28.5713,1005,SYNTH
2026-04-24 17:22:51.646Z,28.5759,1350,SYNTH
2026-04-24 17:22:52.638Z,28.5848,1668,SYNTH
2026-04-24 17:22:53.674Z,28.5928,1694,SYNTH
2026-04-24 17:22:54.706Z,28.6068,1988,SYNTH
2026-04-24 17:22:55.464Z,28.6247,2456,SYNTH
2026-04-24 17:22:56.451Z,28.6252,2011,SYNTH
2026-04-24 17:22:57.624Z,28.6300,1345,SYNTH
2026-04-24 17:22:58.750Z,28.6224,1552,SYNTH
2026-04-24 17:22:59.466Z,28.6314,2280,SYNTH
2026-04-24 17:23:00.030Z,28.6202,941,SYNTH
2026-04-24 17:23:01.830Z,28.6260,975,SYNTH
2026-04-24 17:23:02.238Z,28.6191,866,SYNTH
2026-04-24 17:23:03.787Z,28.6090,975,SYNTH
2026-04-24 17:23:04.476Z,28.6052,535,SYNTH
2026-04-24 17:23:05.050Z,28.6039,793,SYNTH
2026-04-24 17:23:06.486Z,28.5989,615,SYNTH
2026-04-24 17:23:07.265Z,28.5949,684,SYNTH
2026-04-24 17:23:08.330Z,28.5992,1004,SYNTH
2026-04-24 17:23:09.266Z,28.5866,526,SYNTH
2026-04-24 17:23:10.581Z,28.5887,1006,SYNTH
2026-04-24 17:23:11.602Z,28.5938,1568,SYNTH
2026-04-24 17:23:12.316Z,28.5827,2219,SYNTH
2026-04-24 17:23:13.614Z,28.5968,1292,SYNTH
2026-04-24 17:23:14.172Z,28.6032,612,SYNTH
2026-04-24 17:23:15.894Z,28.6048,777,SYNTH
2026-04-24 17:23:16.141Z,28.5913,1578,SYNTH
2026-04-24 17:23:17.356Z,28.5997,1233,SYNTH
2026-04-24 17:23:18.078Z,28.5884,1067,SYNTH
2026-04-24 17:23:19.143Z,28.6093,1187,SYNTH
2026-04-24 17:23:20.360Z,28.5990,392,SYNTH
2026-04-24 17:23:21.624Z,28.6294,648,SYNTH
2026-04-24 17:23:22.257Z,28.6299,748,SYNTH
2026-04-24 17:23:23.471Z,28.6489,466,SYNTH
2026-04-24 17:23:24.519Z,28.6653,505,SYNTH
2026-04-24 17:23:25.312Z,28.6847,607,SYNTH
2026-04-24 17:23:26.707Z,28.7021,567,SYNTH
2026-04-24 17:23:27.059Z,28.7289,342,SYNTH
2026-04-24 17:23:28.857Z,28.7358,727,SYNTH
2026-04-24 17:23:29.369Z,28.7628,440,SYNTH
2026-04-24 17:23:30.181Z,28.7878,428,SYNTH
2026-04-24 17:23:31.120Z,28.7932,630,SYNTH
2026-04-24 17:23:32.452Z,28.8098,470,SYNTH
2026-04-24 17:23:33.814Z,28.8408,817,SYNTH
2026-04-24 17:23:34.289Z,28.8453,747,SYNTH
2026-04-24 17:23:35.341Z,28.8643,551,SYNTH
2026-04-24 17:23:36.215Z,28.8733,750,SYNTH
2026-04-24 17:23:37.284Z,28.8810,1273,SYNTH
2026-04-24 17:23:38.646Z,28.8817,1696,SYNTH
2026-04-24 17:23:39.806Z,28.8738,1939,SYNTH
2026-04-24 17:23:40.402Z,28.8859,1854,SYNTH
2026-04-24 17:23:41.541Z,28.8668,584,SYNTH
2026-04-24 17:23:42.318Z,28.8651,411,SYNTH
