TimestampUtc,Bid,Ask,BidSize,AskSize,SpreadBps
2026-03-09 13:30:00.288Z,34.6847,34.7153,100,100,8.8
2026-03-09 13:30:01.564Z,34.6780,34.7124,100,100,9.9
2026-03-09 13:30:02.606Z,34.6916,34.7234,100,100,9.2
2026-03-09 13:30:03.217Z,34.6878,34.7192,100,100,9.0
2026-03-09 13:30:04.366Z,34.6740,34.7138,100,100,11.5
2026-03-09 13:30:05.168Z,34.6773,34.7093,100,100,9.2
2026-03-09 13:30:06.131Z,34.6761,34.7085,100,100,9.3
2026-03-09 13:30:07.136Z,34.6754,34.7124,100,100,10.7
2026-03-09 13:30:08.500Z,34.6800,34.7138,100,100,9.7
2026-03-09 13:30:09.387Z,34.6858,34.7234,100,100,10.8
2026-03-09 13:30:10.858Z,34.6872,34.7166,100,100,8.5
2026-03-09 13:30:11.415Z,34.6751,34.7121,100,100,10.7
2026-03-09 13:30:12.885Z,34.6796,34.7088,100,100,8.4
2026-03-09 13:30:13.009Z,34.6926,34.7242,100,100,9.1
2026-03-09 13:30:14.218Z,34.6805,34.7133,100,100,9.5
2026-03-09 13:30:15.646Z,34.6795,34.7127,100,100,9.6
2026-03-09 13:30:16.372Z,34.6825,34.7145,100,100,9.2
2026-03-09 13:30:17.718Z,34.6765,34.7103,100,100,9.7
2026-03-09 13:30:18.400Z,34.6800,34.7066,100,100,7.7
2026-03-09 13:30:19.138Z,34.6754,34.7070,100,100,9.1
2026-03-09 13:30:20.265Z,34.6766,34.7092,100,100,9.4
2026-03-09 13:30:21.593Z,34.6763,34.7025,100,100,7.6
2026-03-09 13:30:22.652Z,34.6655,34.7005,100,100,10.1
2026-03-09 13:30:23.370Z,34.6558,34.6946,100,100,11.2
2026-03-09 13:30:24.379Z,34.6300,34.6750,100,100,13.0
2026-03-09 13:30:25.020Z,34.6349,34.6617,100,100,7.7
2026-03-09 13:30:26.162Z,34.6128,34.6480,100,100,10.2
2026-03-09 13:30:27.696Z,34.6119,34.6415,100,100,8.5
2026-03-09 13:30:28.661Z,34.5780,34.6276,100,100,14.3
2026-03-09 13:30:29.728Z,34.5908,34.6178,100,100,7.8
2026-03-09 13:30:30.258Z,34.5700,34.6134,100,100,12.5
2026-03-09 13:30:31.515Z,34.5505,34.5909,100,100,11.7
2026-03-09 13:30:32.516Z,34.5371,34.5689,100,100,9.2
2026-03-09 13:30:33.419Z,34.5376,34.5682,100,100,8.9
2026-03-09 13:30:34.074Z,34.5205,34.5585,100,100,11.0
2026-03-09 13:30:35.416Z,34.5158,34.5464,100,100,8.9
2026-03-09 13:30:36.747Z,34.5098,34.5398,100,100,8.7
2026-03-09 13:30:37.166Z,34.5025,34.5315,100,100,8.4
2026-03-09 13:30:38.256Z,34.4964,34.5304,100,100,9.9
2026-03-09 13:30:39.614Z,34.5043,34.5397,100,100,10.3
2026-03-09 13:30:40.235Z,34.5063,34.5323,100,100,7.5
2026-03-09 13:30:41.628Z,34.5094,34.5430,100,100,9.7
2026-03-09 13:30:42.304Z,34.5163,34.5455,100,100,8.5
2026-03-09 13:30:43.276Z,34.5224,34.5638,100,100,12.0
2026-03-09 13:30:44.287Z,34.5212,34.5536,100,100,9.4
2026-03-09 13:30:45.369Z,34.5316,34.5688,100,100,10.8
2026-03-09 13:30:46.788Z,34.5401,34.5667,100,100,7.7
2026-03-09 13:30:47.680Z,34.5322,34.5654,100,100,9.6
2026-03-09 13:30:48.609Z,34.5187,34.5577,100,100,11.3
2026-03-09 13:30:49.031Z,34.5319,34.5603,100,100,8.2
2026-03-09 13:30:50.737Z,34.5215,34.5575,100,100,10.4
2026-03-09 13:30:51.719Z,34.5178,34.5500,100,100,9.3
2026-03-09 13:30:52.131Z,34.5201,34.5515,100,100,9.1
2026-03-09 13:30:53.212Z,34.5196,34.5454,100,100,7.5
2026-03-09 13:30:54.659Z,34.5118,34.5474,100,100,10.3
2026-03-09 13:30:55.496Z,34.5184,34.5448,100,100,7.6
2026-03-09 13:30:56.293Z,34.5072,34.5416,100,100,10.0
2026-03-09 13:30:57.152Z,34.5018,34.5298,100,100,8.1
2026-03-09 13:30:58.275Z,34.5071,34.5381,100,100,9.0
2026-03-09 13:30:59.123Z,34.5070,34.5330,100,100,7.5
2026-03-09 13:35:00.113Z,34.5546,34.5854,100,100,8.9
2026-03-09 13:35:01.464Z,34.5606,34.5922,100,100,9.1
2026-03-09 13:35:02.694Z,34.5415,34.5817,100,100,11.6
2026-03-09 13:35:03.493Z,34.5609,34.5961,100,100,10.2
2026-03-09 13:35:04.800Z,34.5532,34.5912,100,100,11.0
2026-03-09 13:35:05.462Z,34.5533,34.5893,100,100,10.4
2026-03-09 13:35:06.841Z,34.5478,34.5850,100,100,10.8
2026-03-09 13:35:07.215Z,34.5467,34.5823,100,100,10.3
2026-03-09 13:35:08.564Z,34.5573,34.5885,100,100,9.0
2026-03-09 13:35:09.705Z,34.5545,34.5809,100,100,7.6
2026-03-09 13:35:10.040Z,34.5466,34.5816,100,100,10.1
2026-03-09 13:35:11.238Z,34.5530,34.5838,100,100,8.9
2026-03-09 13:35:12.504Z,34.5583,34.5973,100,100,11.3
2026-03-09 13:35:13.811Z,34.5565,34.5867,100,100,8.7
2026-03-09 13:35:14.607Z,34.5516,34.5846,100,100,9.5
2026-03-09 13:35:15.544Z,34.5582,34.5908,100,100,9.4
2026-03-09 13:35:16.437Z,34.5503,34.5877,100,100,10.8
2026-03-09 13:35:17.164Z,34.5633,34.5909,100,100,8.0
2026-03-09 13:35:18.753Z,34.5441,34.5853,100,100,11.9
2026-03-09 13:35:19.730Z,34.5470,34.5806,100,100,9.7
2026-03-09 13:35:20.458Z,34.5535,34.5791,100,100,7.4
2026-03-09 13:35:21.407Z,34.5577,34.5979,100,100,11.6
2026-03-09 13:35:22.732Z,34.5579,34.5869,100,100,8.4
2026-03-09 13:35:23.638Z,34.5548,34.5820,100,100,7.9
2026-03-09 13:35:24.792Z,34.5524,34.5894,100,100,10.7
2026-03-09 13:35:25.748Z,34.5536,34.5882,100,100,10.0
2026-03-09 13:35:26.757Z,34.5470,34.5774,100,100,8.8
2026-03-09 13:35:27.386Z,34.5607,34.5927,100,100,9.3
2026-03-09 13:35:28.338Z,34.5502,34.5890,100,100,11.2
2026-03-09 13:35:29.554Z,34.5643,34.5927,100,100,8.2
2026-03-09 13:35:30.620Z,34.5583,34.5859,100,100,8.0
2026-03-09 13:35:31.487Z,34.5595,34.5969,100,100,10.8
2026-03-09 13:35:32.515Z,34.5471,34.5877,100,100,11.7
2026-03-09 13:35:33.542Z,34.5576,34.5932,100,100,10.3
2026-03-09 13:35:34.504Z,34.5561,34.5893,100,100,9.6
2026-03-09 13:35:35.887Z,34.5521,34.5801,100,100,8.1
2026-03-09 13:35:36.693Z,34.5582,34.5964,100,100,11.0
2026-03-09 13:35:37.690Z,34.5582,34.5906,100,100,9.4
2026-03-09 13:35:38.535Z,34.5563,34.5851,100,100,8.3
2026-03-09 13:35:39.455Z,34.5566,34.5822,100,100,7.4
2026-03-09 13:35:40.896Z,34.5584,34.5852,100,100,7.8
2026-03-09 13:35:41.032Z,34.5471,34.5793,100,100,9.3
2026-03-09 13:35:42.393Z,34.5550,34.5842,100,100,8.4
2026-03-09 13:35:43.795Z,34.5581,34.5971,100,100,11.3
2026-03-09 13:35:44.028Z,34.5468,34.5816,100,100,10.1
2026-03-09 13:35:45.274Z,34.5575,34.5951,100,100,10.9
2026-03-09 13:35:46.807Z,34.5529,34.5897,100,100,10.6
2026-03-09 13:35:47.562Z,34.5626,34.5894,100,100,7.8
2026-03-09 13:35:48.373Z,34.5594,34.5892,100,100,8.6
2026-03-09 13:35:49.363Z,34.5506,34.5830,100,100,9.4
2026-03-09 13:35:50.570Z,34.5540,34.5928,100,100,11.2
2026-03-09 13:35:51.557Z,34.5546,34.5872,100,100,9.4
2026-03-09 13:35:52.390Z,34.5603,34.5943,100,100,9.8
2026-03-09 13:35:53.538Z,34.5592,34.5934,100,100,9.9
2026-03-09 13:35:54.734Z,34.5498,34.5808,100,100,9.0
2026-03-09 13:35:55.552Z,34.5586,34.5968,100,100,11.0
2026-03-09 13:35:56.821Z,34.5453,34.5855,100,100,11.6
2026-03-09 13:35:57.886Z,34.5584,34.5852,100,100,7.8
2026-03-09 13:35:58.018Z,34.5526,34.5854,100,100,9.5
2026-03-09 13:35:59.772Z,34.5565,34.5835,100,100,7.8
2026-03-09 13:36:00.380Z,34.5576,34.5824,100,100,7.2
2026-03-09 13:36:01.614Z,34.5434,34.5800,100,100,10.6
2026-03-09 13:36:02.062Z,34.5599,34.5919,100,100,9.3
2026-03-09 13:36:03.795Z,34.5545,34.5841,100,100,8.6
2026-03-09 13:36:04.073Z,34.5505,34.5803,100,100,8.6
2026-03-09 13:36:05.759Z,34.5570,34.5834,100,100,7.6
2026-03-09 13:36:06.488Z,34.5582,34.5830,100,100,7.2
2026-03-09 13:36:07.154Z,34.5559,34.5851,100,100,8.4
2026-03-09 13:36:08.178Z,34.5620,34.5944,100,100,9.4
2026-03-09 13:36:09.275Z,34.5592,34.5954,100,100,10.5
2026-03-09 13:36:10.061Z,34.5470,34.5850,100,100,11.0
2026-03-09 13:36:11.081Z,34.5577,34.5863,100,100,8.3
2026-03-09 13:36:12.578Z,34.5579,34.5965,100,100,11.2
2026-03-09 13:36:13.013Z,34.5573,34.5879,100,100,8.9
2026-03-09 13:36:14.407Z,34.5505,34.5867,100,100,10.5
2026-03-09 13:36:15.618Z,34.5630,34.5918,100,100,8.3
2026-03-09 13:36:16.788Z,34.5540,34.5848,100,100,8.9
2026-03-09 13:36:17.783Z,34.5572,34.5872,100,100,8.7
2026-03-09 13:36:18.001Z,34.5535,34.5895,100,100,10.4
2026-03-09 13:36:19.212Z,34.5448,34.5808,100,100,10.4
2026-03-09 13:36:20.844Z,34.5537,34.5793,100,100,7.4
2026-03-09 13:36:21.219Z,34.5536,34.5850,100,100,9.1
2026-03-09 13:36:22.897Z,34.5538,34.5904,100,100,10.6
2026-03-09 13:36:23.342Z,34.5491,34.5809,100,100,9.2
2026-03-09 13:36:24.559Z,34.5576,34.5906,100,100,9.5
2026-03-09 13:36:25.432Z,34.5454,34.5776,100,100,9.3
2026-03-09 13:36:26.062Z,34.5512,34.5934,100,100,12.2
2026-03-09 13:36:27.778Z,34.5532,34.5796,100,100,7.6
2026-03-09 13:36:28.334Z,34.5501,34.5867,100,100,10.6
2026-03-09 13:36:29.084Z,34.5490,34.5766,100,100,8.0
2026-03-09 13:36:30.777Z,34.5535,34.5843,100,100,8.9
2026-03-09 13:36:31.491Z,34.5594,34.5916,100,100,9.3
2026-03-09 13:36:32.024Z,34.5462,34.5776,100,100,9.1
2026-03-09 13:36:33.016Z,34.5509,34.5901,100,100,11.3
2026-03-09 13:36:34.333Z,34.5622,34.5950,100,100,9.5
2026-03-09 13:36:35.599Z,34.5459,34.5809,100,100,10.1
2026-03-09 13:36:36.338Z,34.5526,34.5854,100,100,9.5
2026-03-09 13:36:37.672Z,34.5485,34.5829,100,100,10.0
2026-03-09 13:36:38.399Z,34.5544,34.5944,100,100,11.6
2026-03-09 13:36:39.215Z,34.5553,34.5847,100,100,8.5
2026-03-09 13:36:40.216Z,34.5451,34.5837,100,100,11.2
2026-03-09 13:36:41.405Z,34.5471,34.5817,100,100,10.0
2026-03-09 13:36:42.196Z,34.5562,34.5872,100,100,9.0
2026-03-09 13:36:43.476Z,34.5445,34.5817,100,100,10.8
2026-03-09 13:36:44.272Z,34.5515,34.5829,100,100,9.1
2026-03-09 13:36:45.410Z,34.5579,34.5933,100,100,10.2
2026-03-09 13:36:46.345Z,34.5590,34.5898,100,100,8.9
2026-03-09 13:36:47.383Z,34.5424,34.5816,100,100,11.3
2026-03-09 13:36:48.776Z,34.5537,34.5841,100,100,8.8
2026-03-09 13:36:49.126Z,34.5499,34.5825,100,100,9.4
2026-03-09 13:36:50.479Z,34.5487,34.5775,100,100,8.3
2026-03-09 13:36:51.715Z,34.5565,34.5875,100,100,9.0
2026-03-09 13:36:52.778Z,34.5614,34.5884,100,100,7.8
2026-03-09 13:36:53.635Z,34.5521,34.5887,100,100,10.6
2026-03-09 13:36:54.740Z,34.5478,34.5778,100,100,8.7
2026-03-09 13:36:55.021Z,34.5510,34.5830,100,100,9.3
2026-03-09 13:36:56.771Z,34.5530,34.5834,100,100,8.8
2026-03-09 13:36:57.091Z,34.5586,34.5860,100,100,7.9
2026-03-09 13:36:58.158Z,34.5588,34.5888,100,100,8.7
2026-03-09 13:36:59.639Z,34.5530,34.5870,100,100,9.8
2026-03-09 13:40:00.186Z,34.5072,34.5328,100,100,7.4
2026-03-09 13:40:01.080Z,34.5087,34.5343,100,100,7.4
2026-03-09 13:40:02.440Z,34.5084,34.5366,100,100,8.2
2026-03-09 13:40:03.884Z,34.4981,34.5355,100,100,10.8
2026-03-09 13:40:04.280Z,34.4991,34.5321,100,100,9.6
2026-03-09 13:40:05.707Z,34.5033,34.5289,100,100,7.4
2026-03-09 13:40:06.012Z,34.4993,34.5355,100,100,10.5
2026-03-09 13:40:07.143Z,34.4940,34.5298,100,100,10.4
2026-03-09 13:40:08.260Z,34.4972,34.5360,100,100,11.2
2026-03-09 13:40:09.818Z,34.5055,34.5317,100,100,7.6
2026-03-09 13:40:10.292Z,34.5087,34.5469,100,100,11.1
2026-03-09 13:40:11.465Z,34.5136,34.5424,100,100,8.3
2026-03-09 13:40:12.882Z,34.5015,34.5351,100,100,9.7
2026-03-09 13:40:13.489Z,34.5054,34.5306,100,100,7.3
2026-03-09 13:40:14.225Z,34.5052,34.5298,100,100,7.1
2026-03-09 13:40:15.283Z,34.4974,34.5342,100,100,10.7
2026-03-09 13:40:16.608Z,34.4984,34.5274,100,100,8.4
2026-03-09 13:40:17.229Z,34.4994,34.5270,100,100,8.0
2026-03-09 13:40:18.686Z,34.5053,34.5369,100,100,9.2
2026-03-09 13:40:19.789Z,34.5091,34.5453,100,100,10.5
2026-03-09 13:40:20.738Z,34.5053,34.5337,100,100,8.2
2026-03-09 13:40:21.263Z,34.4955,34.5311,100,100,10.3
2026-03-09 13:40:22.486Z,34.4998,34.5244,100,100,7.1
2026-03-09 13:40:23.602Z,34.5005,34.5291,100,100,8.3
2026-03-09 13:40:24.227Z,34.4949,34.5229,100,100,8.1
2026-03-09 13:40:25.837Z,34.4944,34.5284,100,100,9.9
2026-03-09 13:40:26.514Z,34.4974,34.5322,100,100,10.1
2026-03-09 13:40:27.518Z,34.4932,34.5300,100,100,10.7
2026-03-09 13:40:28.510Z,34.4888,34.5264,100,100,10.9
2026-03-09 13:40:29.682Z,34.4856,34.5158,100,100,8.8
2026-03-09 13:40:30.534Z,34.4854,34.5176,100,100,9.3
2026-03-09 13:40:31.624Z,34.4930,34.5302,100,100,10.8
2026-03-09 13:40:32.517Z,34.4763,34.5193,100,100,12.5
2026-03-09 13:40:33.720Z,34.4833,34.5111,100,100,8.1
2026-03-09 13:40:34.684Z,34.4941,34.5257,100,100,9.2
2026-03-09 13:40:35.287Z,34.4787,34.5141,100,100,10.3
2026-03-09 13:40:36.601Z,34.4877,34.5209,100,100,9.6
2026-03-09 13:40:37.833Z,34.4772,34.5096,100,100,9.4
2026-03-09 13:40:38.824Z,34.4897,34.5225,100,100,9.5
2026-03-09 13:40:39.587Z,34.4938,34.5188,100,100,7.2
2026-03-09 13:40:40.419Z,34.4846,34.5178,100,100,9.6
2026-03-09 13:40:41.382Z,34.4852,34.5110,100,100,7.5
2026-03-09 13:40:42.257Z,34.4757,34.5117,100,100,10.4
2026-03-09 13:40:43.115Z,34.4877,34.5247,100,100,10.7
2026-03-09 13:40:44.469Z,34.4834,34.5202,100,100,10.7
2026-03-09 13:40:45.448Z,34.4811,34.5113,100,100,8.8
2026-03-09 13:40:46.222Z,34.4816,34.5168,100,100,10.2
2026-03-09 13:40:47.103Z,34.4792,34.5122,100,100,9.6
2026-03-09 13:40:48.792Z,34.4859,34.5139,100,100,8.1
2026-03-09 13:40:49.113Z,34.4869,34.5145,100,100,8.0
2026-03-09 13:40:50.088Z,34.4838,34.5154,100,100,9.2
2026-03-09 13:40:51.545Z,34.4873,34.5181,100,100,8.9
2026-03-09 13:40:52.106Z,34.4940,34.5234,100,100,8.5
2026-03-09 13:40:53.444Z,34.4846,34.5134,100,100,8.3
2026-03-09 13:40:54.483Z,34.4812,34.5102,100,100,8.4
2026-03-09 13:40:55.303Z,34.4801,34.5159,100,100,10.4
2026-03-09 13:40:56.202Z,34.4825,34.5153,100,100,9.5
2026-03-09 13:40:57.600Z,34.4788,34.5132,100,100,10.0
2026-03-09 13:40:58.605Z,34.4814,34.5084,100,100,7.8
2026-03-09 13:40:59.585Z,34.4830,34.5170,100,100,9.9
2026-03-09 13:43:00.533Z,34.2573,34.2827,100,100,7.4
2026-03-09 13:43:01.258Z,34.2574,34.2926,100,100,10.3
2026-03-09 13:43:02.412Z,34.2437,34.2849,100,100,12.0
2026-03-09 13:43:03.420Z,34.2544,34.2960,100,100,12.1
2026-03-09 13:43:04.889Z,34.2443,34.2815,100,100,10.9
2026-03-09 13:43:05.291Z,34.2542,34.2906,100,100,10.6
2026-03-09 13:43:06.404Z,34.2436,34.2798,100,100,10.6
2026-03-09 13:43:07.705Z,34.2533,34.2845,100,100,9.1
2026-03-09 13:43:08.806Z,34.2581,34.2897,100,100,9.2
2026-03-09 13:43:09.592Z,34.2570,34.2828,100,100,7.5
2026-03-09 13:43:10.393Z,34.2539,34.2877,100,100,9.9
2026-03-09 13:43:11.022Z,34.2553,34.2825,100,100,7.9
2026-03-09 13:43:12.601Z,34.2535,34.2915,100,100,11.1
2026-03-09 13:43:13.806Z,34.2548,34.2828,100,100,8.2
2026-03-09 13:43:14.137Z,34.2506,34.2772,100,100,7.8
2026-03-09 13:43:15.498Z,34.2555,34.2929,100,100,10.9
2026-03-09 13:43:16.278Z,34.2487,34.2807,100,100,9.3
2026-03-09 13:43:17.599Z,34.2522,34.2884,100,100,10.6
2026-03-09 13:43:18.529Z,34.2587,34.2903,100,100,9.2
2026-03-09 13:43:19.823Z,34.2630,34.2930,100,100,8.8
2026-03-09 13:43:20.418Z,34.2448,34.2788,100,100,9.9
2026-03-09 13:43:21.343Z,34.2554,34.2926,100,100,10.9
2026-03-09 13:43:22.332Z,34.2468,34.2828,100,100,10.5
2026-03-09 13:43:23.330Z,34.2531,34.2775,100,100,7.1
2026-03-09 13:43:24.121Z,34.2562,34.2874,100,100,9.1
2026-03-09 13:43:25.617Z,34.2503,34.2793,100,100,8.5
2026-03-09 13:43:26.175Z,34.2528,34.2774,100,100,7.2
2026-03-09 13:43:27.076Z,34.2555,34.2921,100,100,10.7
2026-03-09 13:43:28.085Z,34.2523,34.2853,100,100,9.6
2026-03-09 13:43:29.889Z,34.2403,34.2769,100,100,10.7
2026-03-09 13:43:30.815Z,34.2503,34.2929,100,100,12.4
2026-03-09 13:43:31.103Z,34.2524,34.2794,100,100,7.9
2026-03-09 13:43:32.197Z,34.2421,34.2723,100,100,8.8
2026-03-09 13:43:33.296Z,34.2438,34.2822,100,100,11.2
2026-03-09 13:43:34.639Z,34.2477,34.2839,100,100,10.6
2026-03-09 13:43:35.538Z,34.2418,34.2726,100,100,9.0
2026-03-09 13:43:36.069Z,34.2441,34.2819,100,100,11.0
2026-03-09 13:43:37.249Z,34.2386,34.2740,100,100,10.3
2026-03-09 13:43:38.032Z,34.2450,34.2778,100,100,9.6
2026-03-09 13:43:39.812Z,34.2389,34.2671,100,100,8.2
2026-03-09 13:43:40.066Z,34.2386,34.2672,100,100,8.3
2026-03-09 13:43:41.026Z,34.2366,34.2720,100,100,10.3
2026-03-09 13:43:42.777Z,34.2432,34.2678,100,100,7.2
2026-03-09 13:43:43.316Z,34.2420,34.2686,100,100,7.8
2026-03-09 13:43:44.602Z,34.2476,34.2802,100,100,9.5
2026-03-09 13:43:45.178Z,34.2393,34.2703,100,100,9.0
2026-03-09 13:43:46.477Z,34.2432,34.2786,100,100,10.3
2026-03-09 13:43:47.629Z,34.2487,34.2763,100,100,8.1
2026-03-09 13:43:48.351Z,34.2440,34.2786,100,100,10.1
2026-03-09 13:43:49.018Z,34.2538,34.2812,100,100,8.0
2026-03-09 13:43:50.629Z,34.2423,34.2805,100,100,11.1
2026-03-09 13:43:51.621Z,34.2445,34.2757,100,100,9.1
2026-03-09 13:43:52.707Z,34.2421,34.2755,100,100,9.7
2026-03-09 13:43:53.172Z,34.2350,34.2722,100,100,10.9
2026-03-09 13:43:54.095Z,34.2469,34.2777,100,100,9.0
2026-03-09 13:43:55.758Z,34.2382,34.2702,100,100,9.3
2026-03-09 13:43:56.118Z,34.2423,34.2791,100,100,10.7
2026-03-09 13:43:57.570Z,34.2510,34.2810,100,100,8.8
2026-03-09 13:43:58.140Z,34.2345,34.2709,100,100,10.6
2026-03-09 13:43:59.597Z,34.2460,34.2740,100,100,8.2
2026-03-09 13:44:00.340Z,34.2433,34.2767,100,100,9.7
2026-03-09 13:44:01.215Z,34.2441,34.2811,100,100,10.8
2026-03-09 13:44:02.064Z,34.2367,34.2665,100,100,8.7
2026-03-09 13:44:03.494Z,34.2437,34.2747,100,100,9.0
2026-03-09 13:44:04.120Z,34.2405,34.2719,100,100,9.2
2026-03-09 13:44:05.838Z,34.2457,34.2729,100,100,7.9
2026-03-09 13:44:06.627Z,34.2397,34.2719,100,100,9.4
2026-03-09 13:44:07.709Z,34.2493,34.2865,100,100,10.9
2026-03-09 13:44:08.487Z,34.2386,34.2760,100,100,10.9
2026-03-09 13:44:09.133Z,34.2420,34.2770,100,100,10.2
2026-03-09 13:44:10.735Z,34.2487,34.2831,100,100,10.0
2026-03-09 13:44:11.801Z,34.2420,34.2748,100,100,9.6
2026-03-09 13:44:12.072Z,34.2456,34.2714,100,100,7.5
2026-03-09 13:44:13.477Z,34.2321,34.2713,100,100,11.4
2026-03-09 13:44:14.874Z,34.2481,34.2883,100,100,11.7
2026-03-09 13:44:15.441Z,34.2462,34.2834,100,100,10.9
2026-03-09 13:44:16.102Z,34.2464,34.2802,100,100,9.9
2026-03-09 13:44:17.102Z,34.2416,34.2774,100,100,10.4
2026-03-09 13:44:18.316Z,34.2518,34.2816,100,100,8.7
2026-03-09 13:44:19.357Z,34.2452,34.2750,100,100,8.7
2026-03-09 13:44:20.187Z,34.2490,34.2778,100,100,8.4
2026-03-09 13:44:21.168Z,34.2384,34.2678,100,100,8.6
2026-03-09 13:44:22.867Z,34.2405,34.2719,100,100,9.2
2026-03-09 13:44:23.297Z,34.2409,34.2667,100,100,7.5
2026-03-09 13:44:24.657Z,34.2406,34.2740,100,100,9.7
2026-03-09 13:44:25.674Z,34.2314,34.2636,100,100,9.4
2026-03-09 13:44:26.233Z,34.2213,34.2603,100,100,11.4
2026-03-09 13:44:27.750Z,34.2282,34.2644,100,100,10.6
2026-03-09 13:44:28.021Z,34.2210,34.2584,100,100,10.9
2026-03-09 13:44:29.776Z,34.2031,34.2449,100,100,12.2
2026-03-09 13:44:30.290Z,34.2093,34.2433,100,100,9.9
2026-03-09 13:44:31.516Z,34.1998,34.2376,100,100,11.0
2026-03-09 13:44:32.796Z,34.1979,34.2319,100,100,9.9
2026-03-09 13:44:33.029Z,34.1973,34.2321,100,100,10.2
2026-03-09 13:44:34.515Z,34.1910,34.2292,100,100,11.2
2026-03-09 13:44:35.836Z,34.1891,34.2241,100,100,10.2
2026-03-09 13:44:36.890Z,34.1990,34.2404,100,100,12.1
2026-03-09 13:44:37.471Z,34.1946,34.2300,100,116,10.3
2026-03-09 13:44:38.035Z,34.1914,34.2236,100,100,9.4
2026-03-09 13:44:39.319Z,34.1997,34.2323,115,100,9.5
2026-03-09 13:44:40.873Z,34.1879,34.2183,100,100,8.9
2026-03-09 13:44:41.322Z,34.1975,34.2249,100,100,8.0
2026-03-09 13:44:42.740Z,34.1955,34.2221,100,100,7.8
2026-03-09 13:44:43.050Z,34.2002,34.2352,100,100,10.2
2026-03-09 13:44:44.363Z,34.2018,34.2346,100,100,9.6
2026-03-09 13:44:45.081Z,34.2072,34.2378,100,100,8.9
2026-03-09 13:44:46.492Z,34.2040,34.2330,100,100,8.5
2026-03-09 13:44:47.811Z,34.1983,34.2347,100,100,10.6
2026-03-09 13:44:48.455Z,34.2048,34.2344,100,100,8.7
2026-03-09 13:44:49.820Z,34.1978,34.2272,100,100,8.6
2026-03-09 13:44:50.738Z,34.1995,34.2345,100,100,10.2
2026-03-09 13:44:51.234Z,34.1903,34.2285,100,100,11.2
2026-03-09 13:44:52.881Z,34.2011,34.2391,100,100,11.1
2026-03-09 13:44:53.503Z,34.2004,34.2304,100,100,8.8
2026-03-09 13:44:54.113Z,34.1851,34.2239,100,100,11.3
2026-03-09 13:44:55.056Z,34.1952,34.2210,100,100,7.5
2026-03-09 13:44:56.807Z,34.1852,34.2210,100,100,10.5
2026-03-09 13:44:57.753Z,34.1924,34.2246,100,100,9.4
2026-03-09 13:44:58.068Z,34.1918,34.2272,100,100,10.3
2026-03-09 13:44:59.731Z,34.1963,34.2237,100,100,8.0
2026-03-09 13:45:00.816Z,34.2363,34.2637,100,100,8.0
2026-03-09 13:45:01.249Z,34.2343,34.2657,100,100,9.2
2026-03-09 13:45:02.863Z,34.2351,34.2689,100,100,9.9
2026-03-09 13:45:03.308Z,34.2259,34.2599,100,100,9.9
2026-03-09 13:45:04.881Z,34.2349,34.2659,100,100,9.1
2026-03-09 13:45:05.481Z,34.2344,34.2640,100,100,8.6
2026-03-09 13:45:06.821Z,34.2314,34.2676,100,100,10.6
2026-03-09 13:45:07.570Z,34.2298,34.2612,100,100,9.2
2026-03-09 13:45:08.305Z,34.2324,34.2584,100,100,7.6
2026-03-09 13:45:09.564Z,34.2336,34.2674,100,100,9.9
2026-03-09 13:45:10.146Z,34.2222,34.2618,100,100,11.6
2026-03-09 13:45:11.549Z,34.2337,34.2637,100,100,8.8
2026-03-09 13:45:12.772Z,34.2275,34.2647,100,100,10.9
2026-03-09 13:45:13.866Z,34.2290,34.2618,100,100,9.6
2026-03-09 13:45:14.795Z,34.2313,34.2641,100,100,9.6
2026-03-09 13:45:15.739Z,34.2346,34.2688,100,100,10.0
2026-03-09 13:45:16.849Z,34.2304,34.2598,100,100,8.6
2026-03-09 13:45:17.018Z,34.2244,34.2606,100,100,10.6
2026-03-09 13:45:18.345Z,34.2304,34.2556,100,100,7.4
2026-03-09 13:45:19.327Z,34.2357,34.2785,100,100,12.5
2026-03-09 13:45:20.837Z,34.2255,34.2581,100,100,9.5
2026-03-09 13:45:21.480Z,34.2283,34.2551,100,100,7.8
2026-03-09 13:45:22.841Z,34.2319,34.2653,100,100,9.8
2026-03-09 13:45:23.592Z,34.2318,34.2586,100,100,7.8
2026-03-09 13:45:24.069Z,34.2290,34.2664,100,100,10.9
2026-03-09 13:45:25.724Z,34.2393,34.2733,100,100,9.9
2026-03-09 13:45:26.838Z,34.2417,34.2747,100,100,9.6
2026-03-09 13:45:27.704Z,34.2272,34.2600,100,100,9.6
2026-03-09 13:45:28.715Z,34.2384,34.2716,100,100,9.7
2026-03-09 13:45:29.804Z,34.2302,34.2630,100,100,9.6
2026-03-09 13:45:30.219Z,34.2273,34.2635,100,100,10.6
2026-03-09 13:45:31.841Z,34.2338,34.2722,100,100,11.2
2026-03-09 13:45:32.054Z,34.2329,34.2639,100,100,9.1
2026-03-09 13:45:33.239Z,34.2372,34.2700,100,100,9.6
2026-03-09 13:45:34.411Z,34.2356,34.2636,100,100,8.2
2026-03-09 13:45:35.674Z,34.2414,34.2698,100,100,8.3
2026-03-09 13:45:36.364Z,34.2394,34.2728,100,100,9.8
2026-03-09 13:45:37.880Z,34.2366,34.2686,100,100,9.3
2026-03-09 13:45:38.852Z,34.2309,34.2627,100,100,9.3
2026-03-09 13:45:39.350Z,34.2252,34.2582,100,100,9.6
2026-03-09 13:45:40.339Z,34.2388,34.2758,100,100,10.8
2026-03-09 13:45:41.048Z,34.2370,34.2716,100,100,10.1
2026-03-09 13:45:42.710Z,34.2266,34.2600,100,100,9.8
2026-03-09 13:45:43.265Z,34.2365,34.2651,100,100,8.4
2026-03-09 13:45:44.669Z,34.2377,34.2751,100,100,10.9
2026-03-09 13:45:45.037Z,34.2411,34.2741,100,100,9.6
2026-03-09 13:45:46.193Z,34.2269,34.2575,100,100,8.9
2026-03-09 13:45:47.861Z,34.2302,34.2574,100,100,7.9
2026-03-09 13:45:48.209Z,34.2359,34.2623,100,100,7.7
2026-03-09 13:45:49.537Z,34.2352,34.2706,100,100,10.3
2026-03-09 13:45:50.247Z,34.2354,34.2652,100,100,8.7
2026-03-09 13:45:51.467Z,34.2255,34.2575,100,100,9.3
2026-03-09 13:45:52.315Z,34.2296,34.2610,100,100,9.2
2026-03-09 13:45:53.686Z,34.2369,34.2691,100,100,9.4
2026-03-09 13:45:54.084Z,34.2249,34.2637,100,100,11.3
2026-03-09 13:45:55.654Z,34.2284,34.2634,100,100,10.2
2026-03-09 13:45:56.234Z,34.2297,34.2559,100,100,7.7
2026-03-09 13:45:57.756Z,34.2301,34.2663,100,100,10.6
2026-03-09 13:45:58.573Z,34.2379,34.2695,100,100,9.2
2026-03-09 13:45:59.690Z,34.2309,34.2691,100,100,11.2
2026-03-09 13:48:00.588Z,34.2447,34.2753,100,100,8.9
2026-03-09 13:48:01.719Z,34.2347,34.2713,100,100,10.7
2026-03-09 13:48:02.579Z,34.2469,34.2823,100,100,10.3
2026-03-09 13:48:03.510Z,34.2436,34.2748,100,100,9.1
2026-03-09 13:48:04.766Z,34.2403,34.2685,100,100,8.2
2026-03-09 13:48:05.102Z,34.2397,34.2705,100,100,9.0
2026-03-09 13:48:06.637Z,34.2337,34.2705,100,100,10.7
2026-03-09 13:48:07.240Z,34.2376,34.2766,100,100,11.4
2026-03-09 13:48:08.752Z,34.2490,34.2774,100,100,8.3
2026-03-09 13:48:09.546Z,34.2483,34.2843,100,100,10.5
2026-03-09 13:48:10.789Z,34.2481,34.2751,100,100,7.9
2026-03-09 13:48:11.426Z,34.2439,34.2733,100,100,8.6
2026-03-09 13:48:12.237Z,34.2411,34.2745,100,100,9.7
2026-03-09 13:48:13.645Z,34.2395,34.2729,100,100,9.8
2026-03-09 13:48:14.517Z,34.2467,34.2807,100,100,9.9
2026-03-09 13:48:15.629Z,34.2431,34.2737,100,100,8.9
2026-03-09 13:48:16.242Z,34.2414,34.2728,100,100,9.2
2026-03-09 13:48:17.556Z,34.2364,34.2696,100,100,9.7
2026-03-09 13:48:18.847Z,34.2504,34.2866,100,100,10.6
2026-03-09 13:48:19.081Z,34.2471,34.2749,100,100,8.1
2026-03-09 13:48:20.804Z,34.2483,34.2883,100,100,11.7
2026-03-09 13:48:21.325Z,34.2550,34.2806,100,100,7.5
2026-03-09 13:48:22.121Z,34.2508,34.2796,100,100,8.4
2026-03-09 13:48:23.627Z,34.2497,34.2765,100,100,7.8
2026-03-09 13:48:24.108Z,34.2518,34.2830,100,100,9.1
2026-03-09 13:48:25.161Z,34.2493,34.2835,100,100,10.0
2026-03-09 13:48:26.572Z,34.2458,34.2768,100,100,9.0
2026-03-09 13:48:27.270Z,34.2390,34.2760,100,100,10.8
2026-03-09 13:48:28.452Z,34.2497,34.2783,100,100,8.3
2026-03-09 13:48:29.573Z,34.2352,34.2730,100,100,11.0
2026-03-09 13:48:30.843Z,34.2489,34.2785,100,100,8.6
2026-03-09 13:48:31.420Z,34.2421,34.2737,100,100,9.2
2026-03-09 13:48:32.496Z,34.2453,34.2839,100,100,11.3
2026-03-09 13:48:33.677Z,34.2494,34.2796,100,100,8.8
2026-03-09 13:48:34.714Z,34.2345,34.2713,100,100,10.7
2026-03-09 13:48:35.868Z,34.2474,34.2782,100,100,9.0
2026-03-09 13:48:36.425Z,34.2477,34.2843,100,100,10.7
2026-03-09 13:48:37.453Z,34.2445,34.2775,100,100,9.6
2026-03-09 13:48:38.816Z,34.2500,34.2756,100,100,7.5
2026-03-09 13:48:39.547Z,34.2446,34.2772,100,100,9.5
2026-03-09 13:48:40.115Z,34.2469,34.2827,100,100,10.4
2026-03-09 13:48:41.329Z,34.2546,34.2814,100,100,7.8
2026-03-09 13:48:42.236Z,34.2317,34.2713,100,100,11.6
2026-03-09 13:48:43.592Z,34.2490,34.2802,100,100,9.1
2026-03-09 13:48:44.187Z,34.2498,34.2812,100,100,9.2
2026-03-09 13:48:45.655Z,34.2425,34.2763,100,100,9.9
2026-03-09 13:48:46.292Z,34.2491,34.2865,100,100,10.9
2026-03-09 13:48:47.609Z,34.2379,34.2715,100,100,9.8
2026-03-09 13:48:48.349Z,34.2374,34.2674,100,100,8.8
2026-03-09 13:48:49.284Z,34.2428,34.2802,100,100,10.9
2026-03-09 13:48:50.428Z,34.2394,34.2752,100,100,10.5
2026-03-09 13:48:51.492Z,34.2452,34.2798,100,100,10.1
2026-03-09 13:48:52.728Z,34.2469,34.2841,100,100,10.9
2026-03-09 13:48:53.478Z,34.2461,34.2795,100,100,9.7
2026-03-09 13:48:54.324Z,34.2425,34.2779,100,100,10.3
2026-03-09 13:48:55.716Z,34.2338,34.2702,100,100,10.6
2026-03-09 13:48:56.017Z,34.2416,34.2712,100,100,8.6
2026-03-09 13:48:57.489Z,34.2362,34.2696,100,100,9.8
2026-03-09 13:48:58.024Z,34.2467,34.2739,100,100,7.9
2026-03-09 13:48:59.398Z,34.2472,34.2728,100,100,7.5
2026-03-09 13:50:00.278Z,34.1133,34.1467,100,100,9.8
2026-03-09 13:50:01.448Z,34.1116,34.1430,100,100,9.2
2026-03-09 13:50:02.029Z,34.1167,34.1549,100,100,11.2
2026-03-09 13:50:03.696Z,34.1189,34.1461,100,100,8.0
2026-03-09 13:50:04.473Z,34.1041,34.1423,100,100,11.2
2026-03-09 13:50:05.680Z,34.1137,34.1547,100,100,12.0
2026-03-09 13:50:06.254Z,34.1150,34.1442,100,100,8.6
2026-03-09 13:50:07.061Z,34.1173,34.1457,100,100,8.3
2026-03-09 13:50:08.669Z,34.1174,34.1554,100,100,11.1
2026-03-09 13:50:09.669Z,34.1090,34.1416,100,100,9.6
2026-03-09 13:50:10.887Z,34.1161,34.1513,100,100,10.3
2026-03-09 13:50:11.493Z,34.1176,34.1458,100,100,8.3
2026-03-09 13:50:12.553Z,34.1194,34.1484,100,100,8.5
2026-03-09 13:50:13.701Z,34.1122,34.1482,100,100,10.5
2026-03-09 13:50:14.431Z,34.1062,34.1378,100,100,9.3
2026-03-09 13:50:15.542Z,34.1168,34.1478,100,100,9.1
2026-03-09 13:50:16.420Z,34.1034,34.1396,100,100,10.6
2026-03-09 13:50:17.641Z,34.1056,34.1434,100,100,11.1
2026-03-09 13:50:18.710Z,34.1219,34.1519,100,100,8.8
2026-03-09 13:50:19.378Z,34.1108,34.1396,100,100,8.4
2026-03-09 13:50:20.821Z,34.1231,34.1525,100,100,8.6
2026-03-09 13:50:21.596Z,34.1197,34.1557,100,100,10.5
2026-03-09 13:50:22.311Z,34.1199,34.1533,100,100,9.8
2026-03-09 13:50:23.052Z,34.1093,34.1455,100,100,10.6
2026-03-09 13:50:24.706Z,34.1181,34.1555,100,100,11.0
2026-03-09 13:50:25.369Z,34.1070,34.1442,100,100,10.9
2026-03-09 13:50:26.530Z,34.1105,34.1377,100,100,8.0
2026-03-09 13:50:27.395Z,34.1129,34.1493,100,100,10.7
2026-03-09 13:50:28.647Z,34.1202,34.1454,100,100,7.4
2026-03-09 13:50:29.044Z,34.1127,34.1483,100,100,10.4
2026-03-09 13:50:30.725Z,34.1116,34.1460,100,100,10.1
2026-03-09 13:50:31.201Z,34.1097,34.1455,100,100,10.5
2026-03-09 13:50:32.042Z,34.1077,34.1393,100,100,9.3
2026-03-09 13:50:33.117Z,34.1187,34.1507,100,100,9.4
2026-03-09 13:50:34.308Z,34.1041,34.1431,100,100,11.4
2026-03-09 13:50:35.661Z,34.1112,34.1514,100,100,11.8
2026-03-09 13:50:36.494Z,34.1199,34.1507,100,100,9.0
2026-03-09 13:50:37.716Z,34.1046,34.1424,100,100,11.1
2026-03-09 13:50:38.461Z,34.1141,34.1439,100,100,8.7
2026-03-09 13:50:39.234Z,34.1172,34.1558,100,100,11.3
2026-03-09 13:50:40.720Z,34.1242,34.1516,100,100,8.0
2026-03-09 13:50:41.059Z,34.1239,34.1505,100,100,7.8
2026-03-09 13:50:42.234Z,34.1049,34.1467,100,100,12.2
2026-03-09 13:50:43.582Z,34.1154,34.1550,100,100,11.6
2026-03-09 13:50:44.449Z,34.1087,34.1443,100,100,10.4
2026-03-09 13:50:45.058Z,34.1099,34.1445,100,100,10.1
2026-03-09 13:50:46.792Z,34.1158,34.1514,100,100,10.4
2026-03-09 13:50:47.286Z,34.1154,34.1512,100,100,10.5
2026-03-09 13:50:48.549Z,34.1095,34.1475,100,100,11.1
2026-03-09 13:50:49.531Z,34.1146,34.1454,100,100,9.0
2026-03-09 13:50:50.363Z,34.1046,34.1430,100,100,11.3
2026-03-09 13:50:51.184Z,34.1174,34.1536,100,100,10.6
2026-03-09 13:50:52.192Z,34.1093,34.1441,100,100,10.2
2026-03-09 13:50:53.521Z,34.1131,34.1447,100,100,9.3
2026-03-09 13:50:54.614Z,34.1107,34.1421,100,100,9.2
2026-03-09 13:50:55.505Z,34.1113,34.1393,100,100,8.2
2026-03-09 13:50:56.498Z,34.1155,34.1429,100,100,8.0
2026-03-09 13:50:57.881Z,34.1136,34.1460,100,100,9.5
2026-03-09 13:50:58.713Z,34.1161,34.1525,100,100,10.7
2026-03-09 13:50:59.075Z,34.1128,34.1472,100,100,10.1
2026-03-09 13:55:00.888Z,34.0856,34.1144,100,100,8.4
2026-03-09 13:55:01.855Z,34.0782,34.1058,100,100,8.1
2026-03-09 13:55:02.491Z,34.0786,34.1088,100,100,8.9
2026-03-09 13:55:03.741Z,34.0916,34.1218,100,100,8.9
2026-03-09 13:55:04.028Z,34.0769,34.1069,100,100,8.8
2026-03-09 13:55:05.712Z,34.0905,34.1211,100,100,9.0
2026-03-09 13:55:06.257Z,34.0886,34.1248,100,100,10.6
2026-03-09 13:55:07.265Z,34.0843,34.1171,100,100,9.6
2026-03-09 13:55:08.465Z,34.0904,34.1238,100,100,9.8
2026-03-09 13:55:09.156Z,34.0882,34.1230,100,100,10.2
2026-03-09 13:55:10.018Z,34.0765,34.1091,100,100,9.6
2026-03-09 13:55:11.884Z,34.0863,34.1149,100,100,8.4
2026-03-09 13:55:12.794Z,34.0841,34.1175,100,100,9.8
2026-03-09 13:55:13.515Z,34.0789,34.1063,100,100,8.0
2026-03-09 13:55:14.299Z,34.0847,34.1219,100,100,10.9
2026-03-09 13:55:15.470Z,34.0896,34.1154,100,100,7.6
2026-03-09 13:55:16.871Z,34.0768,34.1160,100,100,11.5
2026-03-09 13:55:17.047Z,34.0786,34.1064,100,100,8.2
2026-03-09 13:55:18.163Z,34.0902,34.1236,100,100,9.8
2026-03-09 13:55:19.673Z,34.0749,34.1101,100,100,10.3
2026-03-09 13:55:20.143Z,34.0851,34.1161,100,100,9.1
2026-03-09 13:55:21.351Z,34.0737,34.1087,100,100,10.3
2026-03-09 13:55:22.773Z,34.0652,34.0956,100,100,8.9
2026-03-09 13:55:23.826Z,34.0711,34.1085,100,100,11.0
2026-03-09 13:55:24.352Z,34.0545,34.0933,100,100,11.4
2026-03-09 13:55:25.076Z,34.0636,34.0924,100,100,8.5
2026-03-09 13:55:26.145Z,34.0388,34.0828,100,100,12.9
2026-03-09 13:55:27.621Z,34.0474,34.0838,100,100,10.7
2026-03-09 13:55:28.475Z,34.0397,34.0739,100,100,10.0
2026-03-09 13:55:29.030Z,34.0144,34.0578,100,100,12.8
2026-03-09 13:55:30.048Z,34.0239,34.0557,100,100,9.3
2026-03-09 13:55:31.541Z,34.0123,34.0429,100,100,9.0
2026-03-09 13:55:32.125Z,34.0043,34.0415,100,100,10.9
2026-03-09 13:55:33.014Z,34.0034,34.0382,100,100,10.2
2026-03-09 13:55:34.093Z,33.9985,34.0287,100,100,8.9
2026-03-09 13:55:35.819Z,33.9941,34.0303,100,100,10.6
2026-03-09 13:55:36.360Z,33.9879,34.0187,100,100,9.1
2026-03-09 13:55:37.594Z,33.9956,34.0218,100,100,7.7
2026-03-09 13:55:38.517Z,33.9925,34.0231,100,100,9.0
2026-03-09 13:55:39.587Z,33.9885,34.0237,100,100,10.4
2026-03-09 13:55:40.206Z,33.9893,34.0165,100,100,8.0
2026-03-09 13:55:41.731Z,33.9895,34.0191,100,100,8.7
2026-03-09 13:55:42.582Z,33.9971,34.0347,100,100,11.1
2026-03-09 13:55:43.814Z,34.0022,34.0406,100,100,11.3
2026-03-09 13:55:44.012Z,34.0063,34.0357,100,100,8.6
2026-03-09 13:55:45.537Z,34.0105,34.0355,100,100,7.3
2026-03-09 13:55:46.058Z,34.0013,34.0373,100,100,10.6
2026-03-09 13:55:47.220Z,34.0127,34.0401,100,100,8.1
2026-03-09 13:55:48.226Z,34.0018,34.0390,100,100,10.9
2026-03-09 13:55:49.849Z,33.9984,34.0342,100,100,10.5
2026-03-09 13:55:50.648Z,34.0171,34.0507,100,100,9.9
2026-03-09 13:55:51.719Z,34.0218,34.0522,100,100,8.9
2026-03-09 13:55:52.715Z,34.0215,34.0537,100,100,9.5
2026-03-09 13:55:53.739Z,34.0289,34.0591,100,100,8.9
2026-03-09 13:55:54.775Z,34.0186,34.0474,100,100,8.5
2026-03-09 13:55:55.174Z,34.0184,34.0556,100,100,10.9
2026-03-09 13:55:56.723Z,34.0216,34.0542,100,100,9.6
2026-03-09 13:55:57.810Z,34.0253,34.0631,100,100,11.1
2026-03-09 13:55:58.752Z,34.0331,34.0699,100,100,10.8
2026-03-09 13:55:59.542Z,34.0336,34.0664,100,100,9.6
2026-03-09 13:58:00.872Z,34.1260,34.1540,100,100,8.2
2026-03-09 13:58:01.682Z,34.1274,34.1530,100,100,7.5
2026-03-09 13:58:02.427Z,34.1284,34.1642,100,100,10.5
2026-03-09 13:58:03.485Z,34.1258,34.1608,100,100,10.3
2026-03-09 13:58:04.448Z,34.1221,34.1557,100,100,9.8
2026-03-09 13:58:05.049Z,34.1248,34.1500,100,100,7.4
2026-03-09 13:58:06.854Z,34.1235,34.1603,100,100,10.8
2026-03-09 13:58:07.430Z,34.1137,34.1501,100,100,10.7
2026-03-09 13:58:08.741Z,34.1306,34.1630,100,100,9.5
2026-03-09 13:58:09.425Z,34.1118,34.1546,100,100,12.5
2026-03-09 13:58:10.297Z,34.1259,34.1615,100,100,10.4
2026-03-09 13:58:11.324Z,34.1319,34.1585,100,100,7.8
2026-03-09 13:58:12.644Z,34.1269,34.1567,100,100,8.7
2026-03-09 13:58:13.563Z,34.1178,34.1494,100,100,9.3
2026-03-09 13:58:14.846Z,34.1202,34.1492,100,100,8.5
2026-03-09 13:58:15.300Z,34.1248,34.1676,100,100,12.5
2026-03-09 13:58:16.133Z,34.1288,34.1556,100,100,7.8
2026-03-09 13:58:17.385Z,34.1222,34.1536,100,100,9.2
2026-03-09 13:58:18.283Z,34.1306,34.1656,100,100,10.2
2026-03-09 13:58:19.423Z,34.1148,34.1540,100,100,11.5
2026-03-09 13:58:20.138Z,34.1189,34.1513,100,100,9.5
2026-03-09 13:58:21.861Z,34.1234,34.1540,100,100,9.0
2026-03-09 13:58:22.325Z,34.1336,34.1618,100,100,8.3
2026-03-09 13:58:23.566Z,34.1178,34.1494,100,100,9.3
2026-03-09 13:58:24.167Z,34.1173,34.1483,100,100,9.1
2026-03-09 13:58:25.401Z,34.1198,34.1494,100,100,8.7
2026-03-09 13:58:26.605Z,34.1266,34.1676,100,100,12.0
2026-03-09 13:58:27.426Z,34.1143,34.1497,100,100,10.4
2026-03-09 13:58:28.020Z,34.1214,34.1596,100,100,11.2
2026-03-09 13:58:29.249Z,34.1269,34.1619,100,100,10.3
2026-03-09 13:58:30.300Z,34.1137,34.1543,100,100,11.9
2026-03-09 13:58:31.541Z,34.1180,34.1490,100,100,9.1
2026-03-09 13:58:32.512Z,34.1210,34.1584,100,100,11.0
2026-03-09 13:58:33.478Z,34.1244,34.1510,100,100,7.8
2026-03-09 13:58:34.242Z,34.1143,34.1511,100,100,10.8
2026-03-09 13:58:35.361Z,34.1256,34.1698,100,100,12.9
2026-03-09 13:58:36.642Z,34.1210,34.1564,100,100,10.4
2026-03-09 13:58:37.707Z,34.1160,34.1488,100,100,9.6
2026-03-09 13:58:38.822Z,34.1208,34.1580,100,100,10.9
2026-03-09 13:58:39.173Z,34.1219,34.1581,100,100,10.6
2026-03-09 13:58:40.115Z,34.1262,34.1536,100,100,8.0
2026-03-09 13:58:41.454Z,34.1182,34.1488,100,100,9.0
2026-03-09 13:58:42.594Z,34.1205,34.1571,100,100,10.7
2026-03-09 13:58:43.003Z,34.1300,34.1580,100,100,8.2
2026-03-09 13:58:44.059Z,34.1166,34.1470,100,100,8.9
2026-03-09 13:58:45.448Z,34.1208,34.1470,100,100,7.7
2026-03-09 13:58:46.369Z,34.1291,34.1659,100,100,10.8
2026-03-09 13:58:47.395Z,34.1231,34.1601,100,100,10.8
2026-03-09 13:58:48.429Z,34.1244,34.1526,100,100,8.3
2026-03-09 13:58:49.095Z,34.1280,34.1624,100,100,10.1
2026-03-09 13:58:50.039Z,34.1221,34.1585,100,100,10.7
2026-03-09 13:58:51.016Z,34.1301,34.1595,100,100,8.6
2026-03-09 13:58:52.362Z,34.1214,34.1584,100,100,10.8
2026-03-09 13:58:53.145Z,34.1259,34.1539,100,100,8.2
2026-03-09 13:58:54.176Z,34.1212,34.1496,100,100,8.3
2026-03-09 13:58:55.751Z,34.1188,34.1500,100,100,9.1
2026-03-09 13:58:56.822Z,34.1216,34.1604,100,100,11.4
2026-03-09 13:58:57.546Z,34.1280,34.1604,100,100,9.5
2026-03-09 13:58:58.145Z,34.1256,34.1582,100,100,9.5
2026-03-09 13:58:59.570Z,34.1275,34.1525,100,100,7.3
2026-03-09 13:59:00.393Z,34.1252,34.1548,100,100,8.7
2026-03-09 13:59:01.556Z,34.1273,34.1633,100,100,10.5
2026-03-09 13:59:02.764Z,34.1288,34.1652,100,100,10.7
2026-03-09 13:59:03.583Z,34.1320,34.1598,100,100,8.1
2026-03-09 13:59:04.860Z,34.1175,34.1531,100,100,10.4
2026-03-09 13:59:05.662Z,34.1230,34.1598,100,100,10.8
2026-03-09 13:59:06.882Z,34.1150,34.1540,100,100,11.4
2026-03-09 13:59:07.673Z,34.1203,34.1529,100,100,9.5
2026-03-09 13:59:08.336Z,34.1263,34.1523,100,100,7.6
2026-03-09 13:59:09.609Z,34.1188,34.1542,100,100,10.4
2026-03-09 13:59:10.305Z,34.1207,34.1581,100,100,11.0
2026-03-09 13:59:11.828Z,34.1225,34.1515,100,100,8.5
2026-03-09 13:59:12.753Z,34.1274,34.1554,100,100,8.2
2026-03-09 13:59:13.839Z,34.1246,34.1554,100,100,9.0
2026-03-09 13:59:14.024Z,34.1138,34.1532,100,100,11.5
2026-03-09 13:59:15.792Z,34.1198,34.1534,100,100,9.8
2026-03-09 13:59:16.825Z,34.1187,34.1507,100,100,9.4
2026-03-09 13:59:17.013Z,34.1245,34.1531,100,100,8.4
2026-03-09 13:59:18.389Z,34.1289,34.1545,100,100,7.5
2026-03-09 13:59:19.187Z,34.1306,34.1618,100,100,9.1
2026-03-09 13:59:20.153Z,34.1333,34.1607,100,100,8.0
2026-03-09 13:59:21.338Z,34.1270,34.1598,100,100,9.6
2026-03-09 13:59:22.226Z,34.1308,34.1584,100,100,8.1
2026-03-09 13:59:23.231Z,34.1239,34.1589,100,100,10.3
2026-03-09 13:59:24.630Z,34.1264,34.1610,100,100,10.1
2026-03-09 13:59:25.890Z,34.1226,34.1560,100,100,9.8
2026-03-09 13:59:26.417Z,34.1290,34.1546,100,100,7.5
2026-03-09 13:59:27.594Z,34.1160,34.1532,100,100,10.9
2026-03-09 13:59:28.392Z,34.1282,34.1628,100,100,10.1
2026-03-09 13:59:29.164Z,34.1177,34.1563,100,100,11.3
2026-03-09 13:59:30.389Z,34.1163,34.1469,100,100,9.0
2026-03-09 13:59:31.354Z,34.1167,34.1481,100,100,9.2
2026-03-09 13:59:32.698Z,34.1211,34.1549,100,100,9.9
2026-03-09 13:59:33.188Z,34.1185,34.1551,100,100,10.7
2026-03-09 13:59:34.435Z,34.1190,34.1548,100,100,10.5
2026-03-09 13:59:35.237Z,34.1261,34.1681,100,100,12.3
2026-03-09 13:59:36.151Z,34.1160,34.1472,100,100,9.1
2026-03-09 13:59:37.118Z,34.1194,34.1530,100,100,9.8
2026-03-09 13:59:38.070Z,34.1196,34.1564,100,100,10.8
2026-03-09 13:59:39.778Z,34.1302,34.1662,100,100,10.5
2026-03-09 13:59:40.176Z,34.1208,34.1524,100,100,9.3
2026-03-09 13:59:41.411Z,34.1266,34.1626,100,100,10.5
2026-03-09 13:59:42.362Z,34.1206,34.1574,100,100,10.8
2026-03-09 13:59:43.635Z,34.1311,34.1615,100,100,8.9
2026-03-09 13:59:44.553Z,34.1177,34.1503,100,100,9.6
2026-03-09 13:59:45.450Z,34.1185,34.1497,100,100,9.1
2026-03-09 13:59:46.623Z,34.1235,34.1579,100,100,10.1
2026-03-09 13:59:47.870Z,34.1201,34.1515,100,100,9.2
2026-03-09 13:59:48.433Z,34.1231,34.1573,100,100,10.0
2026-03-09 13:59:49.247Z,34.1304,34.1568,100,100,7.7
2026-03-09 13:59:50.540Z,34.1113,34.1531,100,100,12.2
2026-03-09 13:59:51.841Z,34.1263,34.1553,100,100,8.5
2026-03-09 13:59:52.780Z,34.1179,34.1477,100,100,8.7
2026-03-09 13:59:53.736Z,34.1291,34.1645,100,100,10.4
2026-03-09 13:59:54.252Z,34.1265,34.1601,100,100,9.8
2026-03-09 13:59:55.869Z,34.1324,34.1608,100,100,8.3
2026-03-09 13:59:56.378Z,34.1125,34.1517,100,100,11.5
2026-03-09 13:59:57.689Z,34.1213,34.1529,100,100,9.3
2026-03-09 13:59:58.769Z,34.1202,34.1470,100,100,7.9
2026-03-09 13:59:59.263Z,34.1246,34.1554,100,100,9.0
2026-03-09 14:05:00.364Z,34.0055,34.0345,100,100,8.5
2026-03-09 14:05:01.561Z,33.9960,34.0326,100,100,10.8
2026-03-09 14:05:02.258Z,34.0117,34.0421,100,100,8.9
2026-03-09 14:05:03.390Z,34.0120,34.0436,100,100,9.3
2026-03-09 14:05:04.055Z,33.9985,34.0341,100,100,10.5
2026-03-09 14:05:05.199Z,34.0068,34.0360,100,100,8.6
2026-03-09 14:05:06.662Z,33.9973,34.0279,100,100,9.0
2026-03-09 14:05:07.074Z,34.0022,34.0322,100,100,8.8
2026-03-09 14:05:08.084Z,34.0092,34.0372,100,100,8.2
2026-03-09 14:05:09.815Z,34.0065,34.0419,100,100,10.4
2026-03-09 14:05:10.004Z,33.9969,34.0309,100,100,10.0
2026-03-09 14:05:11.818Z,33.9956,34.0302,100,100,10.2
2026-03-09 14:05:12.340Z,33.9987,34.0345,100,100,10.5
2026-03-09 14:05:13.061Z,34.0023,34.0289,100,100,7.8
2026-03-09 14:05:14.104Z,34.0112,34.0438,100,100,9.6
2026-03-09 14:05:15.847Z,34.0113,34.0427,100,100,9.2
2026-03-09 14:05:16.283Z,34.0027,34.0337,100,100,9.1
2026-03-09 14:05:17.286Z,34.0048,34.0298,100,100,7.3
2026-03-09 14:05:18.214Z,34.0052,34.0310,100,100,7.6
2026-03-09 14:05:19.262Z,34.0080,34.0480,100,100,11.8
2026-03-09 14:05:20.650Z,33.9980,34.0340,100,100,10.6
2026-03-09 14:05:21.669Z,34.0079,34.0409,100,100,9.7
2026-03-09 14:05:22.276Z,33.9946,34.0348,100,100,11.8
2026-03-09 14:05:23.110Z,33.9988,34.0300,100,100,9.2
2026-03-09 14:05:24.020Z,34.0063,34.0427,100,100,10.7
2026-03-09 14:05:25.890Z,34.0010,34.0344,100,100,9.8
2026-03-09 14:05:26.072Z,34.0060,34.0432,100,100,10.9
2026-03-09 14:05:27.738Z,34.0061,34.0379,100,100,9.3
2026-03-09 14:05:28.809Z,34.0059,34.0393,100,100,9.8
2026-03-09 14:05:29.319Z,34.0105,34.0463,100,100,10.5
2026-03-09 14:05:30.637Z,34.0079,34.0405,100,100,9.6
2026-03-09 14:05:31.117Z,34.0123,34.0393,100,100,7.9
2026-03-09 14:05:32.226Z,34.0087,34.0411,100,100,9.5
2026-03-09 14:05:33.468Z,33.9983,34.0339,100,100,10.5
2026-03-09 14:05:34.522Z,33.9998,34.0328,100,100,9.7
2026-03-09 14:05:35.240Z,33.9993,34.0267,100,100,8.1
2026-03-09 14:05:36.242Z,34.0033,34.0371,100,100,9.9
2026-03-09 14:05:37.485Z,34.0020,34.0346,100,100,9.6
2026-03-09 14:05:38.570Z,34.0028,34.0366,100,100,9.9
2026-03-09 14:05:39.213Z,34.0103,34.0415,100,100,9.2
2026-03-09 14:05:40.693Z,34.0006,34.0348,100,100,10.1
2026-03-09 14:05:41.870Z,34.0039,34.0303,100,100,7.8
2026-03-09 14:05:42.863Z,33.9991,34.0299,100,100,9.1
2026-03-09 14:05:43.665Z,33.9953,34.0313,100,100,10.6
2026-03-09 14:05:44.805Z,34.0107,34.0451,100,100,10.1
2026-03-09 14:05:45.739Z,34.0116,34.0384,100,100,7.9
2026-03-09 14:05:46.821Z,34.0151,34.0411,100,100,7.6
2026-03-09 14:05:47.686Z,34.0060,34.0362,100,100,8.9
2026-03-09 14:05:48.328Z,34.0020,34.0330,100,100,9.1
2026-03-09 14:05:49.162Z,34.0009,34.0357,100,100,10.2
2026-03-09 14:05:50.261Z,34.0060,34.0464,100,100,11.9
2026-03-09 14:05:51.413Z,33.9957,34.0365,100,100,12.0
2026-03-09 14:05:52.751Z,34.0078,34.0474,100,100,11.6
2026-03-09 14:05:53.815Z,34.0097,34.0443,100,100,10.2
2026-03-09 14:05:54.438Z,34.0090,34.0440,100,100,10.3
2026-03-09 14:05:55.410Z,34.0062,34.0366,100,100,8.9
2026-03-09 14:05:56.865Z,34.0083,34.0479,100,100,11.6
2026-03-09 14:05:57.850Z,34.0106,34.0374,100,100,7.9
2026-03-09 14:05:58.763Z,33.9955,34.0341,100,100,11.3
2026-03-09 14:05:59.531Z,34.0018,34.0382,100,100,10.7
2026-03-09 14:06:00.358Z,33.9437,33.9763,100,100,9.6
2026-03-09 14:06:01.877Z,33.9395,33.9731,100,100,9.9
2026-03-09 14:06:02.166Z,33.9365,33.9733,100,100,10.8
2026-03-09 14:06:03.710Z,33.9437,33.9729,100,100,8.6
2026-03-09 14:06:04.156Z,33.9383,33.9751,100,100,10.8
2026-03-09 14:06:05.403Z,33.9370,33.9660,100,100,8.5
2026-03-09 14:06:06.187Z,33.9474,33.9788,100,100,9.2
2026-03-09 14:06:07.887Z,33.9398,33.9690,100,100,8.6
2026-03-09 14:06:08.171Z,33.9378,33.9696,100,100,9.4
2026-03-09 14:06:09.407Z,33.9469,33.9779,100,100,9.1
2026-03-09 14:06:10.862Z,33.9504,33.9748,100,100,7.2
2026-03-09 14:06:11.372Z,33.9415,33.9731,100,100,9.3
2026-03-09 14:06:12.676Z,33.9461,33.9741,100,100,8.2
2026-03-09 14:06:13.891Z,33.9529,33.9797,100,100,7.9
2026-03-09 14:06:14.603Z,33.9440,33.9798,100,100,10.5
2026-03-09 14:06:15.497Z,33.9491,33.9807,100,100,9.3
2026-03-09 14:06:16.170Z,33.9447,33.9781,100,100,9.8
2026-03-09 14:06:17.158Z,33.9460,33.9722,100,100,7.7
2026-03-09 14:06:18.507Z,33.9509,33.9799,100,100,8.5
2026-03-09 14:06:19.868Z,33.9450,33.9726,100,100,8.1
2026-03-09 14:06:20.380Z,33.9456,33.9804,100,100,10.2
2026-03-09 14:06:21.159Z,33.9466,33.9774,100,100,9.1
2026-03-09 14:06:22.822Z,33.9286,33.9648,100,100,10.7
2026-03-09 14:06:23.113Z,33.9381,33.9691,100,100,9.1
2026-03-09 14:06:24.793Z,33.9329,33.9685,100,100,10.5
2026-03-09 14:06:25.431Z,33.9226,33.9600,100,100,11.0
2026-03-09 14:06:26.430Z,33.9248,33.9564,100,100,9.3
2026-03-09 14:06:27.433Z,33.9266,33.9576,100,100,9.1
2026-03-09 14:06:28.581Z,33.9127,33.9529,100,100,11.8
2026-03-09 14:06:29.146Z,33.8977,33.9415,100,100,12.9
2026-03-09 14:06:30.581Z,33.9030,33.9346,100,100,9.3
2026-03-09 14:06:31.537Z,33.9069,33.9363,100,100,8.7
2026-03-09 14:06:32.441Z,33.8896,33.9286,100,100,11.5
2026-03-09 14:06:33.272Z,33.8993,33.9253,100,100,7.7
2026-03-09 14:06:34.540Z,33.8833,33.9209,100,100,11.1
2026-03-09 14:06:35.889Z,33.8910,33.9304,100,100,11.6
2026-03-09 14:06:36.439Z,33.8878,33.9218,100,100,10.0
2026-03-09 14:06:37.788Z,33.8886,33.9232,100,100,10.2
2026-03-09 14:06:38.128Z,33.8865,33.9183,100,100,9.4
2026-03-09 14:06:39.866Z,33.8765,33.9097,100,100,9.8
2026-03-09 14:06:40.093Z,33.8870,33.9212,100,100,10.1
2026-03-09 14:06:41.867Z,33.8878,33.9176,100,100,8.8
2026-03-09 14:06:42.654Z,33.8868,33.9164,100,100,8.7
2026-03-09 14:06:43.814Z,33.8857,33.9121,100,100,7.8
2026-03-09 14:06:44.419Z,33.8808,33.9166,100,100,10.6
2026-03-09 14:06:45.089Z,33.8918,33.9300,100,100,11.3
2026-03-09 14:06:46.532Z,33.8942,33.9260,100,100,9.4
2026-03-09 14:06:47.072Z,33.8896,33.9214,100,100,9.4
2026-03-09 14:06:48.401Z,33.8941,33.9333,100,100,11.6
2026-03-09 14:06:49.643Z,33.8811,33.9125,100,100,9.3
2026-03-09 14:06:50.771Z,33.8883,33.9245,100,100,10.7
2026-03-09 14:06:51.121Z,33.8899,33.9177,100,100,8.2
2026-03-09 14:06:52.291Z,33.8844,33.9138,100,100,8.7
2026-03-09 14:06:53.096Z,33.8897,33.9277,100,100,11.2
2026-03-09 14:06:54.396Z,33.8832,33.9216,100,100,11.3
2026-03-09 14:06:55.535Z,33.8924,33.9232,100,100,9.1
2026-03-09 14:06:56.050Z,33.8757,33.9147,100,100,11.5
2026-03-09 14:06:57.898Z,33.8862,33.9146,100,100,8.4
2026-03-09 14:06:58.780Z,33.8847,33.9211,100,100,10.7
2026-03-09 14:06:59.160Z,33.8817,33.9183,100,100,10.8
2026-03-09 14:11:00.646Z,33.8847,33.9153,100,100,9.0
2026-03-09 14:11:01.512Z,33.8854,33.9140,100,100,8.4
2026-03-09 14:11:02.873Z,33.8828,33.9162,100,100,9.9
2026-03-09 14:11:03.355Z,33.8903,33.9253,100,100,10.3
2026-03-09 14:11:04.505Z,33.8747,33.9103,100,100,10.5
2026-03-09 14:11:05.331Z,33.8873,33.9155,100,100,8.3
2026-03-09 14:11:06.367Z,33.8926,33.9220,100,100,8.7
2026-03-09 14:11:07.877Z,33.8721,33.9159,100,100,12.9
2026-03-09 14:11:08.147Z,33.8843,33.9251,100,100,12.0
2026-03-09 14:11:09.190Z,33.8774,33.9112,100,100,10.0
2026-03-09 14:11:10.440Z,33.8861,33.9199,100,100,10.0
2026-03-09 14:11:11.317Z,33.8845,33.9179,100,100,9.9
2026-03-09 14:11:12.470Z,33.8805,33.9117,100,100,9.2
2026-03-09 14:11:13.661Z,33.8838,33.9212,100,100,11.0
2026-03-09 14:11:14.366Z,33.8798,33.9138,100,100,10.0
2026-03-09 14:11:15.602Z,33.8913,33.9215,100,100,8.9
2026-03-09 14:11:16.866Z,33.8856,33.9214,100,100,10.6
2026-03-09 14:11:17.849Z,33.8882,33.9168,100,100,8.4
2026-03-09 14:11:18.245Z,33.8904,33.9244,100,100,10.0
2026-03-09 14:11:19.686Z,33.8911,33.9221,100,100,9.1
2026-03-09 14:11:20.357Z,33.8828,33.9164,100,100,9.9
2026-03-09 14:11:21.811Z,33.8821,33.9145,100,100,9.6
2026-03-09 14:11:22.159Z,33.8875,33.9245,100,100,10.9
2026-03-09 14:11:23.608Z,33.8870,33.9140,100,100,8.0
2026-03-09 14:11:24.356Z,33.8814,33.9120,100,100,9.0
2026-03-09 14:11:25.715Z,33.8832,33.9198,100,100,10.8
2026-03-09 14:11:26.105Z,33.8768,33.9148,100,100,11.2
2026-03-09 14:11:27.416Z,33.8840,33.9242,100,100,11.9
2026-03-09 14:11:28.271Z,33.8902,33.9162,100,100,7.7
2026-03-09 14:11:29.485Z,33.8800,33.9172,100,100,11.0
2026-03-09 14:11:30.634Z,33.8824,33.9192,100,100,10.9
2026-03-09 14:11:31.000Z,33.8812,33.9120,100,100,9.1
2026-03-09 14:11:32.069Z,33.8783,33.9067,100,100,8.4
2026-03-09 14:11:33.254Z,33.8763,33.9103,100,100,10.0
2026-03-09 14:11:34.656Z,33.8816,33.9148,100,100,9.8
2026-03-09 14:11:35.238Z,33.8870,33.9120,100,100,7.4
2026-03-09 14:11:36.823Z,33.8836,33.9206,100,100,10.9
2026-03-09 14:11:37.149Z,33.8898,33.9272,100,100,11.0
2026-03-09 14:11:38.053Z,33.8918,33.9230,100,100,9.2
2026-03-09 14:11:39.075Z,33.8820,33.9208,100,100,11.4
2026-03-09 14:11:40.670Z,33.8938,33.9202,100,100,7.8
2026-03-09 14:11:41.134Z,33.8839,33.9153,100,100,9.3
2026-03-09 14:11:42.872Z,33.8854,33.9146,100,100,8.6
2026-03-09 14:11:43.111Z,33.8874,33.9194,100,100,9.4
2026-03-09 14:11:44.423Z,33.8752,33.9158,100,100,12.0
2026-03-09 14:11:45.156Z,33.8769,33.9071,100,100,8.9
2026-03-09 14:11:46.297Z,33.8817,33.9243,100,100,12.6
2026-03-09 14:11:47.805Z,33.8946,33.9212,100,100,7.8
2026-03-09 14:11:48.751Z,33.8931,33.9193,100,100,7.7
2026-03-09 14:11:49.570Z,33.8767,33.9073,100,100,9.0
2026-03-09 14:11:50.504Z,33.8781,33.9131,100,100,10.3
2026-03-09 14:11:51.677Z,33.8873,33.9245,100,100,11.0
2026-03-09 14:11:52.690Z,33.8851,33.9197,100,100,10.2
2026-03-09 14:11:53.876Z,33.8723,33.9139,100,100,12.3
2026-03-09 14:11:54.063Z,33.8839,33.9153,100,100,9.3
2026-03-09 14:11:55.309Z,33.8882,33.9248,100,100,10.8
2026-03-09 14:11:56.096Z,33.8857,33.9187,100,100,9.7
2026-03-09 14:11:57.527Z,33.8926,33.9222,100,100,8.7
2026-03-09 14:11:58.219Z,33.8883,33.9169,100,100,8.4
2026-03-09 14:11:59.098Z,33.8868,33.9132,100,100,7.8
2026-03-09 14:12:00.707Z,33.8877,33.9123,100,100,7.3
2026-03-09 14:12:01.485Z,33.8909,33.9197,100,100,8.5
2026-03-09 14:12:02.068Z,33.8856,33.9154,100,100,8.8
2026-03-09 14:12:03.523Z,33.8763,33.9135,100,100,11.0
2026-03-09 14:12:04.428Z,33.8825,33.9103,100,100,8.2
2026-03-09 14:12:05.312Z,33.8804,33.9120,100,100,9.3
2026-03-09 14:12:06.828Z,33.8837,33.9189,100,100,10.4
2026-03-09 14:12:07.767Z,33.8845,33.9159,100,100,9.3
2026-03-09 14:12:08.564Z,33.8753,33.9085,100,100,9.8
2026-03-09 14:12:09.445Z,33.8847,33.9209,100,100,10.7
2026-03-09 14:12:10.577Z,33.8858,33.9226,100,100,10.9
2026-03-09 14:12:11.467Z,33.8937,33.9189,100,100,7.4
2026-03-09 14:12:12.828Z,33.8958,33.9210,100,100,7.4
2026-03-09 14:12:13.334Z,33.8758,33.9138,100,100,11.2
2026-03-09 14:12:14.012Z,33.8766,33.9094,100,100,9.7
2026-03-09 14:12:15.037Z,33.8903,33.9249,100,100,10.2
2026-03-09 14:12:16.719Z,33.8707,33.9149,100,100,13.0
2026-03-09 14:12:17.834Z,33.8774,33.9122,100,100,10.3
2026-03-09 14:12:18.748Z,33.8857,33.9211,100,100,10.4
2026-03-09 14:12:19.531Z,33.8861,33.9211,100,100,10.3
2026-03-09 14:12:20.816Z,33.8775,33.9123,100,100,10.3
2026-03-09 14:12:21.891Z,33.8842,33.9214,100,100,11.0
2026-03-09 14:12:22.179Z,33.8909,33.9229,100,100,9.4
2026-03-09 14:12:23.871Z,33.8937,33.9187,100,100,7.4
2026-03-09 14:12:24.513Z,33.8846,33.9180,100,100,9.9
2026-03-09 14:12:25.387Z,33.8876,33.9234,100,100,10.6
2026-03-09 14:12:26.120Z,33.8810,33.9138,100,100,9.7
2026-03-09 14:12:27.244Z,33.8818,33.9168,100,100,10.3
2026-03-09 14:12:28.174Z,33.8763,33.9145,100,100,11.3
2026-03-09 14:12:29.300Z,33.8820,33.9178,100,100,10.6
2026-03-09 14:12:30.478Z,33.8844,33.9118,100,100,8.1
2026-03-09 14:12:31.297Z,33.8762,33.9110,100,100,10.3
2026-03-09 14:12:32.185Z,33.8852,33.9274,100,100,12.4
2026-03-09 14:12:33.706Z,33.8893,33.9261,100,100,10.9
2026-03-09 14:12:34.122Z,33.8923,33.9211,100,100,8.5
2026-03-09 14:12:35.517Z,33.8908,33.9202,100,100,8.7
2026-03-09 14:12:36.596Z,33.8834,33.9178,100,100,10.1
2026-03-09 14:12:37.820Z,33.8877,33.9207,100,100,9.7
2026-03-09 14:12:38.518Z,33.8780,33.9150,100,100,10.9
2026-03-09 14:12:39.265Z,33.8869,33.9301,100,100,12.7
2026-03-09 14:12:40.305Z,33.8865,33.9205,100,100,10.0
2026-03-09 14:12:41.151Z,33.8766,33.9134,100,100,10.9
2026-03-09 14:12:42.841Z,33.8845,33.9137,100,100,8.6
2026-03-09 14:12:43.503Z,33.8871,33.9157,100,100,8.4
2026-03-09 14:12:44.168Z,33.8809,33.9175,100,100,10.8
2026-03-09 14:12:45.360Z,33.8875,33.9263,100,100,11.4
2026-03-09 14:12:46.524Z,33.8846,33.9202,100,100,10.5
2026-03-09 14:12:47.040Z,33.8904,33.9232,100,100,9.7
2026-03-09 14:12:48.202Z,33.8700,33.9138,100,100,12.9
2026-03-09 14:12:49.272Z,33.8797,33.9089,100,100,8.6
2026-03-09 14:12:50.898Z,33.8794,33.9090,100,100,8.7
2026-03-09 14:12:51.354Z,33.8843,33.9125,100,100,8.3
2026-03-09 14:12:52.273Z,33.8835,33.9089,100,100,7.5
2026-03-09 14:12:53.152Z,33.8886,33.9258,100,100,11.0
2026-03-09 14:12:54.010Z,33.8956,33.9198,100,100,7.1
2026-03-09 14:12:55.242Z,33.8690,33.9144,100,100,13.4
2026-03-09 14:12:56.051Z,33.8856,33.9280,100,100,12.5
2026-03-09 14:12:57.103Z,33.8840,33.9216,100,100,11.1
2026-03-09 14:12:58.763Z,33.8892,33.9150,100,100,7.6
2026-03-09 14:12:59.160Z,33.8837,33.9163,100,100,9.6
2026-03-09 14:14:00.148Z,33.7725,33.8075,100,100,10.4
2026-03-09 14:14:01.358Z,33.7809,33.8075,100,100,7.9
2026-03-09 14:14:02.324Z,33.7694,33.7998,100,100,9.0
2026-03-09 14:14:03.007Z,33.7834,33.8132,100,100,8.8
2026-03-09 14:14:04.347Z,33.7644,33.8064,100,100,12.4
2026-03-09 14:14:05.456Z,33.7765,33.8073,100,100,9.1
2026-03-09 14:14:06.505Z,33.7779,33.8029,100,100,7.4
2026-03-09 14:14:07.825Z,33.7667,33.7991,100,100,9.6
2026-03-09 14:14:08.069Z,33.7702,33.8066,100,100,10.8
2026-03-09 14:14:09.324Z,33.7706,33.7974,100,100,7.9
2026-03-09 14:14:10.440Z,33.7669,33.8015,100,100,10.2
2026-03-09 14:14:11.258Z,33.7821,33.8123,100,100,8.9
2026-03-09 14:14:12.074Z,33.7793,33.8085,100,100,8.6
2026-03-09 14:14:13.298Z,33.7752,33.8044,100,100,8.6
2026-03-09 14:14:14.545Z,33.7761,33.8107,100,100,10.2
2026-03-09 14:14:15.550Z,33.7692,33.7976,100,100,8.4
2026-03-09 14:14:16.385Z,33.7825,33.8123,100,100,8.8
2026-03-09 14:14:17.626Z,33.7767,33.8089,100,100,9.5
2026-03-09 14:14:18.769Z,33.7719,33.7991,100,100,8.1
2026-03-09 14:14:19.692Z,33.7816,33.8150,100,100,9.9
2026-03-09 14:14:20.079Z,33.7675,33.8093,100,100,12.4
2026-03-09 14:14:21.692Z,33.7674,33.7968,100,100,8.7
2026-03-09 14:14:22.238Z,33.7789,33.8079,100,100,8.6
2026-03-09 14:14:23.064Z,33.7832,33.8096,100,100,7.8
2026-03-09 14:14:24.750Z,33.7754,33.8108,100,100,10.5
2026-03-09 14:14:25.527Z,33.7763,33.8119,100,100,10.5
2026-03-09 14:14:26.289Z,33.7830,33.8120,100,100,8.6
2026-03-09 14:14:27.390Z,33.7720,33.8022,100,100,8.9
2026-03-09 14:14:28.433Z,33.7748,33.8104,100,100,10.5
2026-03-09 14:14:29.733Z,33.7672,33.7974,100,100,8.9
2026-03-09 14:14:30.606Z,33.7747,33.8041,100,100,8.7
2026-03-09 14:14:31.255Z,33.7679,33.7955,100,100,8.2
2026-03-09 14:14:32.759Z,33.7721,33.8031,100,100,9.2
2026-03-09 14:14:33.885Z,33.7805,33.8143,100,100,10.0
2026-03-09 14:14:34.838Z,33.7774,33.8134,100,100,10.7
2026-03-09 14:14:35.107Z,33.7728,33.8106,100,100,11.2
2026-03-09 14:14:36.396Z,33.7628,33.8006,100,100,11.2
2026-03-09 14:14:37.113Z,33.7707,33.7953,100,100,7.3
2026-03-09 14:14:38.356Z,33.7794,33.8136,100,100,10.1
2026-03-09 14:14:39.120Z,33.7678,33.8062,100,100,11.4
2026-03-09 14:14:40.352Z,33.7678,33.7988,100,100,9.2
2026-03-09 14:14:41.698Z,33.7756,33.8124,100,100,10.9
2026-03-09 14:14:42.280Z,33.7790,33.8046,100,100,7.6
2026-03-09 14:14:43.132Z,33.7771,33.8099,100,100,9.7
2026-03-09 14:14:44.885Z,33.7820,33.8140,100,100,9.5
2026-03-09 14:14:45.541Z,33.7742,33.8024,100,100,8.3
2026-03-09 14:14:46.324Z,33.7764,33.8126,100,100,10.7
2026-03-09 14:14:47.009Z,33.7817,33.8081,100,100,7.8
2026-03-09 14:14:48.475Z,33.7746,33.8046,100,100,8.9
2026-03-09 14:14:49.299Z,33.7751,33.8051,100,100,8.9
2026-03-09 14:14:50.431Z,33.7625,33.8007,100,100,11.3
2026-03-09 14:14:51.816Z,33.7794,33.8150,100,100,10.5
2026-03-09 14:14:52.678Z,33.7654,33.7984,100,100,9.8
2026-03-09 14:14:53.515Z,33.7772,33.8094,100,100,9.5
2026-03-09 14:14:54.870Z,33.7758,33.8114,100,100,10.5
2026-03-09 14:14:55.613Z,33.7787,33.8171,100,100,11.4
2026-03-09 14:14:56.107Z,33.7626,33.8020,100,100,11.7
2026-03-09 14:14:57.517Z,33.7690,33.8042,100,100,10.4
2026-03-09 14:14:58.586Z,33.7699,33.8035,100,100,9.9
2026-03-09 14:14:59.306Z,33.7764,33.8036,100,100,8.0
2026-03-09 14:18:00.878Z,33.7866,33.8134,100,100,7.9
2026-03-09 14:18:01.719Z,33.7840,33.8148,100,100,9.1
2026-03-09 14:18:02.647Z,33.7922,33.8222,100,100,8.9
2026-03-09 14:18:03.523Z,33.7840,33.8168,100,100,9.7
2026-03-09 14:18:04.767Z,33.7871,33.8257,100,100,11.4
2026-03-09 14:18:05.176Z,33.7831,33.8119,100,100,8.5
2026-03-09 14:18:06.650Z,33.7824,33.8106,100,100,8.3
2026-03-09 14:18:07.082Z,33.7808,33.8176,100,100,10.9
2026-03-09 14:18:08.317Z,33.7922,33.8220,100,100,8.8
2026-03-09 14:18:09.089Z,33.7857,33.8157,100,100,8.9
2026-03-09 14:18:10.852Z,33.7877,33.8125,100,100,7.3
2026-03-09 14:18:11.040Z,33.7890,33.8200,100,100,9.2
2026-03-09 14:18:12.636Z,33.7754,33.8142,100,100,11.5
2026-03-09 14:18:13.372Z,33.7793,33.8091,100,100,8.8
2026-03-09 14:18:14.578Z,33.7767,33.8097,100,100,9.8
2026-03-09 14:18:15.592Z,33.7858,33.8142,100,100,8.4
2026-03-09 14:18:16.845Z,33.7900,33.8166,100,100,7.9
2026-03-09 14:18:17.602Z,33.7846,33.8140,100,100,8.7
2026-03-09 14:18:18.614Z,33.7908,33.8204,100,100,8.8
2026-03-09 14:18:19.509Z,33.7931,33.8203,100,100,8.0
2026-03-09 14:18:20.578Z,33.7797,33.8137,100,100,10.1
2026-03-09 14:18:21.217Z,33.7805,33.8161,100,100,10.5
2026-03-09 14:18:22.826Z,33.7778,33.8122,100,100,10.2
2026-03-09 14:18:23.546Z,33.7768,33.8120,100,100,10.4
2026-03-09 14:18:24.099Z,33.7862,33.8128,100,100,7.9
2026-03-09 14:18:25.375Z,33.7805,33.8077,100,100,8.0
2026-03-09 14:18:26.391Z,33.7876,33.8230,100,100,10.5
2026-03-09 14:18:27.454Z,33.7876,33.8236,100,100,10.6
2026-03-09 14:18:28.703Z,33.7860,33.8152,100,100,8.6
2026-03-09 14:18:29.871Z,33.7892,33.8212,100,100,9.5
2026-03-09 14:18:30.593Z,33.7858,33.8178,100,100,9.5
2026-03-09 14:18:31.538Z,33.7783,33.8113,100,100,9.8
2026-03-09 14:18:32.145Z,33.7822,33.8132,100,100,9.2
2026-03-09 14:18:33.385Z,33.7854,33.8196,100,100,10.1
2026-03-09 14:18:34.554Z,33.7765,33.8115,100,100,10.4
2026-03-09 14:18:35.774Z,33.7824,33.8218,100,100,11.7
2026-03-09 14:18:36.847Z,33.7860,33.8218,100,100,10.6
2026-03-09 14:18:37.816Z,33.7755,33.8111,100,100,10.5
2026-03-09 14:18:38.038Z,33.7837,33.8229,100,100,11.6
2026-03-09 14:18:39.284Z,33.7799,33.8163,100,100,10.8
2026-03-09 14:18:40.301Z,33.7749,33.8103,100,100,10.5
2026-03-09 14:18:41.093Z,33.7819,33.8097,100,100,8.2
2026-03-09 14:18:42.637Z,33.7841,33.8209,100,100,10.9
2026-03-09 14:18:43.236Z,33.7741,33.8129,100,100,11.5
2026-03-09 14:18:44.811Z,33.7819,33.8111,100,100,8.6
2026-03-09 14:18:45.731Z,33.7897,33.8177,100,100,8.3
2026-03-09 14:18:46.065Z,33.7855,33.8165,100,100,9.2
2026-03-09 14:18:47.215Z,33.7898,33.8162,100,100,7.8
2026-03-09 14:18:48.641Z,33.7754,33.8158,100,100,12.0
2026-03-09 14:18:49.249Z,33.7857,33.8191,100,100,9.9
2026-03-09 14:18:50.456Z,33.7861,33.8131,100,100,8.0
2026-03-09 14:18:51.012Z,33.7912,33.8176,100,100,7.8
2026-03-09 14:18:52.023Z,33.7892,33.8228,100,100,9.9
2026-03-09 14:18:53.216Z,33.7791,33.8105,100,100,9.3
2026-03-09 14:18:54.126Z,33.7796,33.8092,100,100,8.8
2026-03-09 14:18:55.820Z,33.7757,33.8093,100,100,9.9
2026-03-09 14:18:56.286Z,33.7783,33.8135,100,100,10.4
2026-03-09 14:18:57.824Z,33.7844,33.8242,100,100,11.8
2026-03-09 14:18:58.183Z,33.7759,33.8091,100,100,9.8
2026-03-09 14:18:59.883Z,33.7811,33.8189,100,100,11.2
2026-03-09 14:19:00.280Z,33.8172,33.8428,100,100,7.6
2026-03-09 14:19:01.770Z,33.8047,33.8385,100,100,10.0
2026-03-09 14:19:02.614Z,33.8145,33.8517,100,100,11.0
2026-03-09 14:19:03.899Z,33.8061,33.8389,100,100,9.7
2026-03-09 14:19:04.442Z,33.8112,33.8392,100,100,8.3
2026-03-09 14:19:05.653Z,33.8146,33.8434,100,100,8.5
2026-03-09 14:19:06.709Z,33.8133,33.8423,100,100,8.6
2026-03-09 14:19:07.883Z,33.8149,33.8553,100,100,11.9
2026-03-09 14:19:08.787Z,33.8091,33.8439,100,100,10.3
2026-03-09 14:19:09.846Z,33.8113,33.8473,100,100,10.6
2026-03-09 14:19:10.759Z,33.8160,33.8472,100,100,9.2
2026-03-09 14:19:11.071Z,33.8154,33.8520,100,100,10.8
2026-03-09 14:19:12.535Z,33.8052,33.8382,100,100,9.8
2026-03-09 14:19:13.279Z,33.8080,33.8434,100,100,10.5
2026-03-09 14:19:14.004Z,33.8159,33.8469,100,100,9.2
2026-03-09 14:19:15.865Z,33.8186,33.8474,100,100,8.5
2026-03-09 14:19:16.771Z,33.8167,33.8511,100,100,10.2
2026-03-09 14:19:17.249Z,33.8046,33.8392,100,100,10.2
2026-03-09 14:19:18.029Z,33.8109,33.8431,100,100,9.5
2026-03-09 14:19:19.525Z,33.8121,33.8487,100,100,10.8
2026-03-09 14:19:20.160Z,33.8167,33.8431,100,100,7.8
2026-03-09 14:19:21.438Z,33.8171,33.8425,100,100,7.5
2026-03-09 14:19:22.661Z,33.8078,33.8390,100,100,9.2
2026-03-09 14:19:23.698Z,33.8145,33.8569,100,100,12.5
2026-03-09 14:19:24.820Z,33.8248,33.8508,100,100,7.7
2026-03-09 14:19:25.472Z,33.8168,33.8456,100,100,8.5
2026-03-09 14:19:26.071Z,33.8111,33.8447,100,100,9.9
2026-03-09 14:19:27.614Z,33.8174,33.8440,100,100,7.9
2026-03-09 14:19:28.142Z,33.8052,33.8418,100,100,10.8
2026-03-09 14:19:29.616Z,33.8101,33.8361,100,100,7.7
2026-03-09 14:19:30.584Z,33.8128,33.8446,100,100,9.4
2026-03-09 14:19:31.069Z,33.8195,33.8481,100,100,8.5
2026-03-09 14:19:32.286Z,33.8081,33.8373,100,100,8.6
2026-03-09 14:19:33.075Z,33.8189,33.8537,100,100,10.3
2026-03-09 14:19:34.589Z,33.8109,33.8429,100,100,9.5
2026-03-09 14:19:35.167Z,33.8074,33.8406,100,100,9.8
2026-03-09 14:19:36.338Z,33.8149,33.8565,100,100,12.3
2026-03-09 14:19:37.586Z,33.8050,33.8442,100,100,11.6
2026-03-09 14:19:38.439Z,33.8147,33.8521,100,100,11.1
2026-03-09 14:19:39.094Z,33.8135,33.8457,100,100,9.5
2026-03-09 14:19:40.286Z,33.8092,33.8442,100,100,10.3
2026-03-09 14:19:41.309Z,33.8157,33.8527,100,100,10.9
2026-03-09 14:19:42.391Z,33.8035,33.8413,100,100,11.2
2026-03-09 14:19:43.374Z,33.8146,33.8536,100,100,11.5
2026-03-09 14:19:44.294Z,33.8195,33.8477,100,100,8.3
2026-03-09 14:19:45.841Z,33.8202,33.8488,100,100,8.5
2026-03-09 14:19:46.595Z,33.8142,33.8410,100,100,7.9
2026-03-09 14:19:47.533Z,33.8119,33.8477,100,100,10.6
2026-03-09 14:19:48.817Z,33.8114,33.8452,100,100,10.0
2026-03-09 14:19:49.765Z,33.8049,33.8423,100,100,11.1
2026-03-09 14:19:50.348Z,33.8167,33.8569,100,100,11.9
2026-03-09 14:19:51.890Z,33.8085,33.8389,100,100,9.0
2026-03-09 14:19:52.002Z,33.8066,33.8422,100,100,10.5
2026-03-09 14:19:53.386Z,33.8156,33.8462,100,100,9.0
2026-03-09 14:19:54.488Z,33.8230,33.8524,100,100,8.7
2026-03-09 14:19:55.519Z,33.8218,33.8544,100,100,9.6
2026-03-09 14:19:56.037Z,33.8202,33.8530,100,100,9.7
2026-03-09 14:19:57.821Z,33.8210,33.8508,100,100,8.8
2026-03-09 14:19:58.457Z,33.8052,33.8412,100,100,10.6
2026-03-09 14:19:59.882Z,33.8164,33.8436,100,100,8.0
2026-03-09 14:20:00.246Z,33.8138,33.8462,100,100,9.6
2026-03-09 14:20:01.148Z,33.8137,33.8435,100,100,8.8
2026-03-09 14:20:02.564Z,33.8145,33.8499,100,100,10.5
2026-03-09 14:20:03.234Z,33.8089,33.8407,100,100,9.4
2026-03-09 14:20:04.536Z,33.8054,33.8378,100,100,9.6
2026-03-09 14:20:05.824Z,33.8145,33.8575,100,100,12.7
2026-03-09 14:20:06.128Z,33.8024,33.8410,100,100,11.4
2026-03-09 14:20:07.753Z,33.8148,33.8530,100,100,11.3
2026-03-09 14:20:08.098Z,33.8103,33.8423,100,100,9.5
2026-03-09 14:20:09.139Z,33.8230,33.8516,100,100,8.5
2026-03-09 14:20:10.831Z,33.8244,33.8504,100,100,7.7
2026-03-09 14:20:11.643Z,33.8188,33.8516,100,100,9.7
2026-03-09 14:20:12.243Z,33.8144,33.8428,100,100,8.4
2026-03-09 14:20:13.023Z,33.8090,33.8456,100,100,10.8
2026-03-09 14:20:14.552Z,33.8127,33.8459,100,100,9.8
2026-03-09 14:20:15.200Z,33.8160,33.8468,100,100,9.1
2026-03-09 14:20:16.814Z,33.8241,33.8517,100,100,8.2
2026-03-09 14:20:17.881Z,33.8159,33.8455,100,100,8.7
2026-03-09 14:20:18.184Z,33.8221,33.8541,100,100,9.5
2026-03-09 14:20:19.877Z,33.8179,33.8459,100,100,8.3
2026-03-09 14:20:20.152Z,33.8110,33.8404,100,100,8.7
2026-03-09 14:20:21.228Z,33.8062,33.8420,100,100,10.6
2026-03-09 14:20:22.209Z,33.8096,33.8478,100,100,11.3
2026-03-09 14:20:23.172Z,33.8090,33.8364,100,100,8.1
2026-03-09 14:20:24.740Z,33.8099,33.8351,100,100,7.5
2026-03-09 14:20:25.213Z,33.8106,33.8384,100,100,8.2
2026-03-09 14:20:26.093Z,33.8085,33.8451,100,100,10.8
2026-03-09 14:20:27.611Z,33.8167,33.8489,100,100,9.5
2026-03-09 14:20:28.062Z,33.8162,33.8450,100,100,8.5
2026-03-09 14:20:29.218Z,33.8083,33.8375,100,100,8.6
2026-03-09 14:20:30.812Z,33.8068,33.8384,100,100,9.3
2026-03-09 14:20:31.068Z,33.8193,33.8481,100,100,8.5
2026-03-09 14:20:32.003Z,33.8075,33.8363,100,100,8.5
2026-03-09 14:20:33.263Z,33.8086,33.8356,100,100,8.0
2026-03-09 14:20:34.675Z,33.8068,33.8432,100,100,10.8
2026-03-09 14:20:35.450Z,33.8079,33.8371,100,100,8.6
2026-03-09 14:20:36.067Z,33.8145,33.8453,100,100,9.1
2026-03-09 14:20:37.441Z,33.8221,33.8493,100,100,8.0
2026-03-09 14:20:38.583Z,33.8207,33.8533,100,100,9.6
2026-03-09 14:20:39.054Z,33.8185,33.8449,100,100,7.8
2026-03-09 14:20:40.005Z,33.8193,33.8467,100,100,8.1
2026-03-09 14:20:41.011Z,33.8181,33.8557,100,100,11.1
2026-03-09 14:20:42.669Z,33.8170,33.8528,100,100,10.6
2026-03-09 14:20:43.652Z,33.8126,33.8500,100,100,11.1
2026-03-09 14:20:44.199Z,33.8125,33.8487,100,100,10.7
2026-03-09 14:20:45.083Z,33.8115,33.8427,100,100,9.2
2026-03-09 14:20:46.425Z,33.8058,33.8424,100,100,10.8
2026-03-09 14:20:47.755Z,33.8092,33.8354,100,100,7.7
2026-03-09 14:20:48.499Z,33.8149,33.8459,100,100,9.2
2026-03-09 14:20:49.684Z,33.8132,33.8454,100,100,9.5
2026-03-09 14:20:50.110Z,33.8163,33.8491,100,100,9.7
2026-03-09 14:20:51.026Z,33.8144,33.8472,100,100,9.7
2026-03-09 14:20:52.505Z,33.8192,33.8498,100,100,9.0
2026-03-09 14:20:53.760Z,33.8226,33.8524,100,100,8.8
2026-03-09 14:20:54.548Z,33.8164,33.8524,100,100,10.6
2026-03-09 14:20:55.854Z,33.8080,33.8454,100,100,11.1
2026-03-09 14:20:56.410Z,33.8179,33.8587,100,100,12.1
2026-03-09 14:20:57.800Z,33.8116,33.8506,100,100,11.5
2026-03-09 14:20:58.168Z,33.8092,33.8386,100,100,8.7
2026-03-09 14:20:59.143Z,33.8105,33.8495,100,100,11.5
2026-03-09 14:25:00.603Z,33.9369,33.9631,100,100,7.7
2026-03-09 14:25:01.830Z,33.9399,33.9687,100,100,8.5
2026-03-09 14:25:02.701Z,33.9263,33.9657,100,100,11.6
2026-03-09 14:25:03.101Z,33.9311,33.9609,100,100,8.8
2026-03-09 14:25:04.227Z,33.9233,33.9599,100,100,10.8
2026-03-09 14:25:05.274Z,33.9331,33.9651,100,100,9.4
2026-03-09 14:25:06.814Z,33.9318,33.9608,100,100,8.5
2026-03-09 14:25:07.363Z,33.9365,33.9679,100,100,9.2
2026-03-09 14:25:08.240Z,33.9263,33.9655,100,100,11.5
2026-03-09 14:25:09.169Z,33.9405,33.9755,100,100,10.3
2026-03-09 14:25:10.102Z,33.9309,33.9693,100,100,11.3
2026-03-09 14:25:11.743Z,33.9292,33.9662,100,100,10.9
2026-03-09 14:25:12.500Z,33.9367,33.9613,100,100,7.2
2026-03-09 14:25:13.428Z,33.9404,33.9666,100,100,7.7
2026-03-09 14:25:14.658Z,33.9335,33.9623,100,100,8.5
2026-03-09 14:25:15.269Z,33.9372,33.9706,100,100,9.8
2026-03-09 14:25:16.788Z,33.9343,33.9649,100,100,9.0
2026-03-09 14:25:17.072Z,33.9265,33.9593,100,100,9.7
2026-03-09 14:25:18.398Z,33.9368,33.9782,100,100,12.2
2026-03-09 14:25:19.239Z,33.9337,33.9667,100,100,9.7
2026-03-09 14:25:20.147Z,33.9356,33.9702,100,100,10.2
2026-03-09 14:25:21.824Z,33.9242,33.9618,100,100,11.1
2026-03-09 14:25:22.268Z,33.9362,33.9668,100,100,9.0
2026-03-09 14:25:23.163Z,33.9316,33.9656,100,100,10.0
2026-03-09 14:25:24.022Z,33.9375,33.9651,100,100,8.1
2026-03-09 14:25:25.861Z,33.9389,33.9649,100,100,7.7
2026-03-09 14:25:26.769Z,33.9267,33.9641,100,100,11.0
2026-03-09 14:25:27.109Z,33.9300,33.9608,100,100,9.1
2026-03-09 14:25:28.346Z,33.9244,33.9588,100,100,10.1
2026-03-09 14:25:29.183Z,33.9271,33.9649,100,100,11.1
2026-03-09 14:25:30.500Z,33.9343,33.9743,100,100,11.8
2026-03-09 14:25:31.870Z,33.9312,33.9666,100,100,10.4
2026-03-09 14:25:32.687Z,33.9253,33.9589,100,100,9.9
2026-03-09 14:25:33.440Z,33.9380,33.9748,100,100,10.8
2026-03-09 14:25:34.556Z,33.9259,33.9643,100,100,11.3
2026-03-09 14:25:35.297Z,33.9281,33.9639,100,100,10.5
2026-03-09 14:25:36.019Z,33.9291,33.9651,100,100,10.6
2026-03-09 14:25:37.833Z,33.9425,33.9731,100,100,9.0
2026-03-09 14:25:38.368Z,33.9394,33.9738,100,100,10.1
2026-03-09 14:25:39.781Z,33.9311,33.9675,100,100,10.7
2026-03-09 14:25:40.653Z,33.9379,33.9643,100,100,7.8
2026-03-09 14:25:41.771Z,33.9358,33.9730,100,100,11.0
2026-03-09 14:25:42.029Z,33.9357,33.9677,100,100,9.4
2026-03-09 14:25:43.734Z,33.9289,33.9615,100,100,9.6
2026-03-09 14:25:44.298Z,33.9380,33.9682,100,100,8.9
2026-03-09 14:25:45.724Z,33.9395,33.9745,100,100,10.3
2026-03-09 14:25:46.568Z,33.9369,33.9641,100,100,8.0
2026-03-09 14:25:47.801Z,33.9376,33.9664,100,100,8.5
2026-03-09 14:25:48.882Z,33.9362,33.9734,100,100,11.0
2026-03-09 14:25:49.777Z,33.9290,33.9612,100,100,9.5
2026-03-09 14:25:50.373Z,33.9274,33.9566,100,100,8.6
2026-03-09 14:25:51.448Z,33.9363,33.9755,100,100,11.5
2026-03-09 14:25:52.107Z,33.9201,33.9641,100,100,13.0
2026-03-09 14:25:53.893Z,33.9390,33.9740,100,100,10.3
2026-03-09 14:25:54.422Z,33.9400,33.9738,100,100,10.0
2026-03-09 14:25:55.326Z,33.9349,33.9669,100,100,9.4
2026-03-09 14:25:56.444Z,33.9256,33.9630,100,100,11.0
2026-03-09 14:25:57.283Z,33.9353,33.9765,100,100,12.1
2026-03-09 14:25:58.219Z,33.9402,33.9662,100,100,7.7
2026-03-09 14:25:59.894Z,33.9349,33.9651,100,100,8.9
2026-03-09 14:27:00.547Z,33.9768,34.0032,100,100,7.8
2026-03-09 14:27:01.115Z,33.9808,34.0144,100,100,9.9
2026-03-09 14:27:02.678Z,33.9730,34.0092,100,100,10.6
2026-03-09 14:27:03.157Z,33.9778,34.0062,100,100,8.4
2026-03-09 14:27:04.876Z,33.9673,33.9961,100,100,8.5
2026-03-09 14:27:05.435Z,33.9714,33.9990,100,100,8.1
2026-03-09 14:27:06.729Z,33.9798,34.0170,100,100,10.9
2026-03-09 14:27:07.847Z,33.9731,34.0115,100,100,11.3
2026-03-09 14:27:08.301Z,33.9640,34.0018,100,100,11.1
2026-03-09 14:27:09.327Z,33.9678,33.9988,100,100,9.1
2026-03-09 14:27:10.594Z,33.9713,33.9977,100,100,7.8
2026-03-09 14:27:11.507Z,33.9787,34.0071,100,100,8.4
2026-03-09 14:27:12.862Z,33.9673,34.0037,100,100,10.7
2026-03-09 14:27:13.190Z,33.9701,34.0037,100,100,9.9
2026-03-09 14:27:14.249Z,33.9774,34.0050,100,100,8.1
2026-03-09 14:27:15.224Z,33.9843,34.0125,100,100,8.3
2026-03-09 14:27:16.826Z,33.9725,34.0059,100,100,9.8
2026-03-09 14:27:17.592Z,33.9731,34.0047,100,100,9.3
2026-03-09 14:27:18.782Z,33.9693,33.9977,100,100,8.4
2026-03-09 14:27:19.572Z,33.9669,34.0011,100,100,10.1
2026-03-09 14:27:20.570Z,33.9723,34.0133,100,100,12.1
2026-03-09 14:27:21.467Z,33.9780,34.0164,100,100,11.3
2026-03-09 14:27:22.420Z,33.9689,34.0061,100,100,10.9
2026-03-09 14:27:23.494Z,33.9719,34.0045,100,100,9.6
2026-03-09 14:27:24.530Z,33.9711,34.0003,100,100,8.6
2026-03-09 14:27:25.095Z,33.9821,34.0131,100,100,9.1
2026-03-09 14:27:26.378Z,33.9711,34.0015,100,100,8.9
2026-03-09 14:27:27.844Z,33.9648,33.9984,100,100,9.9
2026-03-09 14:27:28.602Z,33.9783,34.0177,100,100,11.6
2026-03-09 14:27:29.178Z,33.9801,34.0117,100,100,9.3
2026-03-09 14:27:30.859Z,33.9678,34.0072,100,100,11.6
2026-03-09 14:27:31.272Z,33.9792,34.0126,100,100,9.8
2026-03-09 14:27:32.324Z,33.9839,34.0105,100,100,7.8
2026-03-09 14:27:33.297Z,33.9816,34.0076,100,100,7.6
2026-03-09 14:27:34.856Z,33.9779,34.0051,100,100,8.0
2026-03-09 14:27:35.008Z,33.9712,34.0078,100,100,10.8
2026-03-09 14:27:36.500Z,33.9647,33.9989,100,100,10.1
2026-03-09 14:27:37.493Z,33.9714,33.9974,100,100,7.7
2026-03-09 14:27:38.445Z,33.9721,34.0011,100,100,8.5
2026-03-09 14:27:39.445Z,33.9789,34.0065,100,100,8.1
2026-03-09 14:27:40.103Z,33.9694,34.0008,100,100,9.2
2026-03-09 14:27:41.726Z,33.9737,33.9991,100,100,7.5
2026-03-09 14:27:42.318Z,33.9800,34.0074,100,100,8.1
2026-03-09 14:27:43.753Z,33.9638,34.0040,100,100,11.8
2026-03-09 14:27:44.221Z,33.9817,34.0119,100,100,8.9
2026-03-09 14:27:45.554Z,33.9803,34.0127,100,100,9.5
2026-03-09 14:27:46.833Z,33.9642,34.0028,100,100,11.4
2026-03-09 14:27:47.213Z,33.9745,34.0001,100,100,7.5
2026-03-09 14:27:48.423Z,33.9741,34.0033,100,100,8.6
2026-03-09 14:27:49.418Z,33.9719,34.0045,100,100,9.6
2026-03-09 14:27:50.552Z,33.9681,33.9987,100,100,9.0
2026-03-09 14:27:51.044Z,33.9777,34.0111,100,100,9.8
2026-03-09 14:27:52.115Z,33.9641,34.0033,100,100,11.5
2026-03-09 14:27:53.637Z,33.9736,34.0020,100,100,8.4
2026-03-09 14:27:54.742Z,33.9680,33.9970,100,100,8.5
2026-03-09 14:27:55.781Z,33.9734,33.9994,100,100,7.7
2026-03-09 14:27:56.834Z,33.9783,34.0051,100,100,7.9
2026-03-09 14:27:57.513Z,33.9680,34.0008,100,100,9.7
2026-03-09 14:27:58.794Z,33.9707,34.0049,100,100,10.1
2026-03-09 14:27:59.634Z,33.9725,34.0075,100,100,10.3
2026-03-09 14:31:00.634Z,34.0672,34.0928,100,100,7.5
2026-03-09 14:31:01.623Z,34.0623,34.0971,100,100,10.2
2026-03-09 14:31:02.086Z,34.0642,34.0970,100,100,9.6
2026-03-09 14:31:03.525Z,34.0604,34.0960,100,100,10.4
2026-03-09 14:31:04.692Z,34.0641,34.0981,100,100,10.0
2026-03-09 14:31:05.149Z,34.0601,34.0925,100,100,9.5
2026-03-09 14:31:06.162Z,34.0599,34.0883,100,100,8.3
2026-03-09 14:31:07.322Z,34.0638,34.0958,100,100,9.4
2026-03-09 14:31:08.389Z,34.0539,34.0895,100,100,10.4
2026-03-09 14:31:09.799Z,34.0615,34.1001,100,100,11.3
2026-03-09 14:31:10.580Z,34.0699,34.0959,100,100,7.6
2026-03-09 14:31:11.898Z,34.0585,34.0951,100,100,10.7
2026-03-09 14:31:12.167Z,34.0623,34.0903,100,100,8.2
2026-03-09 14:31:13.734Z,34.0562,34.0894,100,100,9.7
2026-03-09 14:31:14.137Z,34.0653,34.1055,100,100,11.8
2026-03-09 14:31:15.140Z,34.0689,34.1003,100,100,9.2
2026-03-09 14:31:16.331Z,34.0650,34.0930,100,100,8.2
2026-03-09 14:31:17.071Z,34.0674,34.0966,100,100,8.6
2026-03-09 14:31:18.537Z,34.0603,34.0917,100,100,9.2
2026-03-09 14:31:19.111Z,34.0591,34.0859,100,100,7.9
2026-03-09 14:31:20.246Z,34.0714,34.1050,100,100,9.9
2026-03-09 14:31:21.789Z,34.0640,34.1020,100,100,11.1
2026-03-09 14:31:22.379Z,34.0746,34.1024,100,100,8.2
2026-03-09 14:31:23.046Z,34.0554,34.0918,100,100,10.7
2026-03-09 14:31:24.451Z,34.0673,34.1029,100,100,10.4
2026-03-09 14:31:25.690Z,34.0559,34.0891,100,100,9.7
2026-03-09 14:31:26.047Z,34.0676,34.1052,100,100,11.0
2026-03-09 14:31:27.132Z,34.0709,34.0989,100,100,8.2
2026-03-09 14:31:28.152Z,34.0506,34.0940,100,100,12.7
2026-03-09 14:31:29.422Z,34.0666,34.1076,100,100,12.0
2026-03-09 14:31:30.620Z,34.0682,34.1036,100,100,10.4
2026-03-09 14:31:31.707Z,34.0686,34.1010,100,100,9.5
2026-03-09 14:31:32.530Z,34.0665,34.0997,100,100,9.7
2026-03-09 14:31:33.788Z,34.0737,34.0991,100,100,7.5
2026-03-09 14:31:34.691Z,34.0568,34.0916,100,100,10.2
2026-03-09 14:31:35.458Z,34.0610,34.0978,100,100,10.8
2026-03-09 14:31:36.019Z,34.0570,34.0944,100,100,11.0
2026-03-09 14:31:37.138Z,34.0539,34.0917,100,100,11.1
2026-03-09 14:31:38.439Z,34.0561,34.0869,100,100,9.0
2026-03-09 14:31:39.431Z,34.0575,34.0909,100,100,9.8
2026-03-09 14:31:40.417Z,34.0581,34.0853,100,100,8.0
2026-03-09 14:31:41.245Z,34.0565,34.0921,100,100,10.4
2026-03-09 14:31:42.862Z,34.0545,34.0899,100,100,10.4
2026-03-09 14:31:43.593Z,34.0602,34.0942,100,100,10.0
2026-03-09 14:31:44.789Z,34.0573,34.0867,100,100,8.6
2026-03-09 14:31:45.224Z,34.0611,34.0857,100,100,7.2
2026-03-09 14:31:46.756Z,34.0641,34.0939,100,100,8.7
2026-03-09 14:31:47.764Z,34.0708,34.1052,100,100,10.1
2026-03-09 14:31:48.275Z,34.0731,34.1001,100,100,7.9
2026-03-09 14:31:49.580Z,34.0513,34.0933,100,100,12.3
2026-03-09 14:31:50.781Z,34.0636,34.1026,100,100,11.4
2026-03-09 14:31:51.193Z,34.0588,34.0960,100,100,10.9
2026-03-09 14:31:52.240Z,34.0650,34.0980,100,100,9.7
2026-03-09 14:31:53.615Z,34.0575,34.0917,100,100,10.0
2026-03-09 14:31:54.151Z,34.0541,34.0911,100,100,10.9
2026-03-09 14:31:55.605Z,34.0571,34.0931,100,100,10.6
2026-03-09 14:31:56.378Z,34.0640,34.0954,100,100,9.2
2026-03-09 14:31:57.076Z,34.0654,34.0918,100,100,7.7
2026-03-09 14:31:58.018Z,34.0655,34.0977,100,100,9.4
2026-03-09 14:31:59.665Z,34.0676,34.0924,100,100,7.3
2026-03-09 14:45:00.570Z,34.1971,34.2229,100,100,7.5
2026-03-09 14:45:01.147Z,34.2032,34.2302,100,100,7.9
2026-03-09 14:45:02.733Z,34.1875,34.2263,100,100,11.3
2026-03-09 14:45:03.377Z,34.1969,34.2361,100,100,11.5
2026-03-09 14:45:04.650Z,34.1938,34.2236,100,100,8.7
2026-03-09 14:45:05.035Z,34.1871,34.2185,100,100,9.2
2026-03-09 14:45:06.644Z,34.1927,34.2343,100,100,12.2
2026-03-09 14:45:07.218Z,34.1956,34.2274,100,100,9.3
2026-03-09 14:45:08.573Z,34.1936,34.2206,100,100,7.9
2026-03-09 14:45:09.204Z,34.1902,34.2260,100,100,10.5
2026-03-09 14:45:10.658Z,34.2027,34.2311,100,100,8.3
2026-03-09 14:45:11.389Z,34.1958,34.2314,100,100,10.4
2026-03-09 14:45:12.707Z,34.1847,34.2235,100,100,11.3
2026-03-09 14:45:13.783Z,34.1972,34.2346,100,100,10.9
2026-03-09 14:45:14.764Z,34.1957,34.2309,100,100,10.3
2026-03-09 14:45:15.568Z,34.1819,34.2233,100,100,12.1
2026-03-09 14:45:16.099Z,34.1894,34.2228,100,100,9.8
2026-03-09 14:45:17.583Z,34.1912,34.2254,100,100,10.0
2026-03-09 14:45:18.382Z,34.1955,34.2253,100,100,8.7
2026-03-09 14:45:19.758Z,34.1960,34.2318,100,100,10.5
2026-03-09 14:45:20.561Z,34.1870,34.2184,100,100,9.2
2026-03-09 14:45:21.832Z,34.1913,34.2257,100,100,10.1
2026-03-09 14:45:22.456Z,34.1973,34.2225,100,100,7.4
2026-03-09 14:45:23.147Z,34.1980,34.2260,100,100,8.2
2026-03-09 14:45:24.105Z,34.1969,34.2275,100,100,8.9
2026-03-09 14:45:25.398Z,34.1880,34.2258,100,100,11.1
2026-03-09 14:45:26.728Z,34.1972,34.2368,100,100,11.6
2026-03-09 14:45:27.814Z,34.1832,34.2204,100,100,10.9
2026-03-09 14:45:28.036Z,34.1980,34.2274,100,100,8.6
2026-03-09 14:45:29.331Z,34.1936,34.2236,100,100,8.8
2026-03-09 14:45:30.529Z,34.1868,34.2168,100,100,8.8
2026-03-09 14:45:31.080Z,34.1885,34.2233,100,100,10.2
2026-03-09 14:45:32.027Z,34.1951,34.2235,100,100,8.3
2026-03-09 14:45:33.616Z,34.1923,34.2223,100,100,8.8
2026-03-09 14:45:34.627Z,34.1951,34.2199,100,100,7.2
2026-03-09 14:45:35.034Z,34.1995,34.2369,100,100,10.9
2026-03-09 14:45:36.095Z,34.1987,34.2317,100,100,9.6
2026-03-09 14:45:37.506Z,34.2004,34.2280,100,100,8.1
2026-03-09 14:45:38.168Z,34.1944,34.2310,100,100,10.7
2026-03-09 14:45:39.724Z,34.1875,34.2181,100,100,8.9
2026-03-09 14:45:40.861Z,34.1912,34.2158,100,100,7.2
2026-03-09 14:45:41.468Z,34.1849,34.2211,100,100,10.6
2026-03-09 14:45:42.400Z,34.1971,34.2321,100,100,10.2
2026-03-09 14:45:43.370Z,34.1937,34.2307,100,100,10.8
2026-03-09 14:45:44.381Z,34.2000,34.2250,100,100,7.3
2026-03-09 14:45:45.650Z,34.1986,34.2266,100,100,8.2
2026-03-09 14:45:46.766Z,34.1980,34.2342,100,100,10.6
2026-03-09 14:45:47.073Z,34.1914,34.2214,100,100,8.8
2026-03-09 14:45:48.506Z,34.1859,34.2185,100,100,9.5
2026-03-09 14:45:49.664Z,34.1971,34.2381,100,100,12.0
2026-03-09 14:45:50.759Z,34.1864,34.2230,100,100,10.7
2026-03-09 14:45:51.797Z,34.1877,34.2159,100,100,8.2
2026-03-09 14:45:52.175Z,34.1920,34.2196,100,100,8.1
2026-03-09 14:45:53.537Z,34.1941,34.2213,100,100,8.0
2026-03-09 14:45:54.239Z,34.1836,34.2194,100,100,10.5
2026-03-09 14:45:55.798Z,34.1966,34.2288,100,100,9.4
2026-03-09 14:45:56.007Z,34.1923,34.2243,100,100,9.4
2026-03-09 14:45:57.303Z,34.1962,34.2306,100,100,10.1
2026-03-09 14:45:58.759Z,34.1873,34.2241,100,100,10.8
2026-03-09 14:45:59.372Z,34.1909,34.2291,100,100,11.2
2026-03-09 14:55:00.298Z,34.1921,34.2279,100,100,10.5
2026-03-09 14:55:01.267Z,34.2021,34.2295,100,100,8.0
2026-03-09 14:55:02.605Z,34.2054,34.2316,100,100,7.7
2026-03-09 14:55:03.042Z,34.1860,34.2220,100,100,10.5
2026-03-09 14:55:04.244Z,34.1899,34.2195,100,100,8.7
2026-03-09 14:55:05.358Z,34.1949,34.2281,100,100,9.7
2026-03-09 14:55:06.457Z,34.1915,34.2211,100,100,8.7
2026-03-09 14:55:07.774Z,34.1922,34.2256,100,100,9.8
2026-03-09 14:55:08.224Z,34.1971,34.2271,100,100,8.8
2026-03-09 14:55:09.235Z,34.1965,34.2335,100,100,10.8
2026-03-09 14:55:10.519Z,34.1977,34.2281,100,100,8.9
2026-03-09 14:55:11.807Z,34.2035,34.2321,100,100,8.4
2026-03-09 14:55:12.729Z,34.1820,34.2256,100,100,12.7
2026-03-09 14:55:13.366Z,34.1995,34.2277,100,100,8.2
2026-03-09 14:55:14.347Z,34.1991,34.2337,100,100,10.1
2026-03-09 14:55:15.809Z,34.1989,34.2265,100,100,8.1
2026-03-09 14:55:16.412Z,34.1926,34.2254,100,100,9.6
2026-03-09 14:55:17.049Z,34.2022,34.2348,100,100,9.5
2026-03-09 14:55:18.593Z,34.2019,34.2335,100,100,9.2
2026-03-09 14:55:19.268Z,34.1878,34.2252,100,100,10.9
2026-03-09 14:55:20.218Z,34.1952,34.2284,100,100,9.7
2026-03-09 14:55:21.741Z,34.1966,34.2276,100,100,9.1
2026-03-09 14:55:22.653Z,34.2020,34.2316,100,100,8.7
2026-03-09 14:55:23.209Z,34.1938,34.2276,100,100,9.9
2026-03-09 14:55:24.055Z,34.1960,34.2256,100,100,8.7
2026-03-09 14:55:25.707Z,34.1897,34.2171,100,100,8.0
2026-03-09 14:55:26.249Z,34.1998,34.2316,100,100,9.3
2026-03-09 14:55:27.824Z,34.1964,34.2294,100,100,9.6
2026-03-09 14:55:28.436Z,34.2031,34.2309,100,100,8.1
2026-03-09 14:55:29.336Z,34.1864,34.2170,100,100,8.9
2026-03-09 14:55:30.670Z,34.1892,34.2286,100,100,11.5
2026-03-09 14:55:31.696Z,34.1872,34.2172,100,100,8.8
2026-03-09 14:55:32.711Z,34.1959,34.2279,100,100,9.4
2026-03-09 14:55:33.474Z,34.1883,34.2169,100,100,8.4
2026-03-09 14:55:34.543Z,34.2010,34.2350,100,100,9.9
2026-03-09 14:55:35.805Z,34.1895,34.2283,100,100,11.3
2026-03-09 14:55:36.680Z,34.1979,34.2361,100,100,11.2
2026-03-09 14:55:37.315Z,34.2010,34.2352,100,100,10.0
2026-03-09 14:55:38.601Z,34.1858,34.2220,100,100,10.6
2026-03-09 14:55:39.176Z,34.1884,34.2164,100,100,8.2
2026-03-09 14:55:40.281Z,34.1940,34.2298,100,100,10.5
2026-03-09 14:55:41.446Z,34.1973,34.2305,100,100,9.7
2026-03-09 14:55:42.869Z,34.1864,34.2190,100,100,9.5
2026-03-09 14:55:43.893Z,34.1871,34.2175,100,100,8.9
2026-03-09 14:55:44.662Z,34.1880,34.2168,100,100,8.4
2026-03-09 14:55:45.151Z,34.1920,34.2176,100,100,7.5
2026-03-09 14:55:46.559Z,34.1858,34.2194,100,100,9.8
2026-03-09 14:55:47.161Z,34.1857,34.2197,100,100,9.9
2026-03-09 14:55:48.599Z,34.1967,34.2245,100,100,8.1
2026-03-09 14:55:49.337Z,34.1908,34.2230,100,100,9.4
2026-03-09 14:55:50.611Z,34.1986,34.2318,100,100,9.7
2026-03-09 14:55:51.825Z,34.1801,34.2231,100,100,12.6
2026-03-09 14:55:52.397Z,34.1991,34.2295,100,100,8.9
2026-03-09 14:55:53.231Z,34.1907,34.2209,100,100,8.8
2026-03-09 14:55:54.147Z,34.1944,34.2200,100,100,7.5
2026-03-09 14:55:55.619Z,34.1984,34.2352,100,100,10.8
2026-03-09 14:55:56.579Z,34.2033,34.2319,100,100,8.4
2026-03-09 14:55:57.173Z,34.1915,34.2269,100,100,10.3
2026-03-09 14:55:58.231Z,34.1950,34.2284,100,100,9.8
2026-03-09 14:55:59.523Z,34.1924,34.2276,100,100,10.3
2026-03-09 15:05:00.107Z,34.2371,34.2629,100,100,7.5
2026-03-09 15:05:01.250Z,34.2379,34.2693,100,100,9.2
2026-03-09 15:05:02.863Z,34.2416,34.2740,100,100,9.5
2026-03-09 15:05:03.225Z,34.2362,34.2672,100,100,9.1
2026-03-09 15:05:04.151Z,34.2254,34.2580,100,100,9.5
2026-03-09 15:05:05.127Z,34.2317,34.2591,100,100,8.0
2026-03-09 15:05:06.656Z,34.2280,34.2638,100,100,10.5
2026-03-09 15:05:07.015Z,34.2366,34.2642,100,100,8.1
2026-03-09 15:05:08.541Z,34.2285,34.2637,100,100,10.3
2026-03-09 15:05:09.406Z,34.2344,34.2706,100,100,10.6
2026-03-09 15:05:10.862Z,34.2403,34.2701,100,100,8.7
2026-03-09 15:05:11.709Z,34.2400,34.2668,100,100,7.8
2026-03-09 15:05:12.120Z,34.2370,34.2738,100,100,10.7
2026-03-09 15:05:13.008Z,34.2249,34.2609,100,100,10.5
2026-03-09 15:05:14.106Z,34.2302,34.2550,100,100,7.2
2026-03-09 15:05:15.389Z,34.2398,34.2692,100,100,8.6
2026-03-09 15:05:16.372Z,34.2367,34.2699,100,100,9.7
2026-03-09 15:05:17.312Z,34.2338,34.2698,100,100,10.5
2026-03-09 15:05:18.766Z,34.2357,34.2701,100,100,10.0
2026-03-09 15:05:19.566Z,34.2419,34.2705,100,100,8.3
2026-03-09 15:05:20.868Z,34.2328,34.2692,100,100,10.6
2026-03-09 15:05:21.811Z,34.2387,34.2791,100,100,11.8
2026-03-09 15:05:22.670Z,34.2404,34.2750,100,100,10.1
2026-03-09 15:05:23.384Z,34.2421,34.2737,100,100,9.2
2026-03-09 15:05:24.074Z,34.2423,34.2791,100,100,10.7
2026-03-09 15:05:25.276Z,34.2471,34.2797,100,100,9.5
2026-03-09 15:05:26.157Z,34.2476,34.2792,100,100,9.2
2026-03-09 15:05:27.555Z,34.2583,34.2975,100,100,11.4
2026-03-09 15:05:28.337Z,34.2662,34.2950,100,100,8.4
2026-03-09 15:05:29.022Z,34.2604,34.2916,100,100,9.1
2026-03-09 15:05:30.010Z,34.2709,34.2999,100,100,8.5
2026-03-09 15:05:31.034Z,34.2642,34.2938,100,100,8.6
2026-03-09 15:05:32.267Z,34.2781,34.3149,100,100,10.7
2026-03-09 15:05:33.093Z,34.2775,34.3127,100,100,10.3
2026-03-09 15:05:34.720Z,34.2873,34.3135,100,100,7.6
2026-03-09 15:05:35.708Z,34.2747,34.3117,100,100,10.8
2026-03-09 15:05:36.805Z,34.2834,34.3122,100,100,8.4
2026-03-09 15:05:37.076Z,34.2809,34.3067,100,100,7.5
2026-03-09 15:05:38.353Z,34.2786,34.3104,100,100,9.3
2026-03-09 15:05:39.898Z,34.2806,34.3142,100,100,9.8
2026-03-09 15:05:40.142Z,34.2776,34.3072,100,100,8.6
2026-03-09 15:05:41.899Z,34.2840,34.3152,100,100,9.1
2026-03-09 15:05:42.259Z,34.2734,34.3064,100,100,9.6
2026-03-09 15:05:43.054Z,34.2796,34.3146,100,100,10.2
2026-03-09 15:05:44.074Z,34.2854,34.3154,100,100,8.7
2026-03-09 15:05:45.162Z,34.2842,34.3158,100,100,9.2
2026-03-09 15:05:46.110Z,34.2685,34.3051,100,100,10.7
2026-03-09 15:05:47.551Z,34.2794,34.3084,100,100,8.5
2026-03-09 15:05:48.686Z,34.2754,34.3114,100,100,10.5
2026-03-09 15:05:49.018Z,34.2723,34.3011,100,100,8.4
2026-03-09 15:05:50.351Z,34.2817,34.3103,100,100,8.3
2026-03-09 15:05:51.705Z,34.2841,34.3225,100,100,11.2
2026-03-09 15:05:52.347Z,34.2811,34.3125,100,100,9.2
2026-03-09 15:05:53.708Z,34.2768,34.3116,100,100,10.1
2026-03-09 15:05:54.808Z,34.2829,34.3119,100,100,8.5
2026-03-09 15:05:55.090Z,34.2834,34.3194,100,100,10.5
2026-03-09 15:05:56.023Z,34.2717,34.3121,100,100,11.8
2026-03-09 15:05:57.056Z,34.2806,34.3174,100,100,10.7
2026-03-09 15:05:58.686Z,34.2762,34.3106,100,100,10.0
2026-03-09 15:05:59.363Z,34.2825,34.3175,100,100,10.2
2026-03-09 15:06:00.251Z,34.2465,34.2735,100,100,7.9
2026-03-09 15:06:01.381Z,34.2327,34.2703,100,100,11.0
2026-03-09 15:06:02.299Z,34.2457,34.2895,100,100,12.8
2026-03-09 15:06:03.734Z,34.2323,34.2737,100,100,12.1
2026-03-09 15:06:04.729Z,34.2428,34.2708,100,100,8.2
2026-03-09 15:06:05.364Z,34.2462,34.2816,100,100,10.3
2026-03-09 15:06:06.522Z,34.2402,34.2722,100,100,9.3
2026-03-09 15:06:07.198Z,34.2409,34.2705,100,100,8.6
2026-03-09 15:06:08.003Z,34.2516,34.2846,100,100,9.6
2026-03-09 15:06:09.518Z,34.2410,34.2732,100,100,9.4
2026-03-09 15:06:10.517Z,34.2421,34.2765,100,100,10.0
2026-03-09 15:06:11.078Z,34.2471,34.2739,100,100,7.8
2026-03-09 15:06:12.702Z,34.2497,34.2863,100,100,10.7
2026-03-09 15:06:13.866Z,34.2446,34.2748,100,100,8.8
2026-03-09 15:06:14.327Z,34.2468,34.2730,100,100,7.6
2026-03-09 15:06:15.474Z,34.2460,34.2750,100,100,8.5
2026-03-09 15:06:16.129Z,34.2422,34.2690,100,100,7.8
2026-03-09 15:06:17.736Z,34.2423,34.2811,100,100,11.3
2026-03-09 15:06:18.027Z,34.2340,34.2706,100,100,10.7
2026-03-09 15:06:19.259Z,34.2369,34.2687,100,100,9.3
2026-03-09 15:06:20.323Z,34.2432,34.2800,100,100,10.7
2026-03-09 15:06:21.362Z,34.2481,34.2807,100,100,9.5
2026-03-09 15:06:22.629Z,34.2415,34.2727,100,100,9.1
2026-03-09 15:06:23.650Z,34.2414,34.2708,100,100,8.6
2026-03-09 15:06:24.030Z,34.2457,34.2735,100,100,8.1
2026-03-09 15:06:25.649Z,34.2522,34.2808,100,100,8.3
2026-03-09 15:06:26.805Z,34.2531,34.2833,100,100,8.8
2026-03-09 15:06:27.420Z,34.2358,34.2742,100,100,11.2
2026-03-09 15:06:28.206Z,34.2442,34.2752,100,100,9.0
2026-03-09 15:06:29.639Z,34.2440,34.2810,100,100,10.8
2026-03-09 15:06:30.796Z,34.2413,34.2709,100,100,8.6
2026-03-09 15:06:31.157Z,34.2434,34.2732,100,100,8.7
2026-03-09 15:06:32.235Z,34.2492,34.2782,100,100,8.5
2026-03-09 15:06:33.228Z,34.2353,34.2753,100,100,11.7
2026-03-09 15:06:34.089Z,34.2455,34.2757,100,100,8.8
2026-03-09 15:06:35.577Z,34.2477,34.2847,100,100,10.8
2026-03-09 15:06:36.698Z,34.2498,34.2836,100,100,9.9
2026-03-09 15:06:37.605Z,34.2373,34.2675,100,100,8.8
2026-03-09 15:06:38.066Z,34.2456,34.2830,100,100,10.9
2026-03-09 15:06:39.012Z,34.2333,34.2699,100,100,10.7
2026-03-09 15:06:40.713Z,34.2417,34.2757,100,100,9.9
2026-03-09 15:06:41.517Z,34.2431,34.2773,100,100,10.0
2026-03-09 15:06:42.323Z,34.2476,34.2760,100,100,8.3
2026-03-09 15:06:43.419Z,34.2416,34.2762,100,100,10.1
2026-03-09 15:06:44.204Z,34.2410,34.2678,100,100,7.8
2026-03-09 15:06:45.453Z,34.2380,34.2748,100,100,10.7
2026-03-09 15:06:46.114Z,34.2498,34.2840,100,100,10.0
2026-03-09 15:06:47.219Z,34.2442,34.2784,100,100,10.0
2026-03-09 15:06:48.801Z,34.2527,34.2815,100,100,8.4
2026-03-09 15:06:49.690Z,34.2313,34.2747,100,100,12.7
2026-03-09 15:06:50.241Z,34.2467,34.2879,100,100,12.0
2026-03-09 15:06:51.640Z,34.2457,34.2795,100,100,9.9
2026-03-09 15:06:52.541Z,34.2454,34.2788,100,100,9.7
2026-03-09 15:06:53.842Z,34.2391,34.2691,100,100,8.8
2026-03-09 15:06:54.774Z,34.2382,34.2716,100,100,9.8
2026-03-09 15:06:55.033Z,34.2477,34.2763,100,100,8.3
2026-03-09 15:06:56.522Z,34.2469,34.2791,100,100,9.4
2026-03-09 15:06:57.323Z,34.2497,34.2763,100,100,7.8
2026-03-09 15:06:58.570Z,34.2483,34.2755,100,100,7.9
2026-03-09 15:06:59.112Z,34.2460,34.2740,100,100,8.2
2026-03-09 15:07:00.337Z,34.3852,34.4148,100,100,8.6
2026-03-09 15:07:01.226Z,34.3755,34.4115,100,100,10.5
2026-03-09 15:07:02.837Z,34.3806,34.4142,100,100,9.8
2026-03-09 15:07:03.866Z,34.3838,34.4168,100,100,9.6
2026-03-09 15:07:04.897Z,34.3856,34.4222,100,100,10.6
2026-03-09 15:07:05.064Z,34.3762,34.4156,100,100,11.5
2026-03-09 15:07:06.066Z,34.3864,34.4240,100,100,10.9
2026-03-09 15:07:07.321Z,34.3853,34.4157,100,100,8.8
2026-03-09 15:07:08.204Z,34.3846,34.4182,100,100,9.8
2026-03-09 15:07:09.651Z,34.3745,34.4093,100,100,10.1
2026-03-09 15:07:10.571Z,34.3855,34.4167,100,100,9.1
2026-03-09 15:07:11.450Z,34.3841,34.4171,100,100,9.6
2026-03-09 15:07:12.318Z,34.3811,34.4135,100,100,9.4
2026-03-09 15:07:13.200Z,34.3883,34.4277,100,100,11.5
2026-03-09 15:07:14.556Z,34.3821,34.4145,100,100,9.4
2026-03-09 15:07:15.213Z,34.3824,34.4084,100,100,7.6
2026-03-09 15:07:16.515Z,34.3896,34.4218,100,100,9.4
2026-03-09 15:07:17.732Z,34.3883,34.4173,100,100,8.4
2026-03-09 15:07:18.572Z,34.3866,34.4212,100,100,10.1
2026-03-09 15:07:19.598Z,34.3858,34.4164,100,100,8.9
2026-03-09 15:07:20.837Z,34.3746,34.4120,100,100,10.9
2026-03-09 15:07:21.276Z,34.3875,34.4227,100,100,10.2
2026-03-09 15:07:22.389Z,34.3939,34.4197,100,100,7.5
2026-03-09 15:07:23.059Z,34.3843,34.4203,100,100,10.5
2026-03-09 15:07:24.825Z,34.3935,34.4195,100,100,7.6
2026-03-09 15:07:25.707Z,34.3798,34.4120,100,100,9.4
2026-03-09 15:07:26.724Z,34.3834,34.4108,100,100,8.0
2026-03-09 15:07:27.738Z,34.3857,34.4151,100,100,8.5
2026-03-09 15:07:28.320Z,34.3880,34.4216,100,100,9.8
2026-03-09 15:07:29.491Z,34.3838,34.4130,100,100,8.5
2026-03-09 15:07:30.780Z,34.3775,34.4145,100,100,10.8
2026-03-09 15:07:31.816Z,34.3870,34.4220,100,100,10.2
2026-03-09 15:07:32.022Z,34.3773,34.4065,100,100,8.5
2026-03-09 15:07:33.168Z,34.3865,34.4227,100,100,10.5
2026-03-09 15:07:34.666Z,34.3835,34.4113,100,100,8.1
2026-03-09 15:07:35.273Z,34.3772,34.4140,100,100,10.7
2026-03-09 15:07:36.531Z,34.3806,34.4142,100,100,9.8
2026-03-09 15:07:37.760Z,34.3908,34.4222,100,100,9.1
2026-03-09 15:07:38.236Z,34.3892,34.4154,100,100,7.6
2026-03-09 15:07:39.311Z,34.3941,34.4215,100,100,8.0
2026-03-09 15:07:40.046Z,34.3902,34.4216,100,100,9.1
2026-03-09 15:07:41.724Z,34.3842,34.4146,100,100,8.8
2026-03-09 15:07:42.839Z,34.3902,34.4156,100,100,7.4
2026-03-09 15:07:43.282Z,34.3870,34.4166,100,100,8.6
2026-03-09 15:07:44.818Z,34.3865,34.4189,100,100,9.4
2026-03-09 15:07:45.636Z,34.3799,34.4145,100,100,10.1
2026-03-09 15:07:46.191Z,34.3806,34.4172,100,100,10.6
2026-03-09 15:07:47.054Z,34.3851,34.4205,100,100,10.3
2026-03-09 15:07:48.501Z,34.3896,34.4182,100,100,8.3
2026-03-09 15:07:49.235Z,34.3712,34.4126,100,100,12.0
2026-03-09 15:07:50.836Z,34.3898,34.4236,100,100,9.8
2026-03-09 15:07:51.347Z,34.3844,34.4208,100,100,10.6
2026-03-09 15:07:52.149Z,34.3831,34.4111,100,100,8.1
2026-03-09 15:07:53.875Z,34.3873,34.4299,100,100,12.4
2026-03-09 15:07:54.493Z,34.3840,34.4230,100,100,11.3
2026-03-09 15:07:55.512Z,34.3827,34.4169,100,100,9.9
2026-03-09 15:07:56.754Z,34.3802,34.4106,100,100,8.8
2026-03-09 15:07:57.852Z,34.3890,34.4184,100,100,8.5
2026-03-09 15:07:58.193Z,34.3869,34.4177,100,100,9.0
2026-03-09 15:07:59.374Z,34.3836,34.4164,100,100,9.5
2026-03-09 15:26:00.455Z,34.2125,34.2475,100,100,10.2
2026-03-09 15:26:01.203Z,34.2071,34.2435,100,100,10.6
2026-03-09 15:26:02.119Z,34.2165,34.2585,100,100,12.3
2026-03-09 15:26:03.220Z,34.2195,34.2553,100,100,10.5
2026-03-09 15:26:04.836Z,34.2114,34.2454,100,100,9.9
2026-03-09 15:26:05.085Z,34.2182,34.2454,100,100,7.9
2026-03-09 15:26:06.294Z,34.2142,34.2482,100,100,9.9
2026-03-09 15:26:07.363Z,34.2229,34.2501,100,100,7.9
2026-03-09 15:26:08.260Z,34.2182,34.2486,100,100,8.9
2026-03-09 15:26:09.730Z,34.2141,34.2445,100,100,8.9
2026-03-09 15:26:10.874Z,34.2148,34.2480,100,100,9.7
2026-03-09 15:26:11.033Z,34.2191,34.2445,100,100,7.4
2026-03-09 15:26:12.076Z,34.2044,34.2448,100,100,11.8
2026-03-09 15:26:13.289Z,34.2189,34.2517,100,100,9.6
2026-03-09 15:26:14.150Z,34.2223,34.2493,100,100,7.9
2026-03-09 15:26:15.468Z,34.2225,34.2531,100,100,8.9
2026-03-09 15:26:16.658Z,34.2163,34.2487,100,100,9.5
2026-03-09 15:26:17.586Z,34.2127,34.2481,100,100,10.3
2026-03-09 15:26:18.265Z,34.2196,34.2512,100,100,9.2
2026-03-09 15:26:19.260Z,34.2104,34.2416,100,100,9.1
2026-03-09 15:26:20.448Z,34.2079,34.2417,100,100,9.9
2026-03-09 15:26:21.671Z,34.2168,34.2442,100,100,8.0
2026-03-09 15:26:22.510Z,34.2211,34.2491,100,100,8.2
2026-03-09 15:26:23.537Z,34.2161,34.2479,100,100,9.3
2026-03-09 15:26:24.424Z,34.2227,34.2585,100,100,10.5
2026-03-09 15:26:25.664Z,34.2349,34.2741,100,100,11.4
2026-03-09 15:26:26.242Z,34.2350,34.2624,100,100,8.0
2026-03-09 15:26:27.871Z,34.2363,34.2675,100,100,9.1
2026-03-09 15:26:28.504Z,34.2499,34.2847,100,100,10.2
2026-03-09 15:26:29.121Z,34.2574,34.2882,100,100,9.0
2026-03-09 15:26:30.698Z,34.2518,34.2872,100,100,10.3
2026-03-09 15:26:31.794Z,34.2577,34.2925,100,100,10.2
2026-03-09 15:26:32.084Z,34.2665,34.2991,100,100,9.5
2026-03-09 15:26:33.441Z,34.2630,34.2924,100,100,8.6
2026-03-09 15:26:34.114Z,34.2590,34.2934,100,100,10.0
2026-03-09 15:26:35.146Z,34.2644,34.2926,100,100,8.2
2026-03-09 15:26:36.346Z,34.2733,34.3131,100,100,11.6
2026-03-09 15:26:37.432Z,34.2752,34.3104,100,100,10.3
2026-03-09 15:26:38.288Z,34.2743,34.3071,100,100,9.6
2026-03-09 15:26:39.133Z,34.2729,34.3085,100,100,10.4
2026-03-09 15:26:40.795Z,34.2658,34.3002,100,100,10.0
2026-03-09 15:26:41.882Z,34.2721,34.2987,100,100,7.8
2026-03-09 15:26:42.563Z,34.2563,34.2955,100,100,11.4
2026-03-09 15:26:43.385Z,34.2650,34.3064,100,100,12.1
2026-03-09 15:26:44.526Z,34.2729,34.2997,100,100,7.8
2026-03-09 15:26:45.439Z,34.2500,34.2894,100,100,11.5
2026-03-09 15:26:46.177Z,34.2598,34.3022,100,100,12.4
2026-03-09 15:26:47.763Z,34.2523,34.2839,100,100,9.2
2026-03-09 15:26:48.317Z,34.2595,34.2907,100,100,9.1
2026-03-09 15:26:49.457Z,34.2605,34.2865,100,100,7.6
2026-03-09 15:26:50.164Z,34.2420,34.2750,100,100,9.6
2026-03-09 15:26:51.604Z,34.2450,34.2710,100,100,7.6
2026-03-09 15:26:52.361Z,34.2372,34.2654,100,100,8.2
2026-03-09 15:26:53.590Z,34.2272,34.2590,100,100,9.3
2026-03-09 15:26:54.231Z,34.2313,34.2561,100,100,7.2
2026-03-09 15:26:55.235Z,34.2329,34.2645,100,100,9.2
2026-03-09 15:26:56.335Z,34.2236,34.2600,100,100,10.6
2026-03-09 15:26:57.899Z,34.2256,34.2538,100,100,8.2
2026-03-09 15:26:58.635Z,34.2124,34.2522,100,100,11.6
2026-03-09 15:26:59.214Z,34.2127,34.2473,100,100,10.1
2026-03-09 15:31:00.469Z,34.2764,34.3036,100,100,7.9
2026-03-09 15:31:01.014Z,34.2833,34.3121,100,100,8.4
2026-03-09 15:31:02.385Z,34.2799,34.3123,100,100,9.4
2026-03-09 15:31:03.463Z,34.2636,34.3040,100,100,11.8
2026-03-09 15:31:04.729Z,34.2738,34.3066,100,100,9.6
2026-03-09 15:31:05.645Z,34.2748,34.3098,100,100,10.2
2026-03-09 15:31:06.397Z,34.2780,34.3126,100,100,10.1
2026-03-09 15:31:07.626Z,34.2729,34.3085,100,100,10.4
2026-03-09 15:31:08.847Z,34.2699,34.3011,100,100,9.1
2026-03-09 15:31:09.352Z,34.2716,34.3082,100,100,10.7
2026-03-09 15:31:10.314Z,34.2767,34.3039,100,100,7.9
2026-03-09 15:31:11.052Z,34.2705,34.3013,100,100,9.0
2026-03-09 15:31:12.175Z,34.2789,34.3057,100,100,7.8
2026-03-09 15:31:13.617Z,34.2758,34.3104,100,100,10.1
2026-03-09 15:31:14.690Z,34.2787,34.3175,100,100,11.3
2026-03-09 15:31:15.373Z,34.2753,34.3085,100,100,9.7
2026-03-09 15:31:16.785Z,34.2762,34.3046,100,100,8.3
2026-03-09 15:31:17.169Z,34.2736,34.3058,100,100,9.4
2026-03-09 15:31:18.276Z,34.2722,34.3042,100,100,9.3
2026-03-09 15:31:19.835Z,34.2754,34.3136,100,100,11.1
2026-03-09 15:31:20.490Z,34.2735,34.3065,100,100,9.6
2026-03-09 15:31:21.328Z,34.2767,34.3045,100,100,8.1
2026-03-09 15:31:22.489Z,34.2672,34.3030,100,100,10.4
2026-03-09 15:31:23.804Z,34.2727,34.3005,100,100,8.1
2026-03-09 15:31:24.037Z,34.2682,34.3036,100,100,10.3
2026-03-09 15:31:25.146Z,34.2765,34.3075,100,100,9.0
2026-03-09 15:31:26.478Z,34.2809,34.3149,100,100,9.9
2026-03-09 15:31:27.281Z,34.2788,34.3134,100,100,10.1
2026-03-09 15:31:28.805Z,34.2724,34.3068,100,100,10.0
2026-03-09 15:31:29.522Z,34.2736,34.3048,100,100,9.1
2026-03-09 15:31:30.595Z,34.2754,34.3006,100,100,7.3
2026-03-09 15:31:31.566Z,34.2800,34.3092,100,100,8.5
2026-03-09 15:31:32.019Z,34.2760,34.3110,100,100,10.2
2026-03-09 15:31:33.868Z,34.2803,34.3121,100,100,9.3
2026-03-09 15:31:34.090Z,34.2809,34.3157,100,100,10.1
2026-03-09 15:31:35.409Z,34.2638,34.3056,100,100,12.2
2026-03-09 15:31:36.522Z,34.2671,34.2983,100,100,9.1
2026-03-09 15:31:37.426Z,34.2703,34.2973,100,100,7.9
2026-03-09 15:31:38.108Z,34.2753,34.3043,100,100,8.5
2026-03-09 15:31:39.025Z,34.2789,34.3055,100,100,7.8
2026-03-09 15:31:40.047Z,34.2776,34.3114,100,100,9.9
2026-03-09 15:31:41.767Z,34.2753,34.3069,100,100,9.2
2026-03-09 15:31:42.706Z,34.2716,34.3030,100,100,9.2
2026-03-09 15:31:43.461Z,34.2712,34.2990,100,100,8.1
2026-03-09 15:31:44.687Z,34.2747,34.3031,100,100,8.3
2026-03-09 15:31:45.817Z,34.2728,34.3080,100,100,10.3
2026-03-09 15:31:46.285Z,34.2731,34.3047,100,100,9.2
2026-03-09 15:31:47.780Z,34.2728,34.3048,100,100,9.3
2026-03-09 15:31:48.888Z,34.2716,34.3004,100,100,8.4
2026-03-09 15:31:49.591Z,34.2663,34.3025,100,100,10.6
2026-03-09 15:31:50.715Z,34.2713,34.3071,100,100,10.4
2026-03-09 15:31:51.740Z,34.2812,34.3086,100,100,8.0
2026-03-09 15:31:52.887Z,34.2719,34.3093,100,100,10.9
2026-03-09 15:31:53.192Z,34.2722,34.3048,100,100,9.5
2026-03-09 15:31:54.759Z,34.2618,34.3014,100,100,11.6
2026-03-09 15:31:55.423Z,34.2713,34.2987,100,100,8.0
2026-03-09 15:31:56.873Z,34.2785,34.3095,100,100,9.0
2026-03-09 15:31:57.498Z,34.2740,34.3080,100,100,9.9
2026-03-09 15:31:58.709Z,34.2793,34.3137,100,100,10.0
2026-03-09 15:31:59.074Z,34.2715,34.3085,100,100,10.8
2026-03-09 15:33:00.788Z,34.2034,34.2366,100,100,9.7
2026-03-09 15:33:01.803Z,34.2028,34.2366,100,100,9.9
2026-03-09 15:33:02.128Z,34.2073,34.2399,100,100,9.5
2026-03-09 15:33:03.479Z,34.2098,34.2416,100,100,9.3
2026-03-09 15:33:04.270Z,34.1918,34.2320,100,100,11.8
2026-03-09 15:33:05.314Z,34.1978,34.2260,100,100,8.2
2026-03-09 15:33:06.308Z,34.1992,34.2352,100,100,10.5
2026-03-09 15:33:07.230Z,34.2044,34.2308,100,100,7.7
2026-03-09 15:33:08.189Z,34.2033,34.2423,100,100,11.4
2026-03-09 15:33:09.711Z,34.2002,34.2298,100,100,8.7
2026-03-09 15:33:10.641Z,34.2069,34.2377,100,100,9.0
2026-03-09 15:33:11.137Z,34.2003,34.2365,100,100,10.6
2026-03-09 15:33:12.494Z,34.2083,34.2337,100,100,7.4
2026-03-09 15:33:13.343Z,34.2056,34.2424,100,100,10.8
2026-03-09 15:33:14.307Z,34.2079,34.2363,100,100,8.3
2026-03-09 15:33:15.272Z,34.2057,34.2397,100,100,9.9
2026-03-09 15:33:16.143Z,34.2076,34.2406,100,100,9.6
2026-03-09 15:33:17.047Z,34.2055,34.2379,100,100,9.5
2026-03-09 15:33:18.385Z,34.2037,34.2369,100,100,9.7
2026-03-09 15:33:19.168Z,34.2011,34.2361,100,100,10.2
2026-03-09 15:33:20.779Z,34.2069,34.2359,100,100,8.5
2026-03-09 15:33:21.371Z,34.2110,34.2416,100,100,8.9
2026-03-09 15:33:22.306Z,34.1961,34.2279,100,100,9.3
2026-03-09 15:33:23.774Z,34.1993,34.2307,100,100,9.2
2026-03-09 15:33:24.705Z,34.2075,34.2409,100,100,9.8
2026-03-09 15:33:25.580Z,34.2049,34.2393,100,100,10.1
2026-03-09 15:33:26.418Z,34.2023,34.2305,100,100,8.2
2026-03-09 15:33:27.759Z,34.1967,34.2331,100,100,10.6
2026-03-09 15:33:28.629Z,34.2048,34.2414,100,100,10.7
2026-03-09 15:33:29.254Z,34.2089,34.2373,100,100,8.3
2026-03-09 15:33:30.630Z,34.1980,34.2338,100,100,10.5
2026-03-09 15:33:31.406Z,34.1970,34.2332,100,100,10.6
2026-03-09 15:33:32.571Z,34.2056,34.2386,100,100,9.6
2026-03-09 15:33:33.174Z,34.2067,34.2345,100,100,8.1
2026-03-09 15:33:34.805Z,34.2090,34.2420,100,100,9.6
2026-03-09 15:33:35.087Z,34.2112,34.2390,100,100,8.1
2026-03-09 15:33:36.255Z,34.1933,34.2341,100,100,11.9
2026-03-09 15:33:37.723Z,34.1945,34.2289,100,100,10.1
2026-03-09 15:33:38.781Z,34.2024,34.2386,100,100,10.6
2026-03-09 15:33:39.214Z,34.2050,34.2408,100,100,10.5
2026-03-09 15:33:40.023Z,34.2081,34.2447,100,100,10.7
2026-03-09 15:33:41.144Z,34.2079,34.2341,100,100,7.7
2026-03-09 15:33:42.136Z,34.2098,34.2354,100,100,7.5
2026-03-09 15:33:43.700Z,34.2052,34.2376,100,100,9.5
2026-03-09 15:33:44.382Z,34.2100,34.2470,100,100,10.8
2026-03-09 15:33:45.242Z,34.2066,34.2440,100,100,10.9
2026-03-09 15:33:46.203Z,34.2078,34.2342,100,100,7.7
2026-03-09 15:33:47.363Z,34.2109,34.2403,100,100,8.6
2026-03-09 15:33:48.718Z,34.2051,34.2335,100,100,8.3
2026-03-09 15:33:49.711Z,34.1974,34.2298,100,100,9.5
2026-03-09 15:33:50.530Z,34.2040,34.2442,100,100,11.7
2026-03-09 15:33:51.246Z,34.1919,34.2315,100,100,11.6
2026-03-09 15:33:52.181Z,34.2083,34.2375,100,100,8.5
2026-03-09 15:33:53.091Z,34.2037,34.2401,100,100,10.6
2026-03-09 15:33:54.454Z,34.2081,34.2441,100,100,10.5
2026-03-09 15:33:55.260Z,34.2020,34.2400,100,100,11.1
2026-03-09 15:33:56.729Z,34.2017,34.2365,100,100,10.2
2026-03-09 15:33:57.335Z,34.2027,34.2373,100,100,10.1
2026-03-09 15:33:58.605Z,34.1980,34.2278,100,100,8.7
2026-03-09 15:33:59.669Z,34.2043,34.2357,100,100,9.2
2026-03-09 15:35:00.777Z,34.1529,34.1871,100,100,10.0
2026-03-09 15:35:01.229Z,34.1469,34.1775,100,100,9.0
2026-03-09 15:35:02.227Z,34.1555,34.1887,100,100,9.7
2026-03-09 15:35:03.388Z,34.1562,34.1938,100,100,11.0
2026-03-09 15:35:04.417Z,34.1514,34.1794,100,100,8.2
2026-03-09 15:35:05.755Z,34.1571,34.1949,100,100,11.1
2026-03-09 15:35:06.568Z,34.1639,34.1917,100,100,8.1
2026-03-09 15:35:07.396Z,34.1498,34.1834,100,100,9.8
2026-03-09 15:35:08.778Z,34.1506,34.1844,100,100,9.9
2026-03-09 15:35:09.733Z,34.1556,34.1840,100,100,8.3
2026-03-09 15:35:10.131Z,34.1454,34.1840,100,100,11.3
