TimestampUtc,Price,Size,Exchange
2026-03-09 13:30:00.288Z,34.7003,65,SYNTH
2026-03-09 13:30:01.564Z,34.6948,40,SYNTH
2026-03-09 13:30:02.606Z,34.7112,29,SYNTH
2026-03-09 13:30:03.217Z,34.6992,40,SYNTH
2026-03-09 13:30:04.366Z,34.6938,55,SYNTH
2026-03-09 13:30:05.168Z,34.6887,31,SYNTH
2026-03-09 13:30:06.131Z,34.6905,26,SYNTH
2026-03-09 13:30:07.136Z,34.6949,40,SYNTH
2026-03-09 13:30:08.500Z,34.7020,40,SYNTH
2026-03-09 13:30:09.387Z,34.7094,51,SYNTH
2026-03-09 13:30:10.858Z,34.7006,49,SYNTH
2026-03-09 13:30:11.415Z,34.6928,69,SYNTH
2026-03-09 13:30:12.885Z,34.6989,52,SYNTH
2026-03-09 13:30:13.009Z,34.7111,90,SYNTH
2026-03-09 13:30:14.218Z,34.6952,44,SYNTH
2026-03-09 13:30:15.646Z,34.6934,20,SYNTH
2026-03-09 13:30:16.372Z,34.7002,44,SYNTH
2026-03-09 13:30:17.718Z,34.6889,77,SYNTH
2026-03-09 13:30:18.400Z,34.6884,61,SYNTH
2026-03-09 13:30:19.138Z,34.6902,47,SYNTH
2026-03-09 13:30:20.265Z,34.6962,34,SYNTH
2026-03-09 13:30:21.593Z,34.6838,32,SYNTH
2026-03-09 13:30:22.652Z,34.6797,33,SYNTH
2026-03-09 13:30:23.370Z,34.6751,28,SYNTH
2026-03-09 13:30:24.379Z,34.6466,30,SYNTH
2026-03-09 13:30:25.020Z,34.6457,34,SYNTH
2026-03-09 13:30:26.162Z,34.6260,39,SYNTH
2026-03-09 13:30:27.696Z,34.6245,30,SYNTH
2026-03-09 13:30:28.661Z,34.5999,20,SYNTH
2026-03-09 13:30:29.728Z,34.6089,32,SYNTH
2026-03-09 13:30:30.258Z,34.5882,39,SYNTH
2026-03-09 13:30:31.515Z,34.5679,23,SYNTH
2026-03-09 13:30:32.516Z,34.5523,31,SYNTH
2026-03-09 13:30:33.419Z,34.5509,28,SYNTH
2026-03-09 13:30:34.074Z,34.5350,34,SYNTH
2026-03-09 13:30:35.416Z,34.5263,41,SYNTH
2026-03-09 13:30:36.747Z,34.5205,26,SYNTH
2026-03-09 13:30:37.166Z,34.5151,109,SYNTH
2026-03-09 13:30:38.256Z,34.5077,108,SYNTH
2026-03-09 13:30:39.614Z,34.5223,46,SYNTH
2026-03-09 13:30:40.235Z,34.5174,92,SYNTH
2026-03-09 13:30:41.628Z,34.5319,29,SYNTH
2026-03-09 13:30:42.304Z,34.5351,21,SYNTH
2026-03-09 13:30:43.276Z,34.5473,24,SYNTH
2026-03-09 13:30:44.287Z,34.5337,42,SYNTH
2026-03-09 13:30:45.369Z,34.5536,38,SYNTH
2026-03-09 13:30:46.788Z,34.5591,41,SYNTH
2026-03-09 13:30:47.680Z,34.5463,31,SYNTH
2026-03-09 13:30:48.609Z,34.5343,42,SYNTH
2026-03-09 13:30:49.031Z,34.5506,38,SYNTH
2026-03-09 13:30:50.737Z,34.5379,42,SYNTH
2026-03-09 13:30:51.719Z,34.5296,45,SYNTH
2026-03-09 13:30:52.131Z,34.5363,43,SYNTH
2026-03-09 13:30:53.212Z,34.5322,34,SYNTH
2026-03-09 13:30:54.659Z,34.5238,25,SYNTH
2026-03-09 13:30:55.496Z,34.5337,39,SYNTH
2026-03-09 13:30:56.293Z,34.5229,54,SYNTH
2026-03-09 13:30:57.152Z,34.5107,52,SYNTH
2026-03-09 13:30:58.275Z,34.5252,63,SYNTH
2026-03-09 13:30:59.123Z,34.5147,35,SYNTH
2026-03-09 13:35:00.113Z,34.5704,5,SYNTH
2026-03-09 13:35:01.464Z,34.5784,4,SYNTH
2026-03-09 13:35:02.694Z,34.5609,5,SYNTH
2026-03-09 13:35:03.493Z,34.5802,5,SYNTH
2026-03-09 13:35:04.800Z,34.5677,5,SYNTH
2026-03-09 13:35:05.462Z,34.5690,3,SYNTH
2026-03-09 13:35:06.841Z,34.5655,3,SYNTH
2026-03-09 13:35:07.215Z,34.5643,3,SYNTH
2026-03-09 13:35:08.564Z,34.5746,6,SYNTH
2026-03-09 13:35:09.705Z,34.5650,3,SYNTH
2026-03-09 13:35:10.040Z,34.5628,5,SYNTH
2026-03-09 13:35:11.238Z,34.5717,11,SYNTH
2026-03-09 13:35:12.504Z,34.5802,8,SYNTH
2026-03-09 13:35:13.811Z,34.5695,11,SYNTH
2026-03-09 13:35:14.607Z,34.5661,4,SYNTH
2026-03-09 13:35:15.544Z,34.5773,3,SYNTH
2026-03-09 13:35:16.437Z,34.5664,6,SYNTH
2026-03-09 13:35:17.164Z,34.5807,7,SYNTH
2026-03-09 13:35:18.753Z,34.5611,5,SYNTH
2026-03-09 13:35:19.730Z,34.5601,7,SYNTH
2026-03-09 13:35:20.458Z,34.5715,5,SYNTH
2026-03-09 13:35:21.407Z,34.5788,2,SYNTH
2026-03-09 13:35:22.732Z,34.5668,2,SYNTH
2026-03-09 13:35:23.638Z,34.5637,2,SYNTH
2026-03-09 13:35:24.792Z,34.5757,3,SYNTH
2026-03-09 13:35:25.748Z,34.5760,2,SYNTH
2026-03-09 13:35:26.757Z,34.5619,2,SYNTH
2026-03-09 13:35:27.386Z,34.5774,3,SYNTH
2026-03-09 13:35:28.338Z,34.5683,3,SYNTH
2026-03-09 13:35:29.554Z,34.5827,4,SYNTH
2026-03-09 13:35:30.620Z,34.5691,2,SYNTH
2026-03-09 13:35:31.487Z,34.5784,3,SYNTH
2026-03-09 13:35:32.515Z,34.5634,3,SYNTH
2026-03-09 13:35:33.542Z,34.5792,3,SYNTH
2026-03-09 13:35:34.504Z,34.5718,4,SYNTH
2026-03-09 13:35:35.887Z,34.5612,2,SYNTH
2026-03-09 13:35:36.693Z,34.5782,3,SYNTH
2026-03-09 13:35:37.690Z,34.5709,10,SYNTH
2026-03-09 13:35:38.535Z,34.5680,6,SYNTH
2026-03-09 13:35:39.455Z,34.5645,12,SYNTH
2026-03-09 13:35:40.896Z,34.5726,10,SYNTH
2026-03-09 13:35:41.032Z,34.5603,3,SYNTH
2026-03-09 13:35:42.393Z,34.5712,5,SYNTH
2026-03-09 13:35:43.795Z,34.5810,4,SYNTH
2026-03-09 13:35:44.028Z,34.5585,3,SYNTH
2026-03-09 13:35:45.274Z,34.5783,3,SYNTH
2026-03-09 13:35:46.807Z,34.5665,4,SYNTH
2026-03-09 13:35:47.562Z,34.5767,4,SYNTH
2026-03-09 13:35:48.373Z,34.5741,3,SYNTH
2026-03-09 13:35:49.363Z,34.5648,2,SYNTH
2026-03-09 13:35:50.570Z,34.5743,4,SYNTH
2026-03-09 13:35:51.557Z,34.5699,4,SYNTH
2026-03-09 13:35:52.390Z,34.5810,4,SYNTH
2026-03-09 13:35:53.538Z,34.5742,5,SYNTH
2026-03-09 13:35:54.734Z,34.5602,3,SYNTH
2026-03-09 13:35:55.552Z,34.5815,4,SYNTH
2026-03-09 13:35:56.821Z,34.5636,4,SYNTH
2026-03-09 13:35:57.886Z,34.5752,5,SYNTH
2026-03-09 13:35:58.018Z,34.5671,4,SYNTH
2026-03-09 13:35:59.772Z,34.5722,6,SYNTH
2026-03-09 13:36:00.380Z,34.5735,8,SYNTH
2026-03-09 13:36:01.614Z,34.5615,5,SYNTH
2026-03-09 13:36:02.062Z,34.5799,4,SYNTH
2026-03-09 13:36:03.795Z,34.5639,7,SYNTH
2026-03-09 13:36:04.073Z,34.5606,5,SYNTH
2026-03-09 13:36:05.759Z,34.5722,5,SYNTH
2026-03-09 13:36:06.488Z,34.5734,6,SYNTH
2026-03-09 13:36:07.154Z,34.5652,5,SYNTH
2026-03-09 13:36:08.178Z,34.5836,6,SYNTH
2026-03-09 13:36:09.275Z,34.5718,4,SYNTH
2026-03-09 13:36:10.061Z,34.5635,5,SYNTH
2026-03-09 13:36:11.081Z,34.5765,9,SYNTH
2026-03-09 13:36:12.578Z,34.5798,15,SYNTH
2026-03-09 13:36:13.013Z,34.5696,7,SYNTH
2026-03-09 13:36:14.407Z,34.5680,6,SYNTH
2026-03-09 13:36:15.618Z,34.5828,3,SYNTH
2026-03-09 13:36:16.788Z,34.5650,10,SYNTH
2026-03-09 13:36:17.783Z,34.5744,8,SYNTH
2026-03-09 13:36:18.001Z,34.5683,10,SYNTH
2026-03-09 13:36:19.212Z,34.5621,10,SYNTH
2026-03-09 13:36:20.844Z,34.5703,3,SYNTH
2026-03-09 13:36:21.219Z,34.5747,4,SYNTH
2026-03-09 13:36:22.897Z,34.5773,5,SYNTH
2026-03-09 13:36:23.342Z,34.5624,3,SYNTH
2026-03-09 13:36:24.559Z,34.5771,5,SYNTH
2026-03-09 13:36:25.432Z,34.5595,5,SYNTH
2026-03-09 13:36:26.062Z,34.5781,2,SYNTH
2026-03-09 13:36:27.778Z,34.5606,4,SYNTH
2026-03-09 13:36:28.334Z,34.5706,4,SYNTH
2026-03-09 13:36:29.084Z,34.5573,4,SYNTH
2026-03-09 13:36:30.777Z,34.5704,4,SYNTH
2026-03-09 13:36:31.491Z,34.5764,5,SYNTH
2026-03-09 13:36:32.024Z,34.5609,4,SYNTH
2026-03-09 13:36:33.016Z,34.5705,4,SYNTH
2026-03-09 13:36:34.333Z,34.5797,4,SYNTH
2026-03-09 13:36:35.599Z,34.5598,5,SYNTH
2026-03-09 13:36:36.338Z,34.5738,2,SYNTH
2026-03-09 13:36:37.672Z,34.5622,12,SYNTH
2026-03-09 13:36:38.399Z,34.5804,11,SYNTH
2026-03-09 13:36:39.215Z,34.5661,13,SYNTH
2026-03-09 13:36:40.216Z,34.5627,8,SYNTH
2026-03-09 13:36:41.405Z,34.5679,4,SYNTH
2026-03-09 13:36:42.196Z,34.5763,4,SYNTH
2026-03-09 13:36:43.476Z,34.5576,3,SYNTH
2026-03-09 13:36:44.272Z,34.5705,5,SYNTH
2026-03-09 13:36:45.410Z,34.5813,9,SYNTH
2026-03-09 13:36:46.345Z,34.5694,8,SYNTH
2026-03-09 13:36:47.383Z,34.5581,8,SYNTH
2026-03-09 13:36:48.776Z,34.5701,5,SYNTH
2026-03-09 13:36:49.126Z,34.5630,7,SYNTH
2026-03-09 13:36:50.479Z,34.5574,5,SYNTH
2026-03-09 13:36:51.715Z,34.5735,7,SYNTH
2026-03-09 13:36:52.778Z,34.5761,6,SYNTH
2026-03-09 13:36:53.635Z,34.5665,7,SYNTH
2026-03-09 13:36:54.740Z,34.5581,7,SYNTH
2026-03-09 13:36:55.021Z,34.5695,4,SYNTH
2026-03-09 13:36:56.771Z,34.5707,5,SYNTH
2026-03-09 13:36:57.091Z,34.5745,8,SYNTH
2026-03-09 13:36:58.158Z,34.5767,8,SYNTH
2026-03-09 13:36:59.639Z,34.5669,7,SYNTH
2026-03-09 13:40:00.186Z,34.5221,25,SYNTH
2026-03-09 13:40:01.080Z,34.5255,28,SYNTH
2026-03-09 13:40:02.440Z,34.5266,24,SYNTH
2026-03-09 13:40:03.884Z,34.5127,16,SYNTH
2026-03-09 13:40:04.280Z,34.5118,15,SYNTH
2026-03-09 13:40:05.707Z,34.5163,13,SYNTH
2026-03-09 13:40:06.012Z,34.5183,25,SYNTH
2026-03-09 13:40:07.143Z,34.5106,15,SYNTH
2026-03-09 13:40:08.260Z,34.5199,17,SYNTH
2026-03-09 13:40:09.818Z,34.5240,12,SYNTH
2026-03-09 13:40:10.292Z,34.5297,18,SYNTH
2026-03-09 13:40:11.465Z,34.5314,60,SYNTH
2026-03-09 13:40:12.882Z,34.5162,32,SYNTH
2026-03-09 13:40:13.489Z,34.5152,47,SYNTH
2026-03-09 13:40:14.225Z,34.5116,14,SYNTH
2026-03-09 13:40:15.283Z,34.5125,11,SYNTH
2026-03-09 13:40:16.608Z,34.5111,19,SYNTH
2026-03-09 13:40:17.229Z,34.5170,25,SYNTH
2026-03-09 13:40:18.686Z,34.5259,36,SYNTH
2026-03-09 13:40:19.789Z,34.5272,37,SYNTH
2026-03-09 13:40:20.738Z,34.5174,9,SYNTH
2026-03-09 13:40:21.263Z,34.5073,14,SYNTH
2026-03-09 13:40:22.486Z,34.5114,10,SYNTH
2026-03-09 13:40:23.602Z,34.5172,19,SYNTH
2026-03-09 13:40:24.227Z,34.5075,16,SYNTH
2026-03-09 13:40:25.837Z,34.5123,15,SYNTH
2026-03-09 13:40:26.514Z,34.5186,19,SYNTH
2026-03-09 13:40:27.518Z,34.5081,16,SYNTH
2026-03-09 13:40:28.510Z,34.5022,19,SYNTH
2026-03-09 13:40:29.682Z,34.4955,15,SYNTH
2026-03-09 13:40:30.534Z,34.5060,17,SYNTH
2026-03-09 13:40:31.624Z,34.5159,13,SYNTH
2026-03-09 13:40:32.517Z,34.4944,18,SYNTH
2026-03-09 13:40:33.720Z,34.4931,19,SYNTH
2026-03-09 13:40:34.684Z,34.5149,10,SYNTH
2026-03-09 13:40:35.287Z,34.4904,16,SYNTH
2026-03-09 13:40:36.601Z,34.5076,16,SYNTH
2026-03-09 13:40:37.833Z,34.4930,45,SYNTH
2026-03-09 13:40:38.824Z,34.5111,36,SYNTH
2026-03-09 13:40:39.587Z,34.5081,32,SYNTH
2026-03-09 13:40:40.419Z,34.4974,30,SYNTH
2026-03-09 13:40:41.382Z,34.4947,9,SYNTH
2026-03-09 13:40:42.257Z,34.4880,17,SYNTH
2026-03-09 13:40:43.115Z,34.5092,12,SYNTH
2026-03-09 13:40:44.469Z,34.4982,21,SYNTH
2026-03-09 13:40:45.448Z,34.4913,21,SYNTH
2026-03-09 13:40:46.222Z,34.5024,20,SYNTH
2026-03-09 13:40:47.103Z,34.4905,19,SYNTH
2026-03-09 13:40:48.792Z,34.5038,10,SYNTH
2026-03-09 13:40:49.113Z,34.5049,10,SYNTH
2026-03-09 13:40:50.088Z,34.4983,13,SYNTH
2026-03-09 13:40:51.545Z,34.5079,10,SYNTH
2026-03-09 13:40:52.106Z,34.5098,16,SYNTH
2026-03-09 13:40:53.444Z,34.4986,14,SYNTH
2026-03-09 13:40:54.483Z,34.4934,26,SYNTH
2026-03-09 13:40:55.303Z,34.4996,14,SYNTH
2026-03-09 13:40:56.202Z,34.4994,24,SYNTH
2026-03-09 13:40:57.600Z,34.4956,25,SYNTH
2026-03-09 13:40:58.605Z,34.4889,23,SYNTH
2026-03-09 13:40:59.585Z,34.5009,24,SYNTH
2026-03-09 13:43:00.533Z,34.2705,6,SYNTH
2026-03-09 13:43:01.258Z,34.2802,5,SYNTH
2026-03-09 13:43:02.412Z,34.2625,9,SYNTH
2026-03-09 13:43:03.420Z,34.2754,8,SYNTH
2026-03-09 13:43:04.889Z,34.2572,8,SYNTH
2026-03-09 13:43:05.291Z,34.2754,9,SYNTH
2026-03-09 13:43:06.404Z,34.2569,5,SYNTH
2026-03-09 13:43:07.705Z,34.2718,4,SYNTH
2026-03-09 13:43:08.806Z,34.2755,8,SYNTH
2026-03-09 13:43:09.592Z,34.2662,8,SYNTH
2026-03-09 13:43:10.393Z,34.2710,4,SYNTH
2026-03-09 13:43:11.022Z,34.2674,21,SYNTH
2026-03-09 13:43:12.601Z,34.2750,21,SYNTH
2026-03-09 13:43:13.806Z,34.2683,17,SYNTH
2026-03-09 13:43:14.137Z,34.2587,8,SYNTH
2026-03-09 13:43:15.498Z,34.2765,8,SYNTH
2026-03-09 13:43:16.278Z,34.2591,11,SYNTH
2026-03-09 13:43:17.599Z,34.2713,7,SYNTH
2026-03-09 13:43:18.529Z,34.2794,11,SYNTH
2026-03-09 13:43:19.823Z,34.2802,11,SYNTH
2026-03-09 13:43:20.418Z,34.2571,7,SYNTH
2026-03-09 13:43:21.343Z,34.2768,7,SYNTH
2026-03-09 13:43:22.332Z,34.2615,5,SYNTH
2026-03-09 13:43:23.330Z,34.2698,7,SYNTH
2026-03-09 13:43:24.121Z,34.2738,6,SYNTH
2026-03-09 13:43:25.617Z,34.2601,5,SYNTH
2026-03-09 13:43:26.175Z,34.2706,4,SYNTH
2026-03-09 13:43:27.076Z,34.2779,3,SYNTH
2026-03-09 13:43:28.085Z,34.2676,7,SYNTH
2026-03-09 13:43:29.889Z,34.2553,6,SYNTH
2026-03-09 13:43:30.815Z,34.2730,6,SYNTH
2026-03-09 13:43:31.103Z,34.2631,6,SYNTH
2026-03-09 13:43:32.197Z,34.2529,4,SYNTH
2026-03-09 13:43:33.296Z,34.2652,7,SYNTH
2026-03-09 13:43:34.639Z,34.2697,7,SYNTH
2026-03-09 13:43:35.538Z,34.2533,3,SYNTH
2026-03-09 13:43:36.069Z,34.2649,5,SYNTH
2026-03-09 13:43:37.249Z,34.2552,15,SYNTH
2026-03-09 13:43:38.032Z,34.2642,15,SYNTH
2026-03-09 13:43:39.812Z,34.2498,17,SYNTH
2026-03-09 13:43:40.066Z,34.2514,18,SYNTH
2026-03-09 13:43:41.026Z,34.2581,5,SYNTH
2026-03-09 13:43:42.777Z,34.2583,8,SYNTH
2026-03-09 13:43:43.316Z,34.2493,7,SYNTH
2026-03-09 13:43:44.602Z,34.2658,7,SYNTH
2026-03-09 13:43:45.178Z,34.2533,10,SYNTH
2026-03-09 13:43:46.477Z,34.2625,9,SYNTH
2026-03-09 13:43:47.629Z,34.2642,11,SYNTH
2026-03-09 13:43:48.351Z,34.2610,5,SYNTH
2026-03-09 13:43:49.018Z,34.2682,8,SYNTH
2026-03-09 13:43:50.629Z,34.2602,7,SYNTH
2026-03-09 13:43:51.621Z,34.2574,6,SYNTH
2026-03-09 13:43:52.707Z,34.2534,5,SYNTH
2026-03-09 13:43:53.172Z,34.2522,7,SYNTH
2026-03-09 13:43:54.095Z,34.2660,9,SYNTH
2026-03-09 13:43:55.758Z,34.2500,7,SYNTH
2026-03-09 13:43:56.118Z,34.2610,8,SYNTH
2026-03-09 13:43:57.570Z,34.2695,10,SYNTH
2026-03-09 13:43:58.140Z,34.2497,11,SYNTH
2026-03-09 13:43:59.597Z,34.2645,5,SYNTH
2026-03-09 13:44:00.340Z,34.2650,47,SYNTH
2026-03-09 13:44:01.215Z,34.2671,63,SYNTH
2026-03-09 13:44:02.064Z,34.2490,54,SYNTH
2026-03-09 13:44:03.494Z,34.2650,58,SYNTH
2026-03-09 13:44:04.120Z,34.2540,44,SYNTH
2026-03-09 13:44:05.838Z,34.2634,79,SYNTH
2026-03-09 13:44:06.627Z,34.2533,54,SYNTH
2026-03-09 13:44:07.709Z,34.2694,44,SYNTH
2026-03-09 13:44:08.487Z,34.2551,83,SYNTH
2026-03-09 13:44:09.133Z,34.2601,83,SYNTH
2026-03-09 13:44:10.735Z,34.2702,77,SYNTH
2026-03-09 13:44:11.801Z,34.2578,97,SYNTH
2026-03-09 13:44:12.072Z,34.2588,98,SYNTH
2026-03-09 13:44:13.477Z,34.2504,88,SYNTH
2026-03-09 13:44:14.874Z,34.2707,56,SYNTH
2026-03-09 13:44:15.441Z,34.2617,48,SYNTH
2026-03-09 13:44:16.102Z,34.2625,61,SYNTH
2026-03-09 13:44:17.102Z,34.2577,131,SYNTH
2026-03-09 13:44:18.316Z,34.2677,133,SYNTH
2026-03-09 13:44:19.357Z,34.2547,65,SYNTH
2026-03-09 13:44:20.187Z,34.2642,30,SYNTH
2026-03-09 13:44:21.168Z,34.2485,69,SYNTH
2026-03-09 13:44:22.867Z,34.2609,40,SYNTH
2026-03-09 13:44:23.297Z,34.2534,48,SYNTH
2026-03-09 13:44:24.657Z,34.2599,48,SYNTH
2026-03-09 13:44:25.674Z,34.2417,37,SYNTH
2026-03-09 13:44:26.233Z,34.2365,40,SYNTH
2026-03-09 13:44:27.750Z,34.2504,48,SYNTH
2026-03-09 13:44:28.021Z,34.2381,38,SYNTH
2026-03-09 13:44:29.776Z,34.2230,64,SYNTH
2026-03-09 13:44:30.290Z,34.2286,30,SYNTH
2026-03-09 13:44:31.516Z,34.2150,52,SYNTH
2026-03-09 13:44:32.796Z,34.2147,33,SYNTH
2026-03-09 13:44:33.029Z,34.2144,56,SYNTH
2026-03-09 13:44:34.515Z,34.2096,62,SYNTH
2026-03-09 13:44:35.836Z,34.2040,60,SYNTH
2026-03-09 13:44:36.890Z,34.2239,40,SYNTH
2026-03-09 13:44:37.471Z,34.2105,175,SYNTH
2026-03-09 13:44:38.035Z,34.2063,140,SYNTH
2026-03-09 13:44:39.319Z,34.2202,180,SYNTH
2026-03-09 13:44:40.873Z,34.1987,138,SYNTH
2026-03-09 13:44:41.322Z,34.2139,51,SYNTH
2026-03-09 13:44:42.740Z,34.2052,60,SYNTH
2026-03-09 13:44:43.050Z,34.2204,68,SYNTH
2026-03-09 13:44:44.363Z,34.2237,55,SYNTH
2026-03-09 13:44:45.081Z,34.2258,85,SYNTH
2026-03-09 13:44:46.492Z,34.2161,55,SYNTH
2026-03-09 13:44:47.811Z,34.2126,111,SYNTH
2026-03-09 13:44:48.455Z,34.2249,42,SYNTH
2026-03-09 13:44:49.820Z,34.2109,72,SYNTH
2026-03-09 13:44:50.738Z,34.2188,48,SYNTH
2026-03-09 13:44:51.234Z,34.2044,43,SYNTH
2026-03-09 13:44:52.881Z,34.2255,60,SYNTH
2026-03-09 13:44:53.503Z,34.2124,56,SYNTH
2026-03-09 13:44:54.113Z,34.2041,78,SYNTH
2026-03-09 13:44:55.056Z,34.2141,47,SYNTH
2026-03-09 13:44:56.807Z,34.2015,44,SYNTH
2026-03-09 13:44:57.753Z,34.2105,88,SYNTH
2026-03-09 13:44:58.068Z,34.2117,96,SYNTH
2026-03-09 13:44:59.731Z,34.2119,101,SYNTH
2026-03-09 13:45:00.816Z,34.2548,6,SYNTH
2026-03-09 13:45:01.249Z,34.2524,5,SYNTH
2026-03-09 13:45:02.863Z,34.2550,5,SYNTH
2026-03-09 13:45:03.308Z,34.2418,8,SYNTH
2026-03-09 13:45:04.881Z,34.2556,4,SYNTH
2026-03-09 13:45:05.481Z,34.2487,5,SYNTH
2026-03-09 13:45:06.821Z,34.2532,3,SYNTH
2026-03-09 13:45:07.570Z,34.2434,5,SYNTH
2026-03-09 13:45:08.305Z,34.2450,6,SYNTH
2026-03-09 13:45:09.564Z,34.2534,5,SYNTH
2026-03-09 13:45:10.146Z,34.2365,6,SYNTH
2026-03-09 13:45:11.549Z,34.2503,12,SYNTH
2026-03-09 13:45:12.772Z,34.2431,14,SYNTH
2026-03-09 13:45:13.866Z,34.2446,7,SYNTH
2026-03-09 13:45:14.795Z,34.2506,6,SYNTH
2026-03-09 13:45:15.739Z,34.2531,3,SYNTH
2026-03-09 13:45:16.849Z,34.2436,10,SYNTH
2026-03-09 13:45:17.018Z,34.2365,10,SYNTH
2026-03-09 13:45:18.345Z,34.2477,6,SYNTH
2026-03-09 13:45:19.327Z,34.2630,7,SYNTH
2026-03-09 13:45:20.837Z,34.2394,5,SYNTH
2026-03-09 13:45:21.480Z,34.2373,5,SYNTH
2026-03-09 13:45:22.841Z,34.2505,4,SYNTH
2026-03-09 13:45:23.592Z,34.2420,3,SYNTH
2026-03-09 13:45:24.069Z,34.2506,5,SYNTH
2026-03-09 13:45:25.724Z,34.2570,3,SYNTH
2026-03-09 13:45:26.838Z,34.2600,4,SYNTH
2026-03-09 13:45:27.704Z,34.2389,4,SYNTH
2026-03-09 13:45:28.715Z,34.2554,4,SYNTH
2026-03-09 13:45:29.804Z,34.2414,3,SYNTH
2026-03-09 13:45:30.219Z,34.2448,4,SYNTH
2026-03-09 13:45:31.841Z,34.2578,4,SYNTH
2026-03-09 13:45:32.054Z,34.2444,5,SYNTH
2026-03-09 13:45:33.239Z,34.2568,4,SYNTH
2026-03-09 13:45:34.411Z,34.2477,4,SYNTH
2026-03-09 13:45:35.674Z,34.2591,4,SYNTH
2026-03-09 13:45:36.364Z,34.2613,3,SYNTH
2026-03-09 13:45:37.880Z,34.2488,7,SYNTH
2026-03-09 13:45:38.852Z,34.2418,8,SYNTH
2026-03-09 13:45:39.350Z,34.2405,10,SYNTH
2026-03-09 13:45:40.339Z,34.2613,14,SYNTH
2026-03-09 13:45:41.048Z,34.2492,4,SYNTH
2026-03-09 13:45:42.710Z,34.2397,4,SYNTH
2026-03-09 13:45:43.265Z,34.2529,6,SYNTH
2026-03-09 13:45:44.669Z,34.2599,6,SYNTH
2026-03-09 13:45:45.037Z,34.2593,9,SYNTH
2026-03-09 13:45:46.193Z,34.2375,5,SYNTH
2026-03-09 13:45:47.861Z,34.2487,5,SYNTH
2026-03-09 13:45:48.209Z,34.2526,5,SYNTH
2026-03-09 13:45:49.537Z,34.2581,6,SYNTH
2026-03-09 13:45:50.247Z,34.2446,4,SYNTH
2026-03-09 13:45:51.467Z,34.2393,4,SYNTH
2026-03-09 13:45:52.315Z,34.2509,3,SYNTH
2026-03-09 13:45:53.686Z,34.2556,4,SYNTH
2026-03-09 13:45:54.084Z,34.2390,7,SYNTH
2026-03-09 13:45:55.654Z,34.2518,6,SYNTH
2026-03-09 13:45:56.234Z,34.2369,6,SYNTH
2026-03-09 13:45:57.756Z,34.2523,5,SYNTH
2026-03-09 13:45:58.573Z,34.2565,4,SYNTH
2026-03-09 13:45:59.690Z,34.2489,4,SYNTH
2026-03-09 13:48:00.588Z,34.2641,9,SYNTH
2026-03-09 13:48:01.719Z,34.2511,10,SYNTH
2026-03-09 13:48:02.579Z,34.2685,9,SYNTH
2026-03-09 13:48:03.510Z,34.2547,8,SYNTH
2026-03-09 13:48:04.766Z,34.2542,5,SYNTH
2026-03-09 13:48:05.102Z,34.2590,6,SYNTH
2026-03-09 13:48:06.637Z,34.2518,8,SYNTH
2026-03-09 13:48:07.240Z,34.2585,8,SYNTH
2026-03-09 13:48:08.752Z,34.2683,5,SYNTH
2026-03-09 13:48:09.546Z,34.2712,4,SYNTH
2026-03-09 13:48:10.789Z,34.2570,7,SYNTH
2026-03-09 13:48:11.426Z,34.2560,20,SYNTH
2026-03-09 13:48:12.237Z,34.2576,15,SYNTH
2026-03-09 13:48:13.645Z,34.2525,15,SYNTH
2026-03-09 13:48:14.517Z,34.2661,8,SYNTH
2026-03-09 13:48:15.629Z,34.2546,4,SYNTH
2026-03-09 13:48:16.242Z,34.2557,15,SYNTH
2026-03-09 13:48:17.556Z,34.2499,6,SYNTH
2026-03-09 13:48:18.847Z,34.2743,14,SYNTH
2026-03-09 13:48:19.081Z,34.2558,10,SYNTH
2026-03-09 13:48:20.804Z,34.2698,8,SYNTH
2026-03-09 13:48:21.325Z,34.2650,5,SYNTH
2026-03-09 13:48:22.121Z,34.2610,5,SYNTH
2026-03-09 13:48:23.627Z,34.2592,4,SYNTH
2026-03-09 13:48:24.108Z,34.2701,7,SYNTH
2026-03-09 13:48:25.161Z,34.2623,3,SYNTH
2026-03-09 13:48:26.572Z,34.2581,6,SYNTH
2026-03-09 13:48:27.270Z,34.2540,3,SYNTH
2026-03-09 13:48:28.452Z,34.2661,4,SYNTH
2026-03-09 13:48:29.573Z,34.2497,3,SYNTH
2026-03-09 13:48:30.843Z,34.2638,5,SYNTH
2026-03-09 13:48:31.420Z,34.2523,6,SYNTH
2026-03-09 13:48:32.496Z,34.2700,3,SYNTH
2026-03-09 13:48:33.677Z,34.2645,5,SYNTH
2026-03-09 13:48:34.714Z,34.2520,7,SYNTH
2026-03-09 13:48:35.868Z,34.2676,4,SYNTH
2026-03-09 13:48:36.425Z,34.2683,5,SYNTH
2026-03-09 13:48:37.453Z,34.2550,13,SYNTH
2026-03-09 13:48:38.816Z,34.2679,15,SYNTH
2026-03-09 13:48:39.547Z,34.2584,15,SYNTH
2026-03-09 13:48:40.115Z,34.2676,18,SYNTH
2026-03-09 13:48:41.329Z,34.2683,5,SYNTH
2026-03-09 13:48:42.236Z,34.2491,3,SYNTH
2026-03-09 13:48:43.592Z,34.2670,3,SYNTH
2026-03-09 13:48:44.187Z,34.2660,4,SYNTH
2026-03-09 13:48:45.655Z,34.2549,10,SYNTH
2026-03-09 13:48:46.292Z,34.2719,7,SYNTH
2026-03-09 13:48:47.609Z,34.2488,9,SYNTH
2026-03-09 13:48:48.349Z,34.2509,9,SYNTH
2026-03-09 13:48:49.284Z,34.2627,7,SYNTH
2026-03-09 13:48:50.428Z,34.2536,4,SYNTH
2026-03-09 13:48:51.492Z,34.2670,6,SYNTH
2026-03-09 13:48:52.728Z,34.2698,5,SYNTH
2026-03-09 13:48:53.478Z,34.2623,4,SYNTH
2026-03-09 13:48:54.324Z,34.2542,7,SYNTH
2026-03-09 13:48:55.716Z,34.2506,6,SYNTH
2026-03-09 13:48:56.017Z,34.2610,7,SYNTH
2026-03-09 13:48:57.489Z,34.2477,8,SYNTH
2026-03-09 13:48:58.024Z,34.2615,10,SYNTH
2026-03-09 13:48:59.398Z,34.2553,5,SYNTH
2026-03-09 13:50:00.278Z,34.1320,6,SYNTH
2026-03-09 13:50:01.448Z,34.1225,8,SYNTH
2026-03-09 13:50:02.029Z,34.1400,7,SYNTH
2026-03-09 13:50:03.696Z,34.1273,5,SYNTH
2026-03-09 13:50:04.473Z,34.1194,7,SYNTH
2026-03-09 13:50:05.680Z,34.1351,4,SYNTH
2026-03-09 13:50:06.254Z,34.1274,5,SYNTH
2026-03-09 13:50:07.061Z,34.1326,7,SYNTH
2026-03-09 13:50:08.669Z,34.1377,4,SYNTH
2026-03-09 13:50:09.669Z,34.1226,4,SYNTH
2026-03-09 13:50:10.887Z,34.1377,6,SYNTH
2026-03-09 13:50:11.493Z,34.1292,15,SYNTH
2026-03-09 13:50:12.553Z,34.1394,13,SYNTH
2026-03-09 13:50:13.701Z,34.1280,6,SYNTH
2026-03-09 13:50:14.431Z,34.1184,3,SYNTH
2026-03-09 13:50:15.542Z,34.1360,2,SYNTH
2026-03-09 13:50:16.420Z,34.1165,9,SYNTH
2026-03-09 13:50:17.641Z,34.1250,5,SYNTH
2026-03-09 13:50:18.710Z,34.1403,4,SYNTH
2026-03-09 13:50:19.378Z,34.1218,7,SYNTH
2026-03-09 13:50:20.821Z,34.1383,4,SYNTH
2026-03-09 13:50:21.596Z,34.1321,4,SYNTH
2026-03-09 13:50:22.311Z,34.1313,3,SYNTH
2026-03-09 13:50:23.052Z,34.1227,3,SYNTH
2026-03-09 13:50:24.706Z,34.1419,3,SYNTH
2026-03-09 13:50:25.369Z,34.1255,4,SYNTH
2026-03-09 13:50:26.530Z,34.1224,2,SYNTH
2026-03-09 13:50:27.395Z,34.1342,4,SYNTH
2026-03-09 13:50:28.647Z,34.1372,4,SYNTH
2026-03-09 13:50:29.044Z,34.1275,5,SYNTH
2026-03-09 13:50:30.725Z,34.1267,2,SYNTH
2026-03-09 13:50:31.201Z,34.1256,3,SYNTH
2026-03-09 13:50:32.042Z,34.1203,3,SYNTH
2026-03-09 13:50:33.117Z,34.1387,4,SYNTH
2026-03-09 13:50:34.308Z,34.1205,3,SYNTH
2026-03-09 13:50:35.661Z,34.1361,2,SYNTH
2026-03-09 13:50:36.494Z,34.1363,2,SYNTH
2026-03-09 13:50:37.716Z,34.1204,13,SYNTH
2026-03-09 13:50:38.461Z,34.1318,5,SYNTH
2026-03-09 13:50:39.234Z,34.1401,13,SYNTH
2026-03-09 13:50:40.720Z,34.1389,13,SYNTH
2026-03-09 13:50:41.059Z,34.1367,5,SYNTH
2026-03-09 13:50:42.234Z,34.1205,3,SYNTH
2026-03-09 13:50:43.582Z,34.1392,6,SYNTH
2026-03-09 13:50:44.449Z,34.1215,5,SYNTH
2026-03-09 13:50:45.058Z,34.1286,5,SYNTH
2026-03-09 13:50:46.792Z,34.1336,4,SYNTH
2026-03-09 13:50:47.286Z,34.1279,5,SYNTH
2026-03-09 13:50:48.549Z,34.1239,3,SYNTH
2026-03-09 13:50:49.531Z,34.1349,4,SYNTH
2026-03-09 13:50:50.363Z,34.1184,5,SYNTH
2026-03-09 13:50:51.184Z,34.1361,4,SYNTH
2026-03-09 13:50:52.192Z,34.1209,5,SYNTH
2026-03-09 13:50:53.521Z,34.1337,4,SYNTH
2026-03-09 13:50:54.614Z,34.1208,4,SYNTH
2026-03-09 13:50:55.505Z,34.1227,4,SYNTH
2026-03-09 13:50:56.498Z,34.1342,7,SYNTH
2026-03-09 13:50:57.881Z,34.1346,7,SYNTH
2026-03-09 13:50:58.713Z,34.1396,8,SYNTH
2026-03-09 13:50:59.075Z,34.1279,4,SYNTH
2026-03-09 13:55:00.888Z,34.1007,37,SYNTH
2026-03-09 13:55:01.855Z,34.0919,47,SYNTH
2026-03-09 13:55:02.491Z,34.0989,38,SYNTH
2026-03-09 13:55:03.741Z,34.1106,42,SYNTH
2026-03-09 13:55:04.028Z,34.0911,21,SYNTH
2026-03-09 13:55:05.712Z,34.1069,36,SYNTH
2026-03-09 13:55:06.257Z,34.1072,18,SYNTH
2026-03-09 13:55:07.265Z,34.1002,38,SYNTH
2026-03-09 13:55:08.465Z,34.1084,28,SYNTH
2026-03-09 13:55:09.156Z,34.1047,38,SYNTH
2026-03-09 13:55:10.018Z,34.0882,20,SYNTH
2026-03-09 13:55:11.884Z,34.1025,60,SYNTH
2026-03-09 13:55:12.794Z,34.1050,45,SYNTH
2026-03-09 13:55:13.515Z,34.0900,42,SYNTH
2026-03-09 13:55:14.299Z,34.1041,28,SYNTH
2026-03-09 13:55:15.470Z,34.1007,21,SYNTH
2026-03-09 13:55:16.871Z,34.0914,45,SYNTH
2026-03-09 13:55:17.047Z,34.0872,27,SYNTH
2026-03-09 13:55:18.163Z,34.1071,29,SYNTH
2026-03-09 13:55:19.673Z,34.0904,45,SYNTH
2026-03-09 13:55:20.143Z,34.1037,23,SYNTH
2026-03-09 13:55:21.351Z,34.0894,22,SYNTH
2026-03-09 13:55:22.773Z,34.0765,25,SYNTH
2026-03-09 13:55:23.826Z,34.0937,30,SYNTH
2026-03-09 13:55:24.352Z,34.0702,17,SYNTH
2026-03-09 13:55:25.076Z,34.0803,29,SYNTH
2026-03-09 13:55:26.145Z,34.0580,26,SYNTH
2026-03-09 13:55:27.621Z,34.0703,24,SYNTH
2026-03-09 13:55:28.475Z,34.0523,25,SYNTH
2026-03-09 13:55:29.030Z,34.0308,22,SYNTH
2026-03-09 13:55:30.048Z,34.0413,27,SYNTH
2026-03-09 13:55:31.541Z,34.0242,17,SYNTH
2026-03-09 13:55:32.125Z,34.0202,19,SYNTH
2026-03-09 13:55:33.014Z,34.0188,28,SYNTH
2026-03-09 13:55:34.093Z,34.0083,18,SYNTH
2026-03-09 13:55:35.819Z,34.0083,25,SYNTH
2026-03-09 13:55:36.360Z,33.9993,28,SYNTH
2026-03-09 13:55:37.594Z,34.0143,36,SYNTH
2026-03-09 13:55:38.517Z,34.0056,77,SYNTH
2026-03-09 13:55:39.587Z,34.0015,38,SYNTH
2026-03-09 13:55:40.206Z,33.9969,70,SYNTH
2026-03-09 13:55:41.731Z,34.0064,27,SYNTH
2026-03-09 13:55:42.582Z,34.0161,22,SYNTH
2026-03-09 13:55:43.814Z,34.0267,25,SYNTH
2026-03-09 13:55:44.012Z,34.0155,33,SYNTH
2026-03-09 13:55:45.537Z,34.0258,40,SYNTH
2026-03-09 13:55:46.058Z,34.0141,50,SYNTH
2026-03-09 13:55:47.220Z,34.0295,46,SYNTH
2026-03-09 13:55:48.226Z,34.0162,23,SYNTH
2026-03-09 13:55:49.849Z,34.0147,34,SYNTH
2026-03-09 13:55:50.648Z,34.0352,32,SYNTH
2026-03-09 13:55:51.719Z,34.0394,41,SYNTH
2026-03-09 13:55:52.715Z,34.0393,21,SYNTH
2026-03-09 13:55:53.739Z,34.0487,19,SYNTH
2026-03-09 13:55:54.775Z,34.0308,36,SYNTH
2026-03-09 13:55:55.174Z,34.0379,21,SYNTH
2026-03-09 13:55:56.723Z,34.0424,28,SYNTH
2026-03-09 13:55:57.810Z,34.0462,42,SYNTH
2026-03-09 13:55:58.752Z,34.0558,38,SYNTH
2026-03-09 13:55:59.542Z,34.0468,28,SYNTH
2026-03-09 13:58:00.872Z,34.1451,12,SYNTH
2026-03-09 13:58:01.682Z,34.1448,14,SYNTH
2026-03-09 13:58:02.427Z,34.1470,12,SYNTH
2026-03-09 13:58:03.485Z,34.1390,8,SYNTH
2026-03-09 13:58:04.448Z,34.1373,16,SYNTH
2026-03-09 13:58:05.049Z,34.1372,13,SYNTH
2026-03-09 13:58:06.854Z,34.1446,10,SYNTH
2026-03-09 13:58:07.430Z,34.1295,9,SYNTH
2026-03-09 13:58:08.741Z,34.1508,7,SYNTH
2026-03-09 13:58:09.425Z,34.1300,8,SYNTH
2026-03-09 13:58:10.297Z,34.1442,10,SYNTH
2026-03-09 13:58:11.324Z,34.1499,27,SYNTH
2026-03-09 13:58:12.644Z,34.1407,34,SYNTH
2026-03-09 13:58:13.563Z,34.1315,24,SYNTH
2026-03-09 13:58:14.846Z,34.1375,11,SYNTH
2026-03-09 13:58:15.300Z,34.1477,6,SYNTH
2026-03-09 13:58:16.133Z,34.1400,24,SYNTH
2026-03-09 13:58:17.385Z,34.1325,12,SYNTH
2026-03-09 13:58:18.283Z,34.1534,11,SYNTH
2026-03-09 13:58:19.423Z,34.1286,22,SYNTH
2026-03-09 13:58:20.138Z,34.1383,7,SYNTH
2026-03-09 13:58:21.861Z,34.1432,7,SYNTH
2026-03-09 13:58:22.325Z,34.1516,9,SYNTH
2026-03-09 13:58:23.566Z,34.1299,10,SYNTH
2026-03-09 13:58:24.167Z,34.1288,6,SYNTH
2026-03-09 13:58:25.401Z,34.1405,7,SYNTH
2026-03-09 13:58:26.605Z,34.1477,9,SYNTH
2026-03-09 13:58:27.426Z,34.1301,12,SYNTH
2026-03-09 13:58:28.020Z,34.1449,6,SYNTH
2026-03-09 13:58:29.249Z,34.1460,11,SYNTH
2026-03-09 13:58:30.300Z,34.1331,7,SYNTH
2026-03-09 13:58:31.541Z,34.1280,9,SYNTH
2026-03-09 13:58:32.512Z,34.1402,8,SYNTH
2026-03-09 13:58:33.478Z,34.1327,6,SYNTH
2026-03-09 13:58:34.242Z,34.1289,5,SYNTH
2026-03-09 13:58:35.361Z,34.1480,11,SYNTH
2026-03-09 13:58:36.642Z,34.1366,9,SYNTH
2026-03-09 13:58:37.707Z,34.1294,17,SYNTH
2026-03-09 13:58:38.822Z,34.1401,27,SYNTH
2026-03-09 13:58:39.173Z,34.1412,20,SYNTH
2026-03-09 13:58:40.115Z,34.1398,28,SYNTH
2026-03-09 13:58:41.454Z,34.1302,10,SYNTH
2026-03-09 13:58:42.594Z,34.1410,9,SYNTH
2026-03-09 13:58:43.003Z,34.1458,7,SYNTH
2026-03-09 13:58:44.059Z,34.1273,8,SYNTH
2026-03-09 13:58:45.448Z,34.1349,20,SYNTH
2026-03-09 13:58:46.369Z,34.1530,19,SYNTH
2026-03-09 13:58:47.395Z,34.1365,9,SYNTH
2026-03-09 13:58:48.429Z,34.1375,13,SYNTH
2026-03-09 13:58:49.095Z,34.1458,7,SYNTH
2026-03-09 13:58:50.039Z,34.1351,8,SYNTH
2026-03-09 13:58:51.016Z,34.1478,9,SYNTH
2026-03-09 13:58:52.362Z,34.1341,12,SYNTH
2026-03-09 13:58:53.145Z,34.1455,13,SYNTH
2026-03-09 13:58:54.176Z,34.1343,7,SYNTH
2026-03-09 13:58:55.751Z,34.1293,8,SYNTH
2026-03-09 13:58:56.822Z,34.1418,17,SYNTH
2026-03-09 13:58:57.546Z,34.1496,15,SYNTH
2026-03-09 13:58:58.145Z,34.1404,17,SYNTH
2026-03-09 13:58:59.570Z,34.1381,14,SYNTH
2026-03-09 13:59:00.393Z,34.1420,16,SYNTH
2026-03-09 13:59:01.556Z,34.1468,16,SYNTH
2026-03-09 13:59:02.764Z,34.1491,11,SYNTH
2026-03-09 13:59:03.583Z,34.1408,7,SYNTH
2026-03-09 13:59:04.860Z,34.1341,9,SYNTH
2026-03-09 13:59:05.662Z,34.1437,9,SYNTH
2026-03-09 13:59:06.882Z,34.1303,14,SYNTH
2026-03-09 13:59:07.673Z,34.1414,8,SYNTH
2026-03-09 13:59:08.336Z,34.1435,7,SYNTH
2026-03-09 13:59:09.609Z,34.1317,7,SYNTH
2026-03-09 13:59:10.305Z,34.1446,7,SYNTH
2026-03-09 13:59:11.828Z,34.1346,30,SYNTH
2026-03-09 13:59:12.753Z,34.1431,13,SYNTH
2026-03-09 13:59:13.839Z,34.1377,24,SYNTH
2026-03-09 13:59:14.024Z,34.1321,9,SYNTH
2026-03-09 13:59:15.792Z,34.1373,6,SYNTH
2026-03-09 13:59:16.825Z,34.1290,12,SYNTH
2026-03-09 13:59:17.013Z,34.1411,19,SYNTH
2026-03-09 13:59:18.389Z,34.1475,13,SYNTH
2026-03-09 13:59:19.187Z,34.1508,15,SYNTH
2026-03-09 13:59:20.153Z,34.1480,10,SYNTH
2026-03-09 13:59:21.338Z,34.1433,7,SYNTH
2026-03-09 13:59:22.226Z,34.1487,9,SYNTH
2026-03-09 13:59:23.231Z,34.1370,5,SYNTH
2026-03-09 13:59:24.630Z,34.1448,6,SYNTH
2026-03-09 13:59:25.890Z,34.1367,7,SYNTH
2026-03-09 13:59:26.417Z,34.1475,10,SYNTH
2026-03-09 13:59:27.594Z,34.1326,7,SYNTH
2026-03-09 13:59:28.392Z,34.1463,8,SYNTH
2026-03-09 13:59:29.164Z,34.1352,7,SYNTH
2026-03-09 13:59:30.389Z,34.1260,10,SYNTH
2026-03-09 13:59:31.354Z,34.1335,8,SYNTH
2026-03-09 13:59:32.698Z,34.1412,5,SYNTH
2026-03-09 13:59:33.188Z,34.1309,8,SYNTH
2026-03-09 13:59:34.435Z,34.1419,4,SYNTH
2026-03-09 13:59:35.237Z,34.1531,6,SYNTH
2026-03-09 13:59:36.151Z,34.1264,6,SYNTH
2026-03-09 13:59:37.118Z,34.1395,16,SYNTH
2026-03-09 13:59:38.070Z,34.1434,20,SYNTH
2026-03-09 13:59:39.778Z,34.1537,23,SYNTH
2026-03-09 13:59:40.176Z,34.1319,15,SYNTH
2026-03-09 13:59:41.411Z,34.1494,6,SYNTH
2026-03-09 13:59:42.362Z,34.1331,5,SYNTH
2026-03-09 13:59:43.635Z,34.1487,7,SYNTH
2026-03-09 13:59:44.553Z,34.1336,8,SYNTH
2026-03-09 13:59:45.450Z,34.1399,9,SYNTH
2026-03-09 13:59:46.623Z,34.1455,13,SYNTH
2026-03-09 13:59:47.870Z,34.1338,13,SYNTH
2026-03-09 13:59:48.433Z,34.1411,8,SYNTH
2026-03-09 13:59:49.247Z,34.1447,9,SYNTH
2026-03-09 13:59:50.540Z,34.1280,10,SYNTH
2026-03-09 13:59:51.841Z,34.1451,7,SYNTH
2026-03-09 13:59:52.780Z,34.1275,13,SYNTH
2026-03-09 13:59:53.736Z,34.1471,10,SYNTH
2026-03-09 13:59:54.252Z,34.1428,13,SYNTH
2026-03-09 13:59:55.869Z,34.1506,12,SYNTH
2026-03-09 13:59:56.378Z,34.1283,9,SYNTH
2026-03-09 13:59:57.689Z,34.1423,10,SYNTH
2026-03-09 13:59:58.769Z,34.1324,15,SYNTH
2026-03-09 13:59:59.263Z,34.1420,15,SYNTH
2026-03-09 14:05:00.364Z,34.0244,5,SYNTH
2026-03-09 14:05:01.561Z,34.0124,4,SYNTH
2026-03-09 14:05:02.258Z,34.0297,5,SYNTH
2026-03-09 14:05:03.390Z,34.0293,4,SYNTH
2026-03-09 14:05:04.055Z,34.0145,2,SYNTH
2026-03-09 14:05:05.199Z,34.0240,3,SYNTH
2026-03-09 14:05:06.662Z,34.0082,3,SYNTH
2026-03-09 14:05:07.074Z,34.0194,2,SYNTH
2026-03-09 14:05:08.084Z,34.0272,5,SYNTH
2026-03-09 14:05:09.815Z,34.0248,4,SYNTH
2026-03-09 14:05:10.004Z,34.0107,3,SYNTH
2026-03-09 14:05:11.818Z,34.0100,11,SYNTH
2026-03-09 14:05:12.340Z,34.0223,10,SYNTH
2026-03-09 14:05:13.061Z,34.0119,8,SYNTH
2026-03-09 14:05:14.104Z,34.0284,3,SYNTH
2026-03-09 14:05:15.847Z,34.0257,4,SYNTH
2026-03-09 14:05:16.283Z,34.0147,6,SYNTH
2026-03-09 14:05:17.286Z,34.0134,3,SYNTH
2026-03-09 14:05:18.214Z,34.0241,4,SYNTH
2026-03-09 14:05:19.262Z,34.0316,7,SYNTH
2026-03-09 14:05:20.650Z,34.0159,2,SYNTH
2026-03-09 14:05:21.669Z,34.0276,2,SYNTH
2026-03-09 14:05:22.276Z,34.0099,2,SYNTH
2026-03-09 14:05:23.110Z,34.0122,2,SYNTH
2026-03-09 14:05:24.020Z,34.0254,2,SYNTH
2026-03-09 14:05:25.890Z,34.0169,3,SYNTH
2026-03-09 14:05:26.072Z,34.0250,3,SYNTH
2026-03-09 14:05:27.738Z,34.0201,3,SYNTH
2026-03-09 14:05:28.809Z,34.0229,2,SYNTH
2026-03-09 14:05:29.319Z,34.0336,3,SYNTH
2026-03-09 14:05:30.637Z,34.0216,2,SYNTH
2026-03-09 14:05:31.117Z,34.0318,3,SYNTH
2026-03-09 14:05:32.226Z,34.0216,2,SYNTH
2026-03-09 14:05:33.468Z,34.0124,3,SYNTH
2026-03-09 14:05:34.522Z,34.0207,2,SYNTH
2026-03-09 14:05:35.240Z,34.0117,4,SYNTH
2026-03-09 14:05:36.242Z,34.0211,3,SYNTH
2026-03-09 14:05:37.485Z,34.0179,7,SYNTH
2026-03-09 14:05:38.570Z,34.0223,4,SYNTH
2026-03-09 14:05:39.213Z,34.0290,8,SYNTH
2026-03-09 14:05:40.693Z,34.0135,7,SYNTH
2026-03-09 14:05:41.870Z,34.0129,4,SYNTH
2026-03-09 14:05:42.863Z,34.0128,3,SYNTH
2026-03-09 14:05:43.665Z,34.0127,3,SYNTH
2026-03-09 14:05:44.805Z,34.0324,4,SYNTH
2026-03-09 14:05:45.739Z,34.0220,6,SYNTH
2026-03-09 14:05:46.821Z,34.0282,4,SYNTH
2026-03-09 14:05:47.686Z,34.0162,4,SYNTH
2026-03-09 14:05:48.328Z,34.0173,3,SYNTH
2026-03-09 14:05:49.162Z,34.0224,4,SYNTH
2026-03-09 14:05:50.261Z,34.0300,2,SYNTH
2026-03-09 14:05:51.413Z,34.0129,4,SYNTH
2026-03-09 14:05:52.751Z,34.0299,4,SYNTH
2026-03-09 14:05:53.815Z,34.0268,3,SYNTH
2026-03-09 14:05:54.438Z,34.0238,4,SYNTH
2026-03-09 14:05:55.410Z,34.0188,4,SYNTH
2026-03-09 14:05:56.865Z,34.0293,3,SYNTH
2026-03-09 14:05:57.850Z,34.0214,4,SYNTH
2026-03-09 14:05:58.763Z,34.0109,4,SYNTH
2026-03-09 14:05:59.531Z,34.0204,4,SYNTH
2026-03-09 14:06:00.358Z,33.9601,8,SYNTH
2026-03-09 14:06:01.877Z,33.9551,10,SYNTH
2026-03-09 14:06:02.166Z,33.9502,8,SYNTH
2026-03-09 14:06:03.710Z,33.9625,12,SYNTH
2026-03-09 14:06:04.156Z,33.9560,7,SYNTH
2026-03-09 14:06:05.403Z,33.9481,10,SYNTH
2026-03-09 14:06:06.187Z,33.9681,5,SYNTH
2026-03-09 14:06:07.887Z,33.9538,10,SYNTH
2026-03-09 14:06:08.171Z,33.9483,8,SYNTH
2026-03-09 14:06:09.407Z,33.9650,8,SYNTH
2026-03-09 14:06:10.862Z,33.9642,5,SYNTH
2026-03-09 14:06:11.372Z,33.9547,21,SYNTH
2026-03-09 14:06:12.676Z,33.9637,21,SYNTH
2026-03-09 14:06:13.891Z,33.9677,19,SYNTH
2026-03-09 14:06:14.603Z,33.9590,8,SYNTH
2026-03-09 14:06:15.497Z,33.9675,5,SYNTH
2026-03-09 14:06:16.170Z,33.9583,10,SYNTH
2026-03-09 14:06:17.158Z,33.9556,15,SYNTH
2026-03-09 14:06:18.507Z,33.9663,11,SYNTH
2026-03-09 14:06:19.868Z,33.9535,14,SYNTH
2026-03-09 14:06:20.380Z,33.9676,7,SYNTH
2026-03-09 14:06:21.159Z,33.9603,4,SYNTH
2026-03-09 14:06:22.822Z,33.9430,8,SYNTH
2026-03-09 14:06:23.113Z,33.9561,6,SYNTH
2026-03-09 14:06:24.793Z,33.9487,6,SYNTH
2026-03-09 14:06:25.431Z,33.9386,7,SYNTH
2026-03-09 14:06:26.430Z,33.9347,6,SYNTH
2026-03-09 14:06:27.433Z,33.9439,5,SYNTH
2026-03-09 14:06:28.581Z,33.9299,4,SYNTH
2026-03-09 14:06:29.146Z,33.9137,5,SYNTH
2026-03-09 14:06:30.581Z,33.9142,6,SYNTH
2026-03-09 14:06:31.537Z,33.9234,4,SYNTH
2026-03-09 14:06:32.441Z,33.9046,4,SYNTH
2026-03-09 14:06:33.272Z,33.9177,7,SYNTH
2026-03-09 14:06:34.540Z,33.9008,6,SYNTH
2026-03-09 14:06:35.889Z,33.9138,8,SYNTH
2026-03-09 14:06:36.439Z,33.9042,3,SYNTH
2026-03-09 14:06:37.788Z,33.9084,13,SYNTH
2026-03-09 14:06:38.128Z,33.9013,19,SYNTH
2026-03-09 14:06:39.866Z,33.8883,11,SYNTH
2026-03-09 14:06:40.093Z,33.9066,17,SYNTH
2026-03-09 14:06:41.867Z,33.8981,8,SYNTH
2026-03-09 14:06:42.654Z,33.9004,8,SYNTH
2026-03-09 14:06:43.814Z,33.8951,5,SYNTH
2026-03-09 14:06:44.419Z,33.8973,8,SYNTH
2026-03-09 14:06:45.089Z,33.9158,12,SYNTH
2026-03-09 14:06:46.532Z,33.9065,11,SYNTH
2026-03-09 14:06:47.072Z,33.9051,10,SYNTH
2026-03-09 14:06:48.401Z,33.9178,4,SYNTH
2026-03-09 14:06:49.643Z,33.8963,6,SYNTH
2026-03-09 14:06:50.771Z,33.9108,7,SYNTH
2026-03-09 14:06:51.121Z,33.8997,6,SYNTH
2026-03-09 14:06:52.291Z,33.8970,10,SYNTH
2026-03-09 14:06:53.096Z,33.9130,9,SYNTH
2026-03-09 14:06:54.396Z,33.9019,6,SYNTH
2026-03-09 14:06:55.535Z,33.9081,6,SYNTH
2026-03-09 14:06:56.050Z,33.8949,10,SYNTH
2026-03-09 14:06:57.898Z,33.9020,11,SYNTH
2026-03-09 14:06:58.780Z,33.9066,8,SYNTH
2026-03-09 14:06:59.160Z,33.8975,8,SYNTH
2026-03-09 14:11:00.646Z,33.9060,2,SYNTH
2026-03-09 14:11:01.512Z,33.8952,1,SYNTH
2026-03-09 14:11:02.873Z,33.8980,2,SYNTH
2026-03-09 14:11:03.355Z,33.9117,2,SYNTH
2026-03-09 14:11:04.505Z,33.8897,2,SYNTH
2026-03-09 14:11:05.331Z,33.9026,1,SYNTH
2026-03-09 14:11:06.367Z,33.9081,2,SYNTH
2026-03-09 14:11:07.877Z,33.8892,1,SYNTH
2026-03-09 14:11:08.147Z,33.9078,1,SYNTH
2026-03-09 14:11:09.190Z,33.8893,2,SYNTH
2026-03-09 14:11:10.440Z,33.9051,1,SYNTH
2026-03-09 14:11:11.317Z,33.8990,4,SYNTH
2026-03-09 14:11:12.470Z,33.8951,4,SYNTH
2026-03-09 14:11:13.661Z,33.9072,3,SYNTH
2026-03-09 14:11:14.366Z,33.8937,2,SYNTH
2026-03-09 14:11:15.602Z,33.9083,2,SYNTH
2026-03-09 14:11:16.866Z,33.9017,3,SYNTH
2026-03-09 14:11:17.849Z,33.9012,2,SYNTH
2026-03-09 14:11:18.245Z,33.9115,2,SYNTH
2026-03-09 14:11:19.686Z,33.9052,2,SYNTH
2026-03-09 14:11:20.357Z,33.8982,2,SYNTH
2026-03-09 14:11:21.811Z,33.8964,1,SYNTH
2026-03-09 14:11:22.159Z,33.9100,2,SYNTH
2026-03-09 14:11:23.608Z,33.8999,1,SYNTH
2026-03-09 14:11:24.356Z,33.8938,1,SYNTH
2026-03-09 14:11:25.715Z,33.9058,1,SYNTH
2026-03-09 14:11:26.105Z,33.8953,1,SYNTH
2026-03-09 14:11:27.416Z,33.9089,2,SYNTH
2026-03-09 14:11:28.271Z,33.9009,1,SYNTH
2026-03-09 14:11:29.485Z,33.8926,1,SYNTH
2026-03-09 14:11:30.634Z,33.9031,2,SYNTH
2026-03-09 14:11:31.000Z,33.8964,1,SYNTH
2026-03-09 14:11:32.069Z,33.8899,1,SYNTH
2026-03-09 14:11:33.254Z,33.8945,1,SYNTH
2026-03-09 14:11:34.656Z,33.9018,1,SYNTH
2026-03-09 14:11:35.238Z,33.9053,1,SYNTH
2026-03-09 14:11:36.823Z,33.9022,1,SYNTH
2026-03-09 14:11:37.149Z,33.9140,2,SYNTH
2026-03-09 14:11:38.053Z,33.9058,2,SYNTH
2026-03-09 14:11:39.075Z,33.8974,4,SYNTH
2026-03-09 14:11:40.670Z,33.9086,3,SYNTH
2026-03-09 14:11:41.134Z,33.8943,1,SYNTH
2026-03-09 14:11:42.872Z,33.9003,2,SYNTH
2026-03-09 14:11:43.111Z,33.9058,1,SYNTH
2026-03-09 14:11:44.423Z,33.8904,2,SYNTH
2026-03-09 14:11:45.156Z,33.8891,2,SYNTH
2026-03-09 14:11:46.297Z,33.9043,1,SYNTH
2026-03-09 14:11:47.805Z,33.9131,2,SYNTH
2026-03-09 14:11:48.751Z,33.9059,1,SYNTH
2026-03-09 14:11:49.570Z,33.8896,1,SYNTH
2026-03-09 14:11:50.504Z,33.9007,2,SYNTH
2026-03-09 14:11:51.677Z,33.9065,2,SYNTH
2026-03-09 14:11:52.690Z,33.9011,2,SYNTH
2026-03-09 14:11:53.876Z,33.8880,1,SYNTH
2026-03-09 14:11:54.063Z,33.9030,2,SYNTH
2026-03-09 14:11:55.309Z,33.9096,1,SYNTH
2026-03-09 14:11:56.096Z,33.9019,1,SYNTH
2026-03-09 14:11:57.527Z,33.9102,2,SYNTH
2026-03-09 14:11:58.219Z,33.8972,1,SYNTH
2026-03-09 14:11:59.098Z,33.8999,3,SYNTH
2026-03-09 14:12:00.707Z,33.9020,6,SYNTH
2026-03-09 14:12:01.485Z,33.9078,3,SYNTH
2026-03-09 14:12:02.068Z,33.8991,3,SYNTH
2026-03-09 14:12:03.523Z,33.8919,4,SYNTH
2026-03-09 14:12:04.428Z,33.8969,3,SYNTH
2026-03-09 14:12:05.312Z,33.8937,4,SYNTH
2026-03-09 14:12:06.828Z,33.9015,2,SYNTH
2026-03-09 14:12:07.767Z,33.8955,2,SYNTH
2026-03-09 14:12:08.564Z,33.8912,3,SYNTH
2026-03-09 14:12:09.445Z,33.9070,3,SYNTH
2026-03-09 14:12:10.577Z,33.9091,3,SYNTH
2026-03-09 14:12:11.467Z,33.9123,7,SYNTH
2026-03-09 14:12:12.828Z,33.9113,11,SYNTH
2026-03-09 14:12:13.334Z,33.8943,9,SYNTH
2026-03-09 14:12:14.012Z,33.8922,2,SYNTH
2026-03-09 14:12:15.037Z,33.9112,4,SYNTH
2026-03-09 14:12:16.719Z,33.8925,4,SYNTH
2026-03-09 14:12:17.834Z,33.8979,5,SYNTH
2026-03-09 14:12:18.748Z,33.9052,5,SYNTH
2026-03-09 14:12:19.531Z,33.9066,6,SYNTH
2026-03-09 14:12:20.816Z,33.8930,2,SYNTH
2026-03-09 14:12:21.891Z,33.9075,3,SYNTH
2026-03-09 14:12:22.179Z,33.9081,3,SYNTH
2026-03-09 14:12:23.871Z,33.9036,2,SYNTH
2026-03-09 14:12:24.513Z,33.8958,2,SYNTH
2026-03-09 14:12:25.387Z,33.9072,4,SYNTH
2026-03-09 14:12:26.120Z,33.8955,4,SYNTH
2026-03-09 14:12:27.244Z,33.9050,4,SYNTH
2026-03-09 14:12:28.174Z,33.8913,2,SYNTH
2026-03-09 14:12:29.300Z,33.9019,4,SYNTH
2026-03-09 14:12:30.478Z,33.8977,4,SYNTH
2026-03-09 14:12:31.297Z,33.8892,4,SYNTH
2026-03-09 14:12:32.185Z,33.9102,2,SYNTH
2026-03-09 14:12:33.706Z,33.9132,3,SYNTH
2026-03-09 14:12:34.122Z,33.9029,2,SYNTH
2026-03-09 14:12:35.517Z,33.9040,3,SYNTH
2026-03-09 14:12:36.596Z,33.8991,4,SYNTH
2026-03-09 14:12:37.820Z,33.9063,10,SYNTH
2026-03-09 14:12:38.518Z,33.8950,6,SYNTH
2026-03-09 14:12:39.265Z,33.9117,9,SYNTH
2026-03-09 14:12:40.305Z,33.8986,10,SYNTH
2026-03-09 14:12:41.151Z,33.8912,3,SYNTH
2026-03-09 14:12:42.841Z,33.9027,3,SYNTH
2026-03-09 14:12:43.503Z,33.9058,4,SYNTH
2026-03-09 14:12:44.168Z,33.8953,4,SYNTH
2026-03-09 14:12:45.360Z,33.9073,6,SYNTH
2026-03-09 14:12:46.524Z,33.8988,5,SYNTH
2026-03-09 14:12:47.040Z,33.9103,5,SYNTH
2026-03-09 14:12:48.202Z,33.8884,5,SYNTH
2026-03-09 14:12:49.272Z,33.8955,5,SYNTH
2026-03-09 14:12:50.898Z,33.8903,4,SYNTH
2026-03-09 14:12:51.354Z,33.9031,4,SYNTH
2026-03-09 14:12:52.273Z,33.8949,3,SYNTH
2026-03-09 14:12:53.152Z,33.9105,5,SYNTH
2026-03-09 14:12:54.010Z,33.9107,3,SYNTH
2026-03-09 14:12:55.242Z,33.8860,4,SYNTH
2026-03-09 14:12:56.051Z,33.9073,5,SYNTH
2026-03-09 14:12:57.103Z,33.8969,3,SYNTH
2026-03-09 14:12:58.763Z,33.8978,3,SYNTH
2026-03-09 14:12:59.160Z,33.8955,4,SYNTH
2026-03-09 14:14:00.148Z,33.7933,34,SYNTH
2026-03-09 14:14:01.358Z,33.8001,21,SYNTH
2026-03-09 14:14:02.324Z,33.7814,26,SYNTH
2026-03-09 14:14:03.007Z,33.8036,24,SYNTH
2026-03-09 14:14:04.347Z,33.7812,31,SYNTH
2026-03-09 14:14:05.456Z,33.7927,18,SYNTH
2026-03-09 14:14:06.505Z,33.7883,27,SYNTH
2026-03-09 14:14:07.825Z,33.7769,31,SYNTH
2026-03-09 14:14:08.069Z,33.7925,28,SYNTH
2026-03-09 14:14:09.324Z,33.7810,16,SYNTH
2026-03-09 14:14:10.440Z,33.7887,15,SYNTH
2026-03-09 14:14:11.258Z,33.7974,74,SYNTH
2026-03-09 14:14:12.074Z,33.7904,69,SYNTH
2026-03-09 14:14:13.298Z,33.7871,73,SYNTH
2026-03-09 14:14:14.545Z,33.7982,28,SYNTH
2026-03-09 14:14:15.550Z,33.7831,24,SYNTH
2026-03-09 14:14:16.385Z,33.8013,35,SYNTH
2026-03-09 14:14:17.626Z,33.7890,52,SYNTH
2026-03-09 14:14:18.769Z,33.7850,49,SYNTH
2026-03-09 14:14:19.692Z,33.8004,29,SYNTH
2026-03-09 14:14:20.079Z,33.7878,27,SYNTH
2026-03-09 14:14:21.692Z,33.7770,13,SYNTH
2026-03-09 14:14:22.238Z,33.7971,25,SYNTH
2026-03-09 14:14:23.064Z,33.8008,13,SYNTH
2026-03-09 14:14:24.750Z,33.7912,11,SYNTH
2026-03-09 14:14:25.527Z,33.7943,19,SYNTH
2026-03-09 14:14:26.289Z,33.8026,26,SYNTH
2026-03-09 14:14:27.390Z,33.7864,21,SYNTH
2026-03-09 14:14:28.433Z,33.7932,14,SYNTH
2026-03-09 14:14:29.733Z,33.7814,24,SYNTH
2026-03-09 14:14:30.606Z,33.7925,19,SYNTH
2026-03-09 14:14:31.255Z,33.7775,22,SYNTH
2026-03-09 14:14:32.759Z,33.7925,23,SYNTH
2026-03-09 14:14:33.885Z,33.7985,17,SYNTH
2026-03-09 14:14:34.838Z,33.7909,21,SYNTH
2026-03-09 14:14:35.107Z,33.7909,25,SYNTH
2026-03-09 14:14:36.396Z,33.7779,16,SYNTH
2026-03-09 14:14:37.113Z,33.7864,37,SYNTH
2026-03-09 14:14:38.356Z,33.7967,29,SYNTH
2026-03-09 14:14:39.120Z,33.7817,62,SYNTH
2026-03-09 14:14:40.352Z,33.7828,63,SYNTH
2026-03-09 14:14:41.698Z,33.7964,28,SYNTH
2026-03-09 14:14:42.280Z,33.7910,14,SYNTH
2026-03-09 14:14:43.132Z,33.7977,18,SYNTH
2026-03-09 14:14:44.885Z,33.8027,19,SYNTH
2026-03-09 14:14:45.541Z,33.7830,22,SYNTH
2026-03-09 14:14:46.324Z,33.7974,23,SYNTH
2026-03-09 14:14:47.009Z,33.7984,22,SYNTH
2026-03-09 14:14:48.475Z,33.7852,29,SYNTH
2026-03-09 14:14:49.299Z,33.7954,14,SYNTH
2026-03-09 14:14:50.431Z,33.7764,25,SYNTH
2026-03-09 14:14:51.816Z,33.7991,15,SYNTH
2026-03-09 14:14:52.678Z,33.7761,22,SYNTH
2026-03-09 14:14:53.515Z,33.7984,15,SYNTH
2026-03-09 14:14:54.870Z,33.7946,26,SYNTH
2026-03-09 14:14:55.613Z,33.8006,27,SYNTH
2026-03-09 14:14:56.107Z,33.7801,24,SYNTH
2026-03-09 14:14:57.517Z,33.7900,23,SYNTH
2026-03-09 14:14:58.586Z,33.7917,24,SYNTH
2026-03-09 14:14:59.306Z,33.7941,20,SYNTH
2026-03-09 14:18:00.878Z,33.8007,2,SYNTH
2026-03-09 14:18:01.719Z,33.7948,2,SYNTH
2026-03-09 14:18:02.647Z,33.8098,2,SYNTH
2026-03-09 14:18:03.523Z,33.7970,1,SYNTH
2026-03-09 14:18:04.767Z,33.8111,2,SYNTH
2026-03-09 14:18:05.176Z,33.7941,1,SYNTH
2026-03-09 14:18:06.650Z,33.7905,1,SYNTH
2026-03-09 14:18:07.082Z,33.7996,2,SYNTH
2026-03-09 14:18:08.317Z,33.8095,1,SYNTH
2026-03-09 14:18:09.089Z,33.7980,1,SYNTH
2026-03-09 14:18:10.852Z,33.7955,2,SYNTH
2026-03-09 14:18:11.040Z,33.8100,4,SYNTH
2026-03-09 14:18:12.636Z,33.7919,4,SYNTH
2026-03-09 14:18:13.372Z,33.7902,3,SYNTH
2026-03-09 14:18:14.578Z,33.7877,2,SYNTH
2026-03-09 14:18:15.592Z,33.8041,1,SYNTH
2026-03-09 14:18:16.845Z,33.8062,3,SYNTH
2026-03-09 14:18:17.602Z,33.7991,1,SYNTH
2026-03-09 14:18:18.614Z,33.8078,3,SYNTH
2026-03-09 14:18:19.509Z,33.8126,3,SYNTH
2026-03-09 14:18:20.578Z,33.7962,1,SYNTH
2026-03-09 14:18:21.217Z,33.8018,1,SYNTH
2026-03-09 14:18:22.826Z,33.7949,1,SYNTH
2026-03-09 14:18:23.546Z,33.7934,2,SYNTH
2026-03-09 14:18:24.099Z,33.8034,1,SYNTH
2026-03-09 14:18:25.375Z,33.7912,1,SYNTH
2026-03-09 14:18:26.391Z,33.8056,1,SYNTH
2026-03-09 14:18:27.454Z,33.8071,1,SYNTH
2026-03-09 14:18:28.703Z,33.7949,1,SYNTH
2026-03-09 14:18:29.871Z,33.8097,1,SYNTH
2026-03-09 14:18:30.593Z,33.8010,1,SYNTH
2026-03-09 14:18:31.538Z,33.7918,2,SYNTH
2026-03-09 14:18:32.145Z,33.7986,1,SYNTH
2026-03-09 14:18:33.385Z,33.8053,2,SYNTH
2026-03-09 14:18:34.554Z,33.7884,1,SYNTH
2026-03-09 14:18:35.774Z,33.8062,1,SYNTH
2026-03-09 14:18:36.847Z,33.8091,1,SYNTH
2026-03-09 14:18:37.816Z,33.7900,3,SYNTH
2026-03-09 14:18:38.038Z,33.8038,2,SYNTH
2026-03-09 14:18:39.284Z,33.7958,4,SYNTH
2026-03-09 14:18:40.301Z,33.7874,3,SYNTH
2026-03-09 14:18:41.093Z,33.7959,1,SYNTH
2026-03-09 14:18:42.637Z,33.8058,1,SYNTH
2026-03-09 14:18:43.236Z,33.7889,2,SYNTH
2026-03-09 14:18:44.811Z,33.7991,2,SYNTH
2026-03-09 14:18:45.731Z,33.8082,3,SYNTH
2026-03-09 14:18:46.065Z,33.7971,3,SYNTH
2026-03-09 14:18:47.215Z,33.8076,2,SYNTH
2026-03-09 14:18:48.641Z,33.7940,1,SYNTH
2026-03-09 14:18:49.249Z,33.8073,1,SYNTH
2026-03-09 14:18:50.456Z,33.7979,1,SYNTH
2026-03-09 14:18:51.012Z,33.8064,1,SYNTH
2026-03-09 14:18:52.023Z,33.8116,2,SYNTH
2026-03-09 14:18:53.216Z,33.7907,1,SYNTH
2026-03-09 14:18:54.126Z,33.7915,1,SYNTH
2026-03-09 14:18:55.820Z,33.7874,1,SYNTH
2026-03-09 14:18:56.286Z,33.7973,2,SYNTH
2026-03-09 14:18:57.824Z,33.8063,1,SYNTH
2026-03-09 14:18:58.183Z,33.7909,2,SYNTH
2026-03-09 14:18:59.883Z,33.8030,1,SYNTH
2026-03-09 14:19:00.280Z,33.8311,3,SYNTH
2026-03-09 14:19:01.770Z,33.8201,6,SYNTH
2026-03-09 14:19:02.614Z,33.8336,5,SYNTH
2026-03-09 14:19:03.899Z,33.8216,3,SYNTH
2026-03-09 14:19:04.442Z,33.8300,2,SYNTH
2026-03-09 14:19:05.653Z,33.8304,5,SYNTH
2026-03-09 14:19:06.709Z,33.8250,4,SYNTH
2026-03-09 14:19:07.883Z,33.8376,3,SYNTH
2026-03-09 14:19:08.787Z,33.8237,5,SYNTH
2026-03-09 14:19:09.846Z,33.8319,3,SYNTH
2026-03-09 14:19:10.759Z,33.8331,5,SYNTH
2026-03-09 14:19:11.071Z,33.8364,9,SYNTH
2026-03-09 14:19:12.535Z,33.8215,7,SYNTH
2026-03-09 14:19:13.279Z,33.8263,11,SYNTH
2026-03-09 14:19:14.004Z,33.8372,3,SYNTH
2026-03-09 14:19:15.865Z,33.8382,4,SYNTH
2026-03-09 14:19:16.771Z,33.8363,5,SYNTH
2026-03-09 14:19:17.249Z,33.8186,5,SYNTH
2026-03-09 14:19:18.029Z,33.8320,4,SYNTH
2026-03-09 14:19:19.525Z,33.8317,4,SYNTH
2026-03-09 14:19:20.160Z,33.8264,2,SYNTH
2026-03-09 14:19:21.438Z,33.8255,4,SYNTH
2026-03-09 14:19:22.661Z,33.8210,2,SYNTH
2026-03-09 14:19:23.698Z,33.8398,4,SYNTH
2026-03-09 14:19:24.820Z,33.8382,2,SYNTH
2026-03-09 14:19:25.472Z,33.8275,2,SYNTH
2026-03-09 14:19:26.071Z,33.8260,3,SYNTH
2026-03-09 14:19:27.614Z,33.8362,3,SYNTH
2026-03-09 14:19:28.142Z,33.8218,4,SYNTH
2026-03-09 14:19:29.616Z,33.8174,2,SYNTH
2026-03-09 14:19:30.584Z,33.8305,2,SYNTH
2026-03-09 14:19:31.069Z,33.8392,4,SYNTH
2026-03-09 14:19:32.286Z,33.8180,2,SYNTH
2026-03-09 14:19:33.075Z,33.8418,2,SYNTH
2026-03-09 14:19:34.589Z,33.8240,3,SYNTH
2026-03-09 14:19:35.167Z,33.8203,3,SYNTH
2026-03-09 14:19:36.338Z,33.8401,2,SYNTH
2026-03-09 14:19:37.586Z,33.8222,10,SYNTH
2026-03-09 14:19:38.439Z,33.8369,9,SYNTH
2026-03-09 14:19:39.094Z,33.8274,10,SYNTH
2026-03-09 14:19:40.286Z,33.8231,5,SYNTH
2026-03-09 14:19:41.309Z,33.8349,2,SYNTH
2026-03-09 14:19:42.391Z,33.8195,3,SYNTH
2026-03-09 14:19:43.374Z,33.8374,4,SYNTH
2026-03-09 14:19:44.294Z,33.8302,3,SYNTH
2026-03-09 14:19:45.841Z,33.8370,4,SYNTH
2026-03-09 14:19:46.595Z,33.8220,6,SYNTH
2026-03-09 14:19:47.533Z,33.8321,4,SYNTH
2026-03-09 14:19:48.817Z,33.8233,3,SYNTH
2026-03-09 14:19:49.765Z,33.8186,3,SYNTH
2026-03-09 14:19:50.348Z,33.8386,4,SYNTH
2026-03-09 14:19:51.890Z,33.8205,4,SYNTH
2026-03-09 14:19:52.002Z,33.8271,5,SYNTH
2026-03-09 14:19:53.386Z,33.8365,5,SYNTH
2026-03-09 14:19:54.488Z,33.8416,4,SYNTH
2026-03-09 14:19:55.519Z,33.8416,3,SYNTH
2026-03-09 14:19:56.037Z,33.8308,5,SYNTH
2026-03-09 14:19:57.821Z,33.8303,5,SYNTH
2026-03-09 14:19:58.457Z,33.8195,3,SYNTH
2026-03-09 14:19:59.882Z,33.8345,5,SYNTH
2026-03-09 14:20:00.246Z,33.8320,20,SYNTH
2026-03-09 14:20:01.148Z,33.8262,16,SYNTH
2026-03-09 14:20:02.564Z,33.8333,13,SYNTH
2026-03-09 14:20:03.234Z,33.8241,13,SYNTH
2026-03-09 14:20:04.536Z,33.8214,23,SYNTH
2026-03-09 14:20:05.824Z,33.8407,13,SYNTH
2026-03-09 14:20:06.128Z,33.8159,21,SYNTH
2026-03-09 14:20:07.753Z,33.8351,15,SYNTH
2026-03-09 14:20:08.098Z,33.8251,11,SYNTH
2026-03-09 14:20:09.139Z,33.8405,14,SYNTH
2026-03-09 14:20:10.831Z,33.8420,10,SYNTH
2026-03-09 14:20:11.643Z,33.8318,25,SYNTH
2026-03-09 14:20:12.243Z,33.8254,40,SYNTH
2026-03-09 14:20:13.023Z,33.8234,32,SYNTH
2026-03-09 14:20:14.552Z,33.8339,19,SYNTH
2026-03-09 14:20:15.200Z,33.8363,12,SYNTH
2026-03-09 14:20:16.814Z,33.8430,21,SYNTH
2026-03-09 14:20:17.881Z,33.8266,31,SYNTH
2026-03-09 14:20:18.184Z,33.8437,24,SYNTH
2026-03-09 14:20:19.877Z,33.8305,28,SYNTH
2026-03-09 14:20:20.152Z,33.8252,8,SYNTH
2026-03-09 14:20:21.228Z,33.8213,10,SYNTH
2026-03-09 14:20:22.209Z,33.8318,9,SYNTH
2026-03-09 14:20:23.172Z,33.8196,8,SYNTH
2026-03-09 14:20:24.740Z,33.8173,11,SYNTH
2026-03-09 14:20:25.213Z,33.8293,12,SYNTH
2026-03-09 14:20:26.093Z,33.8307,17,SYNTH
2026-03-09 14:20:27.611Z,33.8364,8,SYNTH
2026-03-09 14:20:28.062Z,33.8252,10,SYNTH
2026-03-09 14:20:29.218Z,33.8213,16,SYNTH
2026-03-09 14:20:30.812Z,33.8223,7,SYNTH
2026-03-09 14:20:31.068Z,33.8378,16,SYNTH
2026-03-09 14:20:32.003Z,33.8185,14,SYNTH
2026-03-09 14:20:33.263Z,33.8271,8,SYNTH
2026-03-09 14:20:34.675Z,33.8275,8,SYNTH
2026-03-09 14:20:35.450Z,33.8219,10,SYNTH
2026-03-09 14:20:36.067Z,33.8353,15,SYNTH
2026-03-09 14:20:37.441Z,33.8391,33,SYNTH
2026-03-09 14:20:38.583Z,33.8406,37,SYNTH
2026-03-09 14:20:39.054Z,33.8305,27,SYNTH
2026-03-09 14:20:40.005Z,33.8389,33,SYNTH
2026-03-09 14:20:41.011Z,33.8396,16,SYNTH
2026-03-09 14:20:42.669Z,33.8326,18,SYNTH
2026-03-09 14:20:43.652Z,33.8310,9,SYNTH
2026-03-09 14:20:44.199Z,33.8258,12,SYNTH
2026-03-09 14:20:45.083Z,33.8232,22,SYNTH
2026-03-09 14:20:46.425Z,33.8235,29,SYNTH
2026-03-09 14:20:47.755Z,33.8216,20,SYNTH
2026-03-09 14:20:48.499Z,33.8353,9,SYNTH
2026-03-09 14:20:49.684Z,33.8286,14,SYNTH
2026-03-09 14:20:50.110Z,33.8362,21,SYNTH
2026-03-09 14:20:51.026Z,33.8302,11,SYNTH
2026-03-09 14:20:52.505Z,33.8403,10,SYNTH
2026-03-09 14:20:53.760Z,33.8421,15,SYNTH
2026-03-09 14:20:54.548Z,33.8307,21,SYNTH
2026-03-09 14:20:55.854Z,33.8233,14,SYNTH
2026-03-09 14:20:56.410Z,33.8397,13,SYNTH
2026-03-09 14:20:57.800Z,33.8303,12,SYNTH
2026-03-09 14:20:58.168Z,33.8198,23,SYNTH
2026-03-09 14:20:59.143Z,33.8359,17,SYNTH
2026-03-09 14:25:00.603Z,33.9501,5,SYNTH
2026-03-09 14:25:01.830Z,33.9569,4,SYNTH
2026-03-09 14:25:02.701Z,33.9405,7,SYNTH
2026-03-09 14:25:03.101Z,33.9504,9,SYNTH
2026-03-09 14:25:04.227Z,33.9391,5,SYNTH
2026-03-09 14:25:05.274Z,33.9529,4,SYNTH
2026-03-09 14:25:06.814Z,33.9460,5,SYNTH
2026-03-09 14:25:07.363Z,33.9575,6,SYNTH
2026-03-09 14:25:08.240Z,33.9412,6,SYNTH
2026-03-09 14:25:09.169Z,33.9592,4,SYNTH
2026-03-09 14:25:10.102Z,33.9444,5,SYNTH
2026-03-09 14:25:11.743Z,33.9459,13,SYNTH
2026-03-09 14:25:12.500Z,33.9522,10,SYNTH
2026-03-09 14:25:13.428Z,33.9575,13,SYNTH
2026-03-09 14:25:14.658Z,33.9447,7,SYNTH
2026-03-09 14:25:15.269Z,33.9563,7,SYNTH
2026-03-09 14:25:16.788Z,33.9468,9,SYNTH
2026-03-09 14:25:17.072Z,33.9376,8,SYNTH
2026-03-09 14:25:18.398Z,33.9595,10,SYNTH
2026-03-09 14:25:19.239Z,33.9486,9,SYNTH
2026-03-09 14:25:20.147Z,33.9557,3,SYNTH
2026-03-09 14:25:21.824Z,33.9416,5,SYNTH
2026-03-09 14:25:22.268Z,33.9565,4,SYNTH
2026-03-09 14:25:23.163Z,33.9453,6,SYNTH
2026-03-09 14:25:24.022Z,33.9527,3,SYNTH
2026-03-09 14:25:25.861Z,33.9531,6,SYNTH
2026-03-09 14:25:26.769Z,33.9408,4,SYNTH
2026-03-09 14:25:27.109Z,33.9491,3,SYNTH
2026-03-09 14:25:28.346Z,33.9405,6,SYNTH
2026-03-09 14:25:29.183Z,33.9469,5,SYNTH
2026-03-09 14:25:30.500Z,33.9586,3,SYNTH
2026-03-09 14:25:31.870Z,33.9459,4,SYNTH
2026-03-09 14:25:32.687Z,33.9415,3,SYNTH
2026-03-09 14:25:33.440Z,33.9607,4,SYNTH
2026-03-09 14:25:34.556Z,33.9395,3,SYNTH
2026-03-09 14:25:35.297Z,33.9462,4,SYNTH
2026-03-09 14:25:36.019Z,33.9509,3,SYNTH
2026-03-09 14:25:37.833Z,33.9594,12,SYNTH
2026-03-09 14:25:38.368Z,33.9557,6,SYNTH
2026-03-09 14:25:39.781Z,33.9453,13,SYNTH
2026-03-09 14:25:40.653Z,33.9543,12,SYNTH
2026-03-09 14:25:41.771Z,33.9567,7,SYNTH
2026-03-09 14:25:42.029Z,33.9486,3,SYNTH
2026-03-09 14:25:43.734Z,33.9451,6,SYNTH
2026-03-09 14:25:44.298Z,33.9549,6,SYNTH
2026-03-09 14:25:45.724Z,33.9582,8,SYNTH
2026-03-09 14:25:46.568Z,33.9463,9,SYNTH
2026-03-09 14:25:47.801Z,33.9567,8,SYNTH
2026-03-09 14:25:48.882Z,33.9562,7,SYNTH
2026-03-09 14:25:49.777Z,33.9393,8,SYNTH
2026-03-09 14:25:50.373Z,33.9420,3,SYNTH
2026-03-09 14:25:51.448Z,33.9603,7,SYNTH
2026-03-09 14:25:52.107Z,33.9406,4,SYNTH
2026-03-09 14:25:53.893Z,33.9601,4,SYNTH
2026-03-09 14:25:54.422Z,33.9629,5,SYNTH
2026-03-09 14:25:55.326Z,33.9475,7,SYNTH
2026-03-09 14:25:56.444Z,33.9430,7,SYNTH
2026-03-09 14:25:57.283Z,33.9607,8,SYNTH
2026-03-09 14:25:58.219Z,33.9512,8,SYNTH
2026-03-09 14:25:59.894Z,33.9455,6,SYNTH
2026-03-09 14:27:00.547Z,33.9914,2,SYNTH
2026-03-09 14:27:01.115Z,34.0019,2,SYNTH
2026-03-09 14:27:02.678Z,33.9865,2,SYNTH
2026-03-09 14:27:03.157Z,33.9975,1,SYNTH
2026-03-09 14:27:04.876Z,33.9770,2,SYNTH
2026-03-09 14:27:05.435Z,33.9896,1,SYNTH
2026-03-09 14:27:06.729Z,34.0042,2,SYNTH
2026-03-09 14:27:07.847Z,33.9880,1,SYNTH
2026-03-09 14:27:08.301Z,33.9825,2,SYNTH
2026-03-09 14:27:09.327Z,33.9837,1,SYNTH
2026-03-09 14:27:10.594Z,33.9856,2,SYNTH
2026-03-09 14:27:11.507Z,33.9974,3,SYNTH
2026-03-09 14:27:12.862Z,33.9849,2,SYNTH
2026-03-09 14:27:13.190Z,33.9886,3,SYNTH
2026-03-09 14:27:14.249Z,33.9946,2,SYNTH
2026-03-09 14:27:15.224Z,34.0035,1,SYNTH
2026-03-09 14:27:16.826Z,33.9837,2,SYNTH
2026-03-09 14:27:17.592Z,33.9853,2,SYNTH
2026-03-09 14:27:18.782Z,33.9795,2,SYNTH
2026-03-09 14:27:19.572Z,33.9883,2,SYNTH
2026-03-09 14:27:20.570Z,33.9975,2,SYNTH
2026-03-09 14:27:21.467Z,34.0028,2,SYNTH
2026-03-09 14:27:22.420Z,33.9865,1,SYNTH
2026-03-09 14:27:23.494Z,33.9897,1,SYNTH
2026-03-09 14:27:24.530Z,33.9822,1,SYNTH
2026-03-09 14:27:25.095Z,34.0032,1,SYNTH
2026-03-09 14:27:26.378Z,33.9816,1,SYNTH
2026-03-09 14:27:27.844Z,33.9790,1,SYNTH
2026-03-09 14:27:28.602Z,34.0036,1,SYNTH
2026-03-09 14:27:29.178Z,33.9946,1,SYNTH
2026-03-09 14:27:30.859Z,33.9822,1,SYNTH
2026-03-09 14:27:31.272Z,34.0000,1,SYNTH
2026-03-09 14:27:32.324Z,34.0003,1,SYNTH
2026-03-09 14:27:33.297Z,33.9939,1,SYNTH
2026-03-09 14:27:34.856Z,33.9890,1,SYNTH
2026-03-09 14:27:35.008Z,33.9848,1,SYNTH
2026-03-09 14:27:36.500Z,33.9817,1,SYNTH
2026-03-09 14:27:37.493Z,33.9899,3,SYNTH
2026-03-09 14:27:38.445Z,33.9878,3,SYNTH
2026-03-09 14:27:39.445Z,33.9963,3,SYNTH
2026-03-09 14:27:40.103Z,33.9841,2,SYNTH
2026-03-09 14:27:41.726Z,33.9871,1,SYNTH
2026-03-09 14:27:42.318Z,33.9944,1,SYNTH
2026-03-09 14:27:43.753Z,33.9837,1,SYNTH
2026-03-09 14:27:44.221Z,33.9992,1,SYNTH
2026-03-09 14:27:45.554Z,33.9910,3,SYNTH
2026-03-09 14:27:46.833Z,33.9781,2,SYNTH
2026-03-09 14:27:47.213Z,33.9883,2,SYNTH
2026-03-09 14:27:48.423Z,33.9921,1,SYNTH
2026-03-09 14:27:49.418Z,33.9844,2,SYNTH
2026-03-09 14:27:50.552Z,33.9795,1,SYNTH
2026-03-09 14:27:51.044Z,33.9957,1,SYNTH
2026-03-09 14:27:52.115Z,33.9788,2,SYNTH
2026-03-09 14:27:53.637Z,33.9931,1,SYNTH
2026-03-09 14:27:54.742Z,33.9795,1,SYNTH
2026-03-09 14:27:55.781Z,33.9920,2,SYNTH
2026-03-09 14:27:56.834Z,33.9945,2,SYNTH
2026-03-09 14:27:57.513Z,33.9787,1,SYNTH
2026-03-09 14:27:58.794Z,33.9881,2,SYNTH
2026-03-09 14:27:59.634Z,33.9951,1,SYNTH
2026-03-09 14:31:00.634Z,34.0822,11,SYNTH
2026-03-09 14:31:01.623Z,34.0761,10,SYNTH
2026-03-09 14:31:02.086Z,34.0818,11,SYNTH
2026-03-09 14:31:03.525Z,34.0777,7,SYNTH
2026-03-09 14:31:04.692Z,34.0833,12,SYNTH
2026-03-09 14:31:05.149Z,34.0718,14,SYNTH
2026-03-09 14:31:06.162Z,34.0707,11,SYNTH
2026-03-09 14:31:07.322Z,34.0848,9,SYNTH
2026-03-09 14:31:08.389Z,34.0666,13,SYNTH
2026-03-09 14:31:09.799Z,34.0826,8,SYNTH
2026-03-09 14:31:10.580Z,34.0855,9,SYNTH
2026-03-09 14:31:11.898Z,34.0720,20,SYNTH
2026-03-09 14:31:12.167Z,34.0716,24,SYNTH
2026-03-09 14:31:13.734Z,34.0719,14,SYNTH
2026-03-09 14:31:14.137Z,34.0883,5,SYNTH
2026-03-09 14:31:15.140Z,34.0815,11,SYNTH
2026-03-09 14:31:16.331Z,34.0767,16,SYNTH
2026-03-09 14:31:17.071Z,34.0846,17,SYNTH
2026-03-09 14:31:18.537Z,34.0739,9,SYNTH
2026-03-09 14:31:19.111Z,34.0685,16,SYNTH
2026-03-09 14:31:20.246Z,34.0891,9,SYNTH
2026-03-09 14:31:21.789Z,34.0786,10,SYNTH
2026-03-09 14:31:22.379Z,34.0935,10,SYNTH
2026-03-09 14:31:23.046Z,34.0685,11,SYNTH
2026-03-09 14:31:24.451Z,34.0866,6,SYNTH
2026-03-09 14:31:25.690Z,34.0687,7,SYNTH
2026-03-09 14:31:26.047Z,34.0876,5,SYNTH
2026-03-09 14:31:27.132Z,34.0833,7,SYNTH
2026-03-09 14:31:28.152Z,34.0664,9,SYNTH
2026-03-09 14:31:29.422Z,34.0907,10,SYNTH
2026-03-09 14:31:30.620Z,34.0849,10,SYNTH
2026-03-09 14:31:31.707Z,34.0811,9,SYNTH
2026-03-09 14:31:32.530Z,34.0784,7,SYNTH
2026-03-09 14:31:33.788Z,34.0905,7,SYNTH
2026-03-09 14:31:34.691Z,34.0740,9,SYNTH
2026-03-09 14:31:35.458Z,34.0841,8,SYNTH
2026-03-09 14:31:36.019Z,34.0737,9,SYNTH
2026-03-09 14:31:37.138Z,34.0693,26,SYNTH
2026-03-09 14:31:38.439Z,34.0664,21,SYNTH
2026-03-09 14:31:39.431Z,34.0750,13,SYNTH
2026-03-09 14:31:40.417Z,34.0706,19,SYNTH
2026-03-09 14:31:41.245Z,34.0763,5,SYNTH
2026-03-09 14:31:42.862Z,34.0684,5,SYNTH
2026-03-09 14:31:43.593Z,34.0776,8,SYNTH
2026-03-09 14:31:44.789Z,34.0672,8,SYNTH
2026-03-09 14:31:45.224Z,34.0764,11,SYNTH
2026-03-09 14:31:46.756Z,34.0809,16,SYNTH
2026-03-09 14:31:47.764Z,34.0904,13,SYNTH
2026-03-09 14:31:48.275Z,34.0834,6,SYNTH
2026-03-09 14:31:49.580Z,34.0692,7,SYNTH
2026-03-09 14:31:50.781Z,34.0847,10,SYNTH
2026-03-09 14:31:51.193Z,34.0748,12,SYNTH
2026-03-09 14:31:52.240Z,34.0844,8,SYNTH
2026-03-09 14:31:53.615Z,34.0717,14,SYNTH
2026-03-09 14:31:54.151Z,34.0711,14,SYNTH
2026-03-09 14:31:55.605Z,34.0784,11,SYNTH
2026-03-09 14:31:56.378Z,34.0835,10,SYNTH
2026-03-09 14:31:57.076Z,34.0732,11,SYNTH
2026-03-09 14:31:58.018Z,34.0824,15,SYNTH
2026-03-09 14:31:59.665Z,34.0787,9,SYNTH
2026-03-09 14:45:00.570Z,34.2108,4,SYNTH
2026-03-09 14:45:01.147Z,34.2178,6,SYNTH
2026-03-09 14:45:02.733Z,34.2044,6,SYNTH
2026-03-09 14:45:03.377Z,34.2199,6,SYNTH
2026-03-09 14:45:04.650Z,34.2068,4,SYNTH
2026-03-09 14:45:05.035Z,34.1990,5,SYNTH
2026-03-09 14:45:06.644Z,34.2157,3,SYNTH
2026-03-09 14:45:07.218Z,34.2086,5,SYNTH
2026-03-09 14:45:08.573Z,34.2024,4,SYNTH
2026-03-09 14:45:09.204Z,34.2094,5,SYNTH
2026-03-09 14:45:10.658Z,34.2208,3,SYNTH
2026-03-09 14:45:11.389Z,34.2082,10,SYNTH
2026-03-09 14:45:12.707Z,34.2009,11,SYNTH
2026-03-09 14:45:13.783Z,34.2179,9,SYNTH
2026-03-09 14:45:14.764Z,34.2129,4,SYNTH
2026-03-09 14:45:15.568Z,34.1994,5,SYNTH
2026-03-09 14:45:16.099Z,34.2099,7,SYNTH
2026-03-09 14:45:17.583Z,34.2139,8,SYNTH
2026-03-09 14:45:18.382Z,34.2148,9,SYNTH
2026-03-09 14:45:19.758Z,34.2160,9,SYNTH
2026-03-09 14:45:20.561Z,34.1989,3,SYNTH
2026-03-09 14:45:21.832Z,34.2086,4,SYNTH
2026-03-09 14:45:22.456Z,34.2158,5,SYNTH
2026-03-09 14:45:23.147Z,34.2169,4,SYNTH
2026-03-09 14:45:24.105Z,34.2177,2,SYNTH
2026-03-09 14:45:25.398Z,34.2014,2,SYNTH
2026-03-09 14:45:26.728Z,34.2220,2,SYNTH
2026-03-09 14:45:27.814Z,34.2000,2,SYNTH
2026-03-09 14:45:28.036Z,34.2153,3,SYNTH
2026-03-09 14:45:29.331Z,34.2060,4,SYNTH
2026-03-09 14:45:30.529Z,34.1972,3,SYNTH
2026-03-09 14:45:31.080Z,34.2115,2,SYNTH
2026-03-09 14:45:32.027Z,34.2105,3,SYNTH
2026-03-09 14:45:33.616Z,34.2018,3,SYNTH
2026-03-09 14:45:34.627Z,34.2121,4,SYNTH
2026-03-09 14:45:35.034Z,34.2214,3,SYNTH
2026-03-09 14:45:36.095Z,34.2122,2,SYNTH
2026-03-09 14:45:37.506Z,34.2127,11,SYNTH
2026-03-09 14:45:38.168Z,34.2107,6,SYNTH
2026-03-09 14:45:39.724Z,34.2013,5,SYNTH
2026-03-09 14:45:40.861Z,34.2087,8,SYNTH
2026-03-09 14:45:41.468Z,34.1981,2,SYNTH
2026-03-09 14:45:42.400Z,34.2195,4,SYNTH
2026-03-09 14:45:43.370Z,34.2101,3,SYNTH
2026-03-09 14:45:44.381Z,34.2179,4,SYNTH
2026-03-09 14:45:45.650Z,34.2184,6,SYNTH
2026-03-09 14:45:46.766Z,34.2196,4,SYNTH
2026-03-09 14:45:47.073Z,34.2063,7,SYNTH
2026-03-09 14:45:48.506Z,34.1980,5,SYNTH
2026-03-09 14:45:49.664Z,34.2192,2,SYNTH
2026-03-09 14:45:50.759Z,34.2006,2,SYNTH
2026-03-09 14:45:51.797Z,34.1967,4,SYNTH
2026-03-09 14:45:52.175Z,34.2078,5,SYNTH
2026-03-09 14:45:53.537Z,34.2121,3,SYNTH
2026-03-09 14:45:54.239Z,34.1960,5,SYNTH
2026-03-09 14:45:55.798Z,34.2137,5,SYNTH
2026-03-09 14:45:56.007Z,34.2030,5,SYNTH
2026-03-09 14:45:57.303Z,34.2176,4,SYNTH
2026-03-09 14:45:58.759Z,34.2044,6,SYNTH
2026-03-09 14:45:59.372Z,34.2142,4,SYNTH
2026-03-09 14:55:00.298Z,34.2157,6,SYNTH
2026-03-09 14:55:01.267Z,34.2200,5,SYNTH
2026-03-09 14:55:02.605Z,34.2215,4,SYNTH
2026-03-09 14:55:03.042Z,34.2033,5,SYNTH
2026-03-09 14:55:04.244Z,34.2090,4,SYNTH
2026-03-09 14:55:05.358Z,34.2133,4,SYNTH
2026-03-09 14:55:06.457Z,34.2009,3,SYNTH
2026-03-09 14:55:07.774Z,34.2105,2,SYNTH
2026-03-09 14:55:08.224Z,34.2168,5,SYNTH
2026-03-09 14:55:09.235Z,34.2209,3,SYNTH
2026-03-09 14:55:10.519Z,34.2109,4,SYNTH
2026-03-09 14:55:11.807Z,34.2211,9,SYNTH
2026-03-09 14:55:12.729Z,34.1989,11,SYNTH
2026-03-09 14:55:13.366Z,34.2175,11,SYNTH
2026-03-09 14:55:14.347Z,34.2202,4,SYNTH
2026-03-09 14:55:15.809Z,34.2095,4,SYNTH
2026-03-09 14:55:16.412Z,34.2074,6,SYNTH
2026-03-09 14:55:17.049Z,34.2197,7,SYNTH
2026-03-09 14:55:18.593Z,34.2145,6,SYNTH
2026-03-09 14:55:19.268Z,34.2028,5,SYNTH
2026-03-09 14:55:20.218Z,34.2154,2,SYNTH
2026-03-09 14:55:21.741Z,34.2167,4,SYNTH
2026-03-09 14:55:22.653Z,34.2173,2,SYNTH
2026-03-09 14:55:23.209Z,34.2055,3,SYNTH
2026-03-09 14:55:24.055Z,34.2167,2,SYNTH
2026-03-09 14:55:25.707Z,34.1994,3,SYNTH
2026-03-09 14:55:26.249Z,34.2170,2,SYNTH
2026-03-09 14:55:27.824Z,34.2123,3,SYNTH
2026-03-09 14:55:28.436Z,34.2199,3,SYNTH
2026-03-09 14:55:29.336Z,34.1971,2,SYNTH
2026-03-09 14:55:30.670Z,34.2108,3,SYNTH
2026-03-09 14:55:31.696Z,34.2011,3,SYNTH
2026-03-09 14:55:32.711Z,34.2148,3,SYNTH
2026-03-09 14:55:33.474Z,34.1976,2,SYNTH
2026-03-09 14:55:34.543Z,34.2219,2,SYNTH
2026-03-09 14:55:35.805Z,34.2066,4,SYNTH
2026-03-09 14:55:36.680Z,34.2205,2,SYNTH
2026-03-09 14:55:37.315Z,34.2208,7,SYNTH
2026-03-09 14:55:38.601Z,34.1986,9,SYNTH
2026-03-09 14:55:39.176Z,34.2021,7,SYNTH
2026-03-09 14:55:40.281Z,34.2157,10,SYNTH
2026-03-09 14:55:41.446Z,34.2164,4,SYNTH
2026-03-09 14:55:42.869Z,34.1970,3,SYNTH
2026-03-09 14:55:43.893Z,34.1971,2,SYNTH
2026-03-09 14:55:44.662Z,34.2054,3,SYNTH
2026-03-09 14:55:45.151Z,34.2075,4,SYNTH
2026-03-09 14:55:46.559Z,34.1984,4,SYNTH
2026-03-09 14:55:47.161Z,34.2032,7,SYNTH
2026-03-09 14:55:48.599Z,34.2135,4,SYNTH
2026-03-09 14:55:49.337Z,34.2016,3,SYNTH
2026-03-09 14:55:50.611Z,34.2165,3,SYNTH
2026-03-09 14:55:51.825Z,34.1983,2,SYNTH
2026-03-09 14:55:52.397Z,34.2191,5,SYNTH
2026-03-09 14:55:53.231Z,34.2051,3,SYNTH
2026-03-09 14:55:54.147Z,34.2100,2,SYNTH
2026-03-09 14:55:55.619Z,34.2176,6,SYNTH
2026-03-09 14:55:56.579Z,34.2222,4,SYNTH
2026-03-09 14:55:57.173Z,34.2055,6,SYNTH
2026-03-09 14:55:58.231Z,34.2156,4,SYNTH
2026-03-09 14:55:59.523Z,34.2053,6,SYNTH
2026-03-09 15:05:00.107Z,34.2532,9,SYNTH
2026-03-09 15:05:01.250Z,34.2595,5,SYNTH
2026-03-09 15:05:02.863Z,34.2603,7,SYNTH
2026-03-09 15:05:03.225Z,34.2498,8,SYNTH
2026-03-09 15:05:04.151Z,34.2369,8,SYNTH
2026-03-09 15:05:05.127Z,34.2458,6,SYNTH
2026-03-09 15:05:06.656Z,34.2463,7,SYNTH
2026-03-09 15:05:07.015Z,34.2536,4,SYNTH
2026-03-09 15:05:08.541Z,34.2441,4,SYNTH
2026-03-09 15:05:09.406Z,34.2527,6,SYNTH
2026-03-09 15:05:10.862Z,34.2556,4,SYNTH
2026-03-09 15:05:11.709Z,34.2498,12,SYNTH
2026-03-09 15:05:12.120Z,34.2570,11,SYNTH
2026-03-09 15:05:13.008Z,34.2393,10,SYNTH
2026-03-09 15:05:14.106Z,34.2371,5,SYNTH
2026-03-09 15:05:15.389Z,34.2590,6,SYNTH
2026-03-09 15:05:16.372Z,34.2479,9,SYNTH
2026-03-09 15:05:17.312Z,34.2475,5,SYNTH
2026-03-09 15:05:18.766Z,34.2553,8,SYNTH
2026-03-09 15:05:19.566Z,34.2601,8,SYNTH
2026-03-09 15:05:20.868Z,34.2504,3,SYNTH
2026-03-09 15:05:21.811Z,34.2627,5,SYNTH
2026-03-09 15:05:22.670Z,34.2576,4,SYNTH
2026-03-09 15:05:23.384Z,34.2634,5,SYNTH
2026-03-09 15:05:24.074Z,34.2639,5,SYNTH
2026-03-09 15:05:25.276Z,34.2661,5,SYNTH
2026-03-09 15:05:26.157Z,34.2681,4,SYNTH
2026-03-09 15:05:27.555Z,34.2791,4,SYNTH
2026-03-09 15:05:28.337Z,34.2838,3,SYNTH
2026-03-09 15:05:29.022Z,34.2758,3,SYNTH
2026-03-09 15:05:30.010Z,34.2888,3,SYNTH
2026-03-09 15:05:31.034Z,34.2766,2,SYNTH
2026-03-09 15:05:32.267Z,34.2993,2,SYNTH
2026-03-09 15:05:33.093Z,34.2913,4,SYNTH
2026-03-09 15:05:34.720Z,34.3036,4,SYNTH
2026-03-09 15:05:35.708Z,34.2903,5,SYNTH
2026-03-09 15:05:36.805Z,34.3005,5,SYNTH
2026-03-09 15:05:37.076Z,34.2923,7,SYNTH
2026-03-09 15:05:38.353Z,34.2999,12,SYNTH
2026-03-09 15:05:39.898Z,34.3000,8,SYNTH
2026-03-09 15:05:40.142Z,34.2874,7,SYNTH
2026-03-09 15:05:41.899Z,34.3043,3,SYNTH
2026-03-09 15:05:42.259Z,34.2881,4,SYNTH
2026-03-09 15:05:43.054Z,34.2993,5,SYNTH
2026-03-09 15:05:44.074Z,34.3062,6,SYNTH
2026-03-09 15:05:45.162Z,34.2972,4,SYNTH
2026-03-09 15:05:46.110Z,34.2829,7,SYNTH
2026-03-09 15:05:47.551Z,34.2966,6,SYNTH
2026-03-09 15:05:48.686Z,34.2902,5,SYNTH
2026-03-09 15:05:49.018Z,34.2858,5,SYNTH
2026-03-09 15:05:50.351Z,34.2981,7,SYNTH
2026-03-09 15:05:51.705Z,34.3092,3,SYNTH
2026-03-09 15:05:52.347Z,34.2948,7,SYNTH
2026-03-09 15:05:53.708Z,34.2888,6,SYNTH
2026-03-09 15:05:54.808Z,34.3011,4,SYNTH
2026-03-09 15:05:55.090Z,34.3071,5,SYNTH
2026-03-09 15:05:56.023Z,34.2868,3,SYNTH
2026-03-09 15:05:57.056Z,34.3024,8,SYNTH
2026-03-09 15:05:58.686Z,34.2878,4,SYNTH
2026-03-09 15:05:59.363Z,34.3041,5,SYNTH
2026-03-09 15:06:00.251Z,34.2627,5,SYNTH
2026-03-09 15:06:01.381Z,34.2473,2,SYNTH
2026-03-09 15:06:02.299Z,34.2719,4,SYNTH
2026-03-09 15:06:03.734Z,34.2529,3,SYNTH
2026-03-09 15:06:04.729Z,34.2596,2,SYNTH
2026-03-09 15:06:05.364Z,34.2694,2,SYNTH
2026-03-09 15:06:06.522Z,34.2552,4,SYNTH
2026-03-09 15:06:07.198Z,34.2499,4,SYNTH
2026-03-09 15:06:08.003Z,34.2728,4,SYNTH
2026-03-09 15:06:09.518Z,34.2549,3,SYNTH
2026-03-09 15:06:10.517Z,34.2631,3,SYNTH
2026-03-09 15:06:11.078Z,34.2607,5,SYNTH
2026-03-09 15:06:12.702Z,34.2723,9,SYNTH
2026-03-09 15:06:13.866Z,34.2567,4,SYNTH
2026-03-09 15:06:14.327Z,34.2657,3,SYNTH
2026-03-09 15:06:15.474Z,34.2658,2,SYNTH
2026-03-09 15:06:16.129Z,34.2516,3,SYNTH
2026-03-09 15:06:17.736Z,34.2662,6,SYNTH
2026-03-09 15:06:18.027Z,34.2478,3,SYNTH
2026-03-09 15:06:19.259Z,34.2578,3,SYNTH
2026-03-09 15:06:20.323Z,34.2632,4,SYNTH
2026-03-09 15:06:21.362Z,34.2650,2,SYNTH
2026-03-09 15:06:22.629Z,34.2565,2,SYNTH
2026-03-09 15:06:23.650Z,34.2555,2,SYNTH
2026-03-09 15:06:24.030Z,34.2624,3,SYNTH
2026-03-09 15:06:25.649Z,34.2706,3,SYNTH
2026-03-09 15:06:26.805Z,34.2714,3,SYNTH
2026-03-09 15:06:27.420Z,34.2546,2,SYNTH
2026-03-09 15:06:28.206Z,34.2600,1,SYNTH
2026-03-09 15:06:29.639Z,34.2657,3,SYNTH
2026-03-09 15:06:30.796Z,34.2549,2,SYNTH
2026-03-09 15:06:31.157Z,34.2616,2,SYNTH
2026-03-09 15:06:32.235Z,34.2650,2,SYNTH
2026-03-09 15:06:33.228Z,34.2519,2,SYNTH
2026-03-09 15:06:34.089Z,34.2647,2,SYNTH
2026-03-09 15:06:35.577Z,34.2707,2,SYNTH
2026-03-09 15:06:36.698Z,34.2715,3,SYNTH
2026-03-09 15:06:37.605Z,34.2485,5,SYNTH
2026-03-09 15:06:38.066Z,34.2684,5,SYNTH
2026-03-09 15:06:39.012Z,34.2504,4,SYNTH
2026-03-09 15:06:40.713Z,34.2613,6,SYNTH
2026-03-09 15:06:41.517Z,34.2611,2,SYNTH
2026-03-09 15:06:42.323Z,34.2664,3,SYNTH
2026-03-09 15:06:43.419Z,34.2561,2,SYNTH
2026-03-09 15:06:44.204Z,34.2505,3,SYNTH
2026-03-09 15:06:45.453Z,34.2604,5,SYNTH
2026-03-09 15:06:46.114Z,34.2727,5,SYNTH
2026-03-09 15:06:47.219Z,34.2566,5,SYNTH
2026-03-09 15:06:48.801Z,34.2730,3,SYNTH
2026-03-09 15:06:49.690Z,34.2483,2,SYNTH
2026-03-09 15:06:50.241Z,34.2707,3,SYNTH
2026-03-09 15:06:51.640Z,34.2621,4,SYNTH
2026-03-09 15:06:52.541Z,34.2562,3,SYNTH
2026-03-09 15:06:53.842Z,34.2513,3,SYNTH
2026-03-09 15:06:54.774Z,34.2588,3,SYNTH
2026-03-09 15:06:55.033Z,34.2655,3,SYNTH
2026-03-09 15:06:56.522Z,34.2654,4,SYNTH
2026-03-09 15:06:57.323Z,34.2645,3,SYNTH
2026-03-09 15:06:58.570Z,34.2596,4,SYNTH
2026-03-09 15:06:59.112Z,34.2543,4,SYNTH
2026-03-09 15:07:00.337Z,34.4009,6,SYNTH
2026-03-09 15:07:01.226Z,34.3884,3,SYNTH
2026-03-09 15:07:02.837Z,34.4017,5,SYNTH
2026-03-09 15:07:03.866Z,34.4038,3,SYNTH
2026-03-09 15:07:04.897Z,34.4069,5,SYNTH
2026-03-09 15:07:05.064Z,34.3945,5,SYNTH
2026-03-09 15:07:06.066Z,34.4081,4,SYNTH
2026-03-09 15:07:07.321Z,34.3999,4,SYNTH
2026-03-09 15:07:08.204Z,34.4022,4,SYNTH
2026-03-09 15:07:09.651Z,34.3900,2,SYNTH
2026-03-09 15:07:10.571Z,34.4020,5,SYNTH
2026-03-09 15:07:11.450Z,34.3950,12,SYNTH
2026-03-09 15:07:12.318Z,34.3918,5,SYNTH
2026-03-09 15:07:13.200Z,34.4101,10,SYNTH
2026-03-09 15:07:14.556Z,34.3944,4,SYNTH
2026-03-09 15:07:15.213Z,34.3941,3,SYNTH
2026-03-09 15:07:16.515Z,34.4065,4,SYNTH
2026-03-09 15:07:17.732Z,34.4027,4,SYNTH
2026-03-09 15:07:18.572Z,34.4071,7,SYNTH
2026-03-09 15:07:19.598Z,34.4005,5,SYNTH
2026-03-09 15:07:20.837Z,34.3876,4,SYNTH
2026-03-09 15:07:21.276Z,34.4106,3,SYNTH
2026-03-09 15:07:22.389Z,34.4098,3,SYNTH
2026-03-09 15:07:23.059Z,34.3979,3,SYNTH
2026-03-09 15:07:24.825Z,34.4108,3,SYNTH
2026-03-09 15:07:25.707Z,34.3940,3,SYNTH
2026-03-09 15:07:26.724Z,34.4022,3,SYNTH
2026-03-09 15:07:27.738Z,34.4053,2,SYNTH
2026-03-09 15:07:28.320Z,34.4081,2,SYNTH
2026-03-09 15:07:29.491Z,34.3952,4,SYNTH
2026-03-09 15:07:30.780Z,34.3959,2,SYNTH
2026-03-09 15:07:31.816Z,34.4061,3,SYNTH
2026-03-09 15:07:32.022Z,34.3865,2,SYNTH
2026-03-09 15:07:33.168Z,34.4087,2,SYNTH
2026-03-09 15:07:34.666Z,34.3969,2,SYNTH
2026-03-09 15:07:35.273Z,34.3906,3,SYNTH
2026-03-09 15:07:36.531Z,34.4023,3,SYNTH
2026-03-09 15:07:37.760Z,34.4121,7,SYNTH
2026-03-09 15:07:38.236Z,34.4011,9,SYNTH
2026-03-09 15:07:39.311Z,34.4099,9,SYNTH
2026-03-09 15:07:40.046Z,34.4043,9,SYNTH
2026-03-09 15:07:41.724Z,34.3975,4,SYNTH
2026-03-09 15:07:42.839Z,34.4070,2,SYNTH
2026-03-09 15:07:43.282Z,34.3974,3,SYNTH
2026-03-09 15:07:44.818Z,34.4052,2,SYNTH
2026-03-09 15:07:45.636Z,34.3946,6,SYNTH
2026-03-09 15:07:46.191Z,34.3996,5,SYNTH
2026-03-09 15:07:47.054Z,34.4029,5,SYNTH
2026-03-09 15:07:48.501Z,34.4039,3,SYNTH
2026-03-09 15:07:49.235Z,34.3888,2,SYNTH
2026-03-09 15:07:50.836Z,34.4094,3,SYNTH
2026-03-09 15:07:51.347Z,34.3968,5,SYNTH
2026-03-09 15:07:52.149Z,34.3939,4,SYNTH
2026-03-09 15:07:53.875Z,34.4123,2,SYNTH
2026-03-09 15:07:54.493Z,34.4017,4,SYNTH
2026-03-09 15:07:55.512Z,34.3947,3,SYNTH
2026-03-09 15:07:56.754Z,34.3932,4,SYNTH
2026-03-09 15:07:57.852Z,34.4081,2,SYNTH
2026-03-09 15:07:58.193Z,34.4014,5,SYNTH
2026-03-09 15:07:59.374Z,34.3942,3,SYNTH
2026-03-09 15:26:00.455Z,34.2330,38,SYNTH
2026-03-09 15:26:01.203Z,34.2202,38,SYNTH
2026-03-09 15:26:02.119Z,34.2433,63,SYNTH
2026-03-09 15:26:03.220Z,34.2365,52,SYNTH
2026-03-09 15:26:04.836Z,34.2248,58,SYNTH
2026-03-09 15:26:05.085Z,34.2339,58,SYNTH
2026-03-09 15:26:06.294Z,34.2281,49,SYNTH
2026-03-09 15:26:07.363Z,34.2383,51,SYNTH
2026-03-09 15:26:08.260Z,34.2312,46,SYNTH
2026-03-09 15:26:09.730Z,34.2237,47,SYNTH
2026-03-09 15:26:10.874Z,34.2357,26,SYNTH
2026-03-09 15:26:11.033Z,34.2342,126,SYNTH
2026-03-09 15:26:12.076Z,34.2235,127,SYNTH
2026-03-09 15:26:13.289Z,34.2387,70,SYNTH
2026-03-09 15:26:14.150Z,34.2391,21,SYNTH
2026-03-09 15:26:15.468Z,34.2414,38,SYNTH
2026-03-09 15:26:16.658Z,34.2288,47,SYNTH
2026-03-09 15:26:17.586Z,34.2271,67,SYNTH
2026-03-09 15:26:18.265Z,34.2367,39,SYNTH
2026-03-09 15:26:19.260Z,34.2219,47,SYNTH
2026-03-09 15:26:20.448Z,34.2242,23,SYNTH
2026-03-09 15:26:21.671Z,34.2317,26,SYNTH
2026-03-09 15:26:22.510Z,34.2391,36,SYNTH
2026-03-09 15:26:23.537Z,34.2270,24,SYNTH
2026-03-09 15:26:24.424Z,34.2422,42,SYNTH
2026-03-09 15:26:25.664Z,34.2561,24,SYNTH
2026-03-09 15:26:26.242Z,34.2433,28,SYNTH
2026-03-09 15:26:27.871Z,34.2557,38,SYNTH
2026-03-09 15:26:28.504Z,34.2726,42,SYNTH
2026-03-09 15:26:29.121Z,34.2765,20,SYNTH
2026-03-09 15:26:30.698Z,34.2685,24,SYNTH
2026-03-09 15:26:31.794Z,34.2760,41,SYNTH
2026-03-09 15:26:32.084Z,34.2884,20,SYNTH
2026-03-09 15:26:33.441Z,34.2759,19,SYNTH
2026-03-09 15:26:34.114Z,34.2739,25,SYNTH
2026-03-09 15:26:35.146Z,34.2793,41,SYNTH
2026-03-09 15:26:36.346Z,34.2961,31,SYNTH
2026-03-09 15:26:37.432Z,34.2881,67,SYNTH
2026-03-09 15:26:38.288Z,34.2880,102,SYNTH
2026-03-09 15:26:39.133Z,34.2930,112,SYNTH
2026-03-09 15:26:40.795Z,34.2800,68,SYNTH
2026-03-09 15:26:41.882Z,34.2895,44,SYNTH
2026-03-09 15:26:42.563Z,34.2745,28,SYNTH
2026-03-09 15:26:43.385Z,34.2884,43,SYNTH
2026-03-09 15:26:44.526Z,34.2886,35,SYNTH
2026-03-09 15:26:45.439Z,34.2665,35,SYNTH
2026-03-09 15:26:46.177Z,34.2825,45,SYNTH
2026-03-09 15:26:47.763Z,34.2652,75,SYNTH
2026-03-09 15:26:48.317Z,34.2786,21,SYNTH
2026-03-09 15:26:49.457Z,34.2682,46,SYNTH
2026-03-09 15:26:50.164Z,34.2573,46,SYNTH
2026-03-09 15:26:51.604Z,34.2520,28,SYNTH
2026-03-09 15:26:52.361Z,34.2482,50,SYNTH
2026-03-09 15:26:53.590Z,34.2426,34,SYNTH
2026-03-09 15:26:54.231Z,34.2443,35,SYNTH
2026-03-09 15:26:55.235Z,34.2540,60,SYNTH
2026-03-09 15:26:56.335Z,34.2375,47,SYNTH
2026-03-09 15:26:57.899Z,34.2372,53,SYNTH
2026-03-09 15:26:58.635Z,34.2270,56,SYNTH
2026-03-09 15:26:59.214Z,34.2296,54,SYNTH
2026-03-09 15:31:00.469Z,34.2920,4,SYNTH
2026-03-09 15:31:01.014Z,34.2989,4,SYNTH
2026-03-09 15:31:02.385Z,34.2947,2,SYNTH
2026-03-09 15:31:03.463Z,34.2834,4,SYNTH
2026-03-09 15:31:04.729Z,34.2947,2,SYNTH
2026-03-09 15:31:05.645Z,34.2971,3,SYNTH
2026-03-09 15:31:06.397Z,34.2963,3,SYNTH
2026-03-09 15:31:07.626Z,34.2884,3,SYNTH
2026-03-09 15:31:08.847Z,34.2834,3,SYNTH
2026-03-09 15:31:09.352Z,34.2911,3,SYNTH
2026-03-09 15:31:10.314Z,34.2944,3,SYNTH
2026-03-09 15:31:11.052Z,34.2836,5,SYNTH
2026-03-09 15:31:12.175Z,34.2968,8,SYNTH
2026-03-09 15:31:13.617Z,34.2936,7,SYNTH
2026-03-09 15:31:14.690Z,34.3040,1,SYNTH
2026-03-09 15:31:15.373Z,34.2881,3,SYNTH
2026-03-09 15:31:16.785Z,34.2871,3,SYNTH
2026-03-09 15:31:17.169Z,34.2843,2,SYNTH
2026-03-09 15:31:18.276Z,34.2848,5,SYNTH
2026-03-09 15:31:19.835Z,34.3003,5,SYNTH
2026-03-09 15:31:20.490Z,34.2866,2,SYNTH
2026-03-09 15:31:21.328Z,34.2923,2,SYNTH
2026-03-09 15:31:22.489Z,34.2836,2,SYNTH
2026-03-09 15:31:23.804Z,34.2900,2,SYNTH
2026-03-09 15:31:24.037Z,34.2845,1,SYNTH
2026-03-09 15:31:25.146Z,34.2924,2,SYNTH
2026-03-09 15:31:26.478Z,34.3028,2,SYNTH
2026-03-09 15:31:27.281Z,34.2906,2,SYNTH
2026-03-09 15:31:28.805Z,34.2870,3,SYNTH
2026-03-09 15:31:29.522Z,34.2864,2,SYNTH
2026-03-09 15:31:30.595Z,34.2875,2,SYNTH
2026-03-09 15:31:31.566Z,34.2962,2,SYNTH
2026-03-09 15:31:32.019Z,34.2920,2,SYNTH
2026-03-09 15:31:33.868Z,34.2988,2,SYNTH
2026-03-09 15:31:34.090Z,34.3023,3,SYNTH
2026-03-09 15:31:35.409Z,34.2798,3,SYNTH
2026-03-09 15:31:36.522Z,34.2791,2,SYNTH
2026-03-09 15:31:37.426Z,34.2849,5,SYNTH
2026-03-09 15:31:38.108Z,34.2902,3,SYNTH
2026-03-09 15:31:39.025Z,34.2958,6,SYNTH
2026-03-09 15:31:40.047Z,34.2971,7,SYNTH
2026-03-09 15:31:41.767Z,34.2879,2,SYNTH
2026-03-09 15:31:42.706Z,34.2854,3,SYNTH
2026-03-09 15:31:43.461Z,34.2807,2,SYNTH
2026-03-09 15:31:44.687Z,34.2907,3,SYNTH
2026-03-09 15:31:45.817Z,34.2942,2,SYNTH
2026-03-09 15:31:46.285Z,34.2837,4,SYNTH
2026-03-09 15:31:47.780Z,34.2861,4,SYNTH
2026-03-09 15:31:48.888Z,34.2824,2,SYNTH
2026-03-09 15:31:49.591Z,34.2817,2,SYNTH
2026-03-09 15:31:50.715Z,34.2942,1,SYNTH
2026-03-09 15:31:51.740Z,34.2981,3,SYNTH
2026-03-09 15:31:52.887Z,34.2855,3,SYNTH
2026-03-09 15:31:53.192Z,34.2874,2,SYNTH
2026-03-09 15:31:54.759Z,34.2773,3,SYNTH
2026-03-09 15:31:55.423Z,34.2889,2,SYNTH
2026-03-09 15:31:56.873Z,34.2991,3,SYNTH
2026-03-09 15:31:57.498Z,34.2869,4,SYNTH
2026-03-09 15:31:58.709Z,34.2999,4,SYNTH
2026-03-09 15:31:59.074Z,34.2851,3,SYNTH
2026-03-09 15:33:00.788Z,34.2228,10,SYNTH
2026-03-09 15:33:01.803Z,34.2185,5,SYNTH
2026-03-09 15:33:02.128Z,34.2290,9,SYNTH
2026-03-09 15:33:03.479Z,34.2313,11,SYNTH
2026-03-09 15:33:04.270Z,34.2114,10,SYNTH
2026-03-09 15:33:05.314Z,34.2159,7,SYNTH
2026-03-09 15:33:06.308Z,34.2214,9,SYNTH
2026-03-09 15:33:07.230Z,34.2218,4,SYNTH
2026-03-09 15:33:08.189Z,34.2269,9,SYNTH
2026-03-09 15:33:09.711Z,34.2138,8,SYNTH
2026-03-09 15:33:10.641Z,34.2247,7,SYNTH
2026-03-09 15:33:11.137Z,34.2131,19,SYNTH
2026-03-09 15:33:12.494Z,34.2238,10,SYNTH
2026-03-09 15:33:13.343Z,34.2279,20,SYNTH
2026-03-09 15:33:14.307Z,34.2204,6,SYNTH
2026-03-09 15:33:15.272Z,34.2235,3,SYNTH
2026-03-09 15:33:16.143Z,34.2298,8,SYNTH
2026-03-09 15:33:17.047Z,34.2190,10,SYNTH
2026-03-09 15:33:18.385Z,34.2152,8,SYNTH
2026-03-09 15:33:19.168Z,34.2144,14,SYNTH
2026-03-09 15:33:20.779Z,34.2242,3,SYNTH
2026-03-09 15:33:21.371Z,34.2269,5,SYNTH
2026-03-09 15:33:22.306Z,34.2118,6,SYNTH
2026-03-09 15:33:23.774Z,34.2175,6,SYNTH
2026-03-09 15:33:24.705Z,34.2255,7,SYNTH
2026-03-09 15:33:25.580Z,34.2193,4,SYNTH
2026-03-09 15:33:26.418Z,34.2120,5,SYNTH
2026-03-09 15:33:27.759Z,34.2122,3,SYNTH
2026-03-09 15:33:28.629Z,34.2244,6,SYNTH
2026-03-09 15:33:29.254Z,34.2249,4,SYNTH
2026-03-09 15:33:30.630Z,34.2130,4,SYNTH
2026-03-09 15:33:31.406Z,34.2140,6,SYNTH
2026-03-09 15:33:32.571Z,34.2259,7,SYNTH
2026-03-09 15:33:33.174Z,34.2153,3,SYNTH
2026-03-09 15:33:34.805Z,34.2298,7,SYNTH
2026-03-09 15:33:35.087Z,34.2247,6,SYNTH
2026-03-09 15:33:36.255Z,34.2127,7,SYNTH
2026-03-09 15:33:37.723Z,34.2106,15,SYNTH
2026-03-09 15:33:38.781Z,34.2259,15,SYNTH
2026-03-09 15:33:39.214Z,34.2230,14,SYNTH
2026-03-09 15:33:40.023Z,34.2288,8,SYNTH
2026-03-09 15:33:41.144Z,34.2176,6,SYNTH
2026-03-09 15:33:42.136Z,34.2258,8,SYNTH
2026-03-09 15:33:43.700Z,34.2204,6,SYNTH
2026-03-09 15:33:44.382Z,34.2300,6,SYNTH
2026-03-09 15:33:45.242Z,34.2221,5,SYNTH
2026-03-09 15:33:46.203Z,34.2205,13,SYNTH
2026-03-09 15:33:47.363Z,34.2296,12,SYNTH
2026-03-09 15:33:48.718Z,34.2173,4,SYNTH
2026-03-09 15:33:49.711Z,34.2084,8,SYNTH
2026-03-09 15:33:50.530Z,34.2276,6,SYNTH
2026-03-09 15:33:51.246Z,34.2065,4,SYNTH
2026-03-09 15:33:52.181Z,34.2241,6,SYNTH
2026-03-09 15:33:53.091Z,34.2167,5,SYNTH
2026-03-09 15:33:54.454Z,34.2263,6,SYNTH
2026-03-09 15:33:55.260Z,34.2178,6,SYNTH
2026-03-09 15:33:56.729Z,34.2184,7,SYNTH
2026-03-09 15:33:57.335Z,34.2238,5,SYNTH
2026-03-09 15:33:58.605Z,34.2097,5,SYNTH
2026-03-09 15:33:59.669Z,34.2234,10,SYNTH
2026-03-09 15:35:00.777Z,34.1723,13,SYNTH
2026-03-09 15:35:01.229Z,34.1577,11,SYNTH
2026-03-09 15:35:02.227Z,34.1750,8,SYNTH
2026-03-09 15:35:03.388Z,34.1800,6,SYNTH
2026-03-09 15:35:04.417Z,34.1606,12,SYNTH
2026-03-09 15:35:05.755Z,34.1814,11,SYNTH
2026-03-09 15:35:06.568Z,34.1795,9,SYNTH
2026-03-09 15:35:07.396Z,34.1666,11,SYNTH
2026-03-09 15:35:08.778Z,34.1711,6,SYNTH
2026-03-09 15:35:09.733Z,34.1700,8,SYNTH
2026-03-09 15:35:10.131Z,34.1637,4,SYNTH
2026-03-09 15:35:11.768Z,34.1690,14,SYNTH
2026-03-09 15:35:12.525Z,34.1706,21,SYNTH
2026-03-09 15:35:13.896Z,34.1684,14,SYNTH
2026-03-09 15:35:14.063Z,34.1659,8,SYNTH
2026-03-09 15:35:15.620Z,34.1592,5,SYNTH
2026-03-09 15:35:16.500Z,34.1712,13,SYNTH
2026-03-09 15:35:17.596Z,34.1782,9,SYNTH
2026-03-09 15:35:18.121Z,34.1626,9,SYNTH
2026-03-09 15:35:19.197Z,34.1807,14,SYNTH
2026-03-09 15:35:20.466Z,34.1704,6,SYNTH
2026-03-09 15:35:21.135Z,34.1805,8,SYNTH
2026-03-09 15:35:22.535Z,34.1748,8,SYNTH
2026-03-09 15:35:23.788Z,34.1743,7,SYNTH
2026-03-09 15:35:24.859Z,34.1893,8,SYNTH
2026-03-09 15:35:25.751Z,34.1804,7,SYNTH
2026-03-09 15:35:26.477Z,34.1997,3,SYNTH
2026-03-09 15:35:27.323Z,34.1852,7,SYNTH
2026-03-09 15:35:28.024Z,34.2076,5,SYNTH
2026-03-09 15:35:29.394Z,34.1919,5,SYNTH
2026-03-09 15:35:30.268Z,34.2066,4,SYNTH
2026-03-09 15:35:31.001Z,34.1970,7,SYNTH
2026-03-09 15:35:32.445Z,34.2150,8,SYNTH
2026-03-09 15:35:33.654Z,34.2070,5,SYNTH
2026-03-09 15:35:34.271Z,34.2081,4,SYNTH
2026-03-09 15:35:35.614Z,34.2234,6,SYNTH
2026-03-09 15:35:36.740Z,34.2078,8,SYNTH
2026-03-09 15:35:37.193Z,34.2177,12,SYNTH
2026-03-09 15:35:38.116Z,34.2144,12,SYNTH
2026-03-09 15:35:39.646Z,34.2288,11,SYNTH
2026-03-09 15:35:40.019Z,34.2088,13,SYNTH
2026-03-09 15:35:41.231Z,34.2203,9,SYNTH
2026-03-09 15:35:42.844Z,34.2096,8,SYNTH
2026-03-09 15:35:43.815Z,34.2075,9,SYNTH
2026-03-09 15:35:44.575Z,34.2044,5,SYNTH
2026-03-09 15:35:45.412Z,34.2227,7,SYNTH
2026-03-09 15:35:46.131Z,34.2248,8,SYNTH
2026-03-09 15:35:47.660Z,34.2025,6,SYNTH
2026-03-09 15:35:48.837Z,34.2199,5,SYNTH
2026-03-09 15:35:49.797Z,34.2063,10,SYNTH
2026-03-09 15:35:50.642Z,34.2157,6,SYNTH
2026-03-09 15:35:51.462Z,34.2275,7,SYNTH
2026-03-09 15:35:52.139Z,34.2123,5,SYNTH
2026-03-09 15:35:53.670Z,34.2282,7,SYNTH
2026-03-09 15:35:54.880Z,34.2067,8,SYNTH
2026-03-09 15:35:55.288Z,34.2272,6,SYNTH
2026-03-09 15:35:56.698Z,34.2177,11,SYNTH
2026-03-09 15:35:57.765Z,34.2164,10,SYNTH
2026-03-09 15:35:58.816Z,34.2078,6,SYNTH
2026-03-09 15:35:59.894Z,34.2211,8,SYNTH
2026-03-09 15:38:00.432Z,34.2049,14,SYNTH
2026-03-09 15:38:01.208Z,34.2103,6,SYNTH
2026-03-09 15:38:02.250Z,34.1924,8,SYNTH
2026-03-09 15:38:03.666Z,34.2066,11,SYNTH
2026-03-09 15:38:04.242Z,34.1924,10,SYNTH
2026-03-09 15:38:05.786Z,34.2065,6,SYNTH
2026-03-09 15:38:06.408Z,34.1992,13,SYNTH
2026-03-09 15:38:07.887Z,34.1904,7,SYNTH
2026-03-09 15:38:08.043Z,34.2004,7,SYNTH
2026-03-09 15:38:09.743Z,34.1903,11,SYNTH
2026-03-09 15:38:10.351Z,34.2031,10,SYNTH
2026-03-09 15:38:11.150Z,34.1959,27,SYNTH
2026-03-09 15:38:12.024Z,34.1877,19,SYNTH
2026-03-09 15:38:13.389Z,34.2035,22,SYNTH
2026-03-09 15:38:14.154Z,34.2123,10,SYNTH
2026-03-09 15:38:15.446Z,34.1906,10,SYNTH
2026-03-09 15:38:16.628Z,34.2092,15,SYNTH
2026-03-09 15:38:17.075Z,34.2117,8,SYNTH
2026-03-09 15:38:18.812Z,34.1927,17,SYNTH
2026-03-09 15:38:19.540Z,34.1899,11,SYNTH
2026-03-09 15:38:20.458Z,34.2088,4,SYNTH
2026-03-09 15:38:21.097Z,34.1876,6,SYNTH
2026-03-09 15:38:22.189Z,34.2042,7,SYNTH
2026-03-09 15:38:23.454Z,34.1899,7,SYNTH
2026-03-09 15:38:24.356Z,34.1906,6,SYNTH
2026-03-09 15:38:25.217Z,34.2005,8,SYNTH
2026-03-09 15:38:26.478Z,34.2123,7,SYNTH
2026-03-09 15:38:27.213Z,34.1977,4,SYNTH
2026-03-09 15:38:28.500Z,34.2088,7,SYNTH
2026-03-09 15:38:29.017Z,34.2048,9,SYNTH
2026-03-09 15:38:30.525Z,34.1991,4,SYNTH
2026-03-09 15:38:31.140Z,34.1970,6,SYNTH
2026-03-09 15:38:32.491Z,34.1947,6,SYNTH
2026-03-09 15:38:33.851Z,34.2050,8,SYNTH
2026-03-09 15:38:34.836Z,34.1936,8,SYNTH
2026-03-09 15:38:35.593Z,34.1918,4,SYNTH
2026-03-09 15:38:36.040Z,34.2029,7,SYNTH
2026-03-09 15:38:37.482Z,34.2108,22,SYNTH
2026-03-09 15:38:38.724Z,34.1957,11,SYNTH
2026-03-09 15:38:39.372Z,34.2055,14,SYNTH
2026-03-09 15:38:40.152Z,34.1931,23,SYNTH
2026-03-09 15:38:41.778Z,34.2100,6,SYNTH
2026-03-09 15:38:42.815Z,34.1969,6,SYNTH
2026-03-09 15:38:43.889Z,34.2084,6,SYNTH
2026-03-09 15:38:44.484Z,34.1923,9,SYNTH
2026-03-09 15:38:45.185Z,34.2059,13,SYNTH
2026-03-09 15:38:46.090Z,34.1964,12,SYNTH
2026-03-09 15:38:47.362Z,34.2044,9,SYNTH
2026-03-09 15:38:48.506Z,34.1910,7,SYNTH
2026-03-09 15:38:49.692Z,34.1978,8,SYNTH
2026-03-09 15:38:50.393Z,34.2053,10,SYNTH
2026-03-09 15:38:51.425Z,34.2117,6,SYNTH
2026-03-09 15:38:52.858Z,34.2040,7,SYNTH
2026-03-09 15:38:53.895Z,34.1910,7,SYNTH
2026-03-09 15:38:54.568Z,34.1989,12,SYNTH
2026-03-09 15:38:55.788Z,34.1994,10,SYNTH
2026-03-09 15:38:56.605Z,34.1933,11,SYNTH
2026-03-09 15:38:57.423Z,34.1924,12,SYNTH
2026-03-09 15:38:58.422Z,34.2050,9,SYNTH
2026-03-09 15:38:59.283Z,34.1991,14,SYNTH
2026-03-09 15:39:00.849Z,34.1551,10,SYNTH
2026-03-09 15:39:01.750Z,34.1449,10,SYNTH
2026-03-09 15:39:02.441Z,34.1546,6,SYNTH
2026-03-09 15:39:03.023Z,34.1457,7,SYNTH
2026-03-09 15:39:04.499Z,34.1612,8,SYNTH
2026-03-09 15:39:05.655Z,34.1464,9,SYNTH
2026-03-09 15:39:06.288Z,34.1575,6,SYNTH
2026-03-09 15:39:07.829Z,34.1369,11,SYNTH
2026-03-09 15:39:08.381Z,34.1587,8,SYNTH
2026-03-09 15:39:09.516Z,34.1441,9,SYNTH
2026-03-09 15:39:10.246Z,34.1606,10,SYNTH
2026-03-09 15:39:11.135Z,34.1462,18,SYNTH
2026-03-09 15:39:12.664Z,34.1419,20,SYNTH
2026-03-09 15:39:13.141Z,34.1623,23,SYNTH
2026-03-09 15:39:14.878Z,34.1396,5,SYNTH
2026-03-09 15:39:15.684Z,34.1420,8,SYNTH
2026-03-09 15:39:16.642Z,34.1587,9,SYNTH
2026-03-09 15:39:17.264Z,34.1405,14,SYNTH
2026-03-09 15:39:18.248Z,34.1462,8,SYNTH
2026-03-09 15:39:19.606Z,34.1541,14,SYNTH
2026-03-09 15:39:20.194Z,34.1567,7,SYNTH
2026-03-09 15:39:21.125Z,34.1471,5,SYNTH
2026-03-09 15:39:22.186Z,34.1564,4,SYNTH
2026-03-09 15:39:23.066Z,34.1463,5,SYNTH
2026-03-09 15:39:24.228Z,34.1394,5,SYNTH
2026-03-09 15:39:25.151Z,34.1394,6,SYNTH
2026-03-09 15:39:26.743Z,34.1612,7,SYNTH
2026-03-09 15:39:27.185Z,34.1376,8,SYNTH
2026-03-09 15:39:28.188Z,34.1380,5,SYNTH
2026-03-09 15:39:29.045Z,34.1517,5,SYNTH
2026-03-09 15:39:30.473Z,34.1588,8,SYNTH
2026-03-09 15:39:31.306Z,34.1424,4,SYNTH
2026-03-09 15:39:32.154Z,34.1538,4,SYNTH
2026-03-09 15:39:33.498Z,34.1392,6,SYNTH
2026-03-09 15:39:34.016Z,34.1511,8,SYNTH
2026-03-09 15:39:35.428Z,34.1531,8,SYNTH
2026-03-09 15:39:36.875Z,34.1440,4,SYNTH
2026-03-09 15:39:37.753Z,34.1515,21,SYNTH
2026-03-09 15:39:38.118Z,34.1547,17,SYNTH
2026-03-09 15:39:39.516Z,34.1462,18,SYNTH
2026-03-09 15:39:40.853Z,34.1511,11,SYNTH
2026-03-09 15:39:41.604Z,34.1428,7,SYNTH
2026-03-09 15:39:42.535Z,34.1460,5,SYNTH
2026-03-09 15:39:43.444Z,34.1370,6,SYNTH
2026-03-09 15:39:44.733Z,34.1462,9,SYNTH
2026-03-09 15:39:45.271Z,34.1521,13,SYNTH
2026-03-09 15:39:46.757Z,34.1521,14,SYNTH
2026-03-09 15:39:47.218Z,34.1549,14,SYNTH
2026-03-09 15:39:48.188Z,34.1417,7,SYNTH
2026-03-09 15:39:49.125Z,34.1570,5,SYNTH
2026-03-09 15:39:50.265Z,34.1453,10,SYNTH
2026-03-09 15:39:51.224Z,34.1555,5,SYNTH
2026-03-09 15:39:52.180Z,34.1587,11,SYNTH
2026-03-09 15:39:53.051Z,34.1489,9,SYNTH
2026-03-09 15:39:54.804Z,34.1593,7,SYNTH
2026-03-09 15:39:55.590Z,34.1427,7,SYNTH
2026-03-09 15:39:56.000Z,34.1572,9,SYNTH
2026-03-09 15:39:57.548Z,34.1386,11,SYNTH
2026-03-09 15:39:58.056Z,34.1471,13,SYNTH
2026-03-09 15:39:59.466Z,34.1541,6,SYNTH
2026-03-09 15:40:00.064Z,34.1135,6,SYNTH
2026-03-09 15:40:01.753Z,34.1060,4,SYNTH
2026-03-09 15:40:02.141Z,34.1129,6,SYNTH
2026-03-09 15:40:03.817Z,34.1054,5,SYNTH
2026-03-09 15:40:04.267Z,34.1028,6,SYNTH
2026-03-09 15:40:05.172Z,34.1138,5,SYNTH
2026-03-09 15:40:06.089Z,34.1149,6,SYNTH
2026-03-09 15:40:07.595Z,34.1052,6,SYNTH
2026-03-09 15:40:08.106Z,34.1144,5,SYNTH
2026-03-09 15:40:09.662Z,34.1179,5,SYNTH
2026-03-09 15:40:10.088Z,34.0972,4,SYNTH
2026-03-09 15:40:11.676Z,34.1194,6,SYNTH
2026-03-09 15:40:12.072Z,34.1221,6,SYNTH
2026-03-09 15:40:13.088Z,34.1099,13,SYNTH
2026-03-09 15:40:14.024Z,34.1195,4,SYNTH
2026-03-09 15:40:15.188Z,34.0993,3,SYNTH
2026-03-09 15:40:16.333Z,34.1071,7,SYNTH
2026-03-09 15:40:17.505Z,34.1124,8,SYNTH
2026-03-09 15:40:18.546Z,34.1174,5,SYNTH
2026-03-09 15:40:19.696Z,34.0995,7,SYNTH
2026-03-09 15:40:20.601Z,34.1065,4,SYNTH
2026-03-09 15:40:21.559Z,34.1015,3,SYNTH
2026-03-09 15:40:22.104Z,34.1167,5,SYNTH
2026-03-09 15:40:23.721Z,34.1054,4,SYNTH
2026-03-09 15:40:24.038Z,34.1004,4,SYNTH
2026-03-09 15:40:25.446Z,34.1091,3,SYNTH
2026-03-09 15:40:26.113Z,34.1194,3,SYNTH
2026-03-09 15:40:27.316Z,34.1021,3,SYNTH
2026-03-09 15:40:28.478Z,34.1171,2,SYNTH
2026-03-09 15:40:29.404Z,34.1030,3,SYNTH
2026-03-09 15:40:30.097Z,34.0997,5,SYNTH
2026-03-09 15:40:31.433Z,34.1154,4,SYNTH
2026-03-09 15:40:32.082Z,34.1028,4,SYNTH
2026-03-09 15:40:33.485Z,34.1223,3,SYNTH
2026-03-09 15:40:34.300Z,34.1000,3,SYNTH
2026-03-09 15:40:35.571Z,34.1133,4,SYNTH
2026-03-09 15:40:36.229Z,34.1135,2,SYNTH
2026-03-09 15:40:37.661Z,34.0981,6,SYNTH
2026-03-09 15:40:38.094Z,34.1064,10,SYNTH
2026-03-09 15:40:39.046Z,34.1192,11,SYNTH
2026-03-09 15:40:40.597Z,34.1105,13,SYNTH
2026-03-09 15:40:41.657Z,34.1197,4,SYNTH
2026-03-09 15:40:42.816Z,34.1090,5,SYNTH
2026-03-09 15:40:43.137Z,34.1006,5,SYNTH
2026-03-09 15:40:44.154Z,34.1109,4,SYNTH
2026-03-09 15:40:45.856Z,34.1177,6,SYNTH
2026-03-09 15:40:46.139Z,34.1077,8,SYNTH
2026-03-09 15:40:47.528Z,34.1072,5,SYNTH
2026-03-09 15:40:48.178Z,34.1133,3,SYNTH
2026-03-09 15:40:49.486Z,34.1240,5,SYNTH
2026-03-09 15:40:50.171Z,34.1037,3,SYNTH
2026-03-09 15:40:51.883Z,34.1208,6,SYNTH
2026-03-09 15:40:52.459Z,34.1209,6,SYNTH
2026-03-09 15:40:53.078Z,34.1076,6,SYNTH
2026-03-09 15:40:54.274Z,34.1219,4,SYNTH
2026-03-09 15:40:55.289Z,34.1062,5,SYNTH
2026-03-09 15:40:56.689Z,34.1054,5,SYNTH
2026-03-09 15:40:57.643Z,34.1194,3,SYNTH
2026-03-09 15:40:58.065Z,34.1005,7,SYNTH
2026-03-09 15:40:59.588Z,34.1123,5,SYNTH
2026-03-09 16:03:00.587Z,34.2956,13,SYNTH
2026-03-09 16:03:01.124Z,34.2771,10,SYNTH
2026-03-09 16:03:02.183Z,34.2965,15,SYNTH
2026-03-09 16:03:03.273Z,34.2965,14,SYNTH
2026-03-09 16:03:04.089Z,34.3007,20,SYNTH
2026-03-09 16:03:05.067Z,34.2843,8,SYNTH
2026-03-09 16:03:06.866Z,34.2924,8,SYNTH
2026-03-09 16:03:07.204Z,34.2986,15,SYNTH
2026-03-09 16:03:08.851Z,34.3010,13,SYNTH
2026-03-09 16:03:09.237Z,34.2829,17,SYNTH
2026-03-09 16:03:10.649Z,34.2877,8,SYNTH
2026-03-09 16:03:11.154Z,34.2978,34,SYNTH
2026-03-09 16:03:12.511Z,34.2966,40,SYNTH
2026-03-09 16:03:13.750Z,34.2811,18,SYNTH
2026-03-09 16:03:14.660Z,34.2968,7,SYNTH
2026-03-09 16:03:15.372Z,34.2827,11,SYNTH
2026-03-09 16:03:16.321Z,34.2893,23,SYNTH
2026-03-09 16:03:17.238Z,34.2995,13,SYNTH
2026-03-09 16:03:18.260Z,34.2834,25,SYNTH
2026-03-09 16:03:19.064Z,34.3038,24,SYNTH
2026-03-09 16:03:20.191Z,34.2790,13,SYNTH
2026-03-09 16:03:21.185Z,34.3037,6,SYNTH
2026-03-09 16:03:22.624Z,34.2806,8,SYNTH
2026-03-09 16:03:23.072Z,34.2905,11,SYNTH
2026-03-09 16:03:24.444Z,34.2993,8,SYNTH
2026-03-09 16:03:25.315Z,34.3014,12,SYNTH
2026-03-09 16:03:26.804Z,34.3040,9,SYNTH
2026-03-09 16:03:27.042Z,34.2894,8,SYNTH
2026-03-09 16:03:28.454Z,34.2929,12,SYNTH
2026-03-09 16:03:29.092Z,34.3006,14,SYNTH
2026-03-09 16:03:30.657Z,34.2873,14,SYNTH
2026-03-09 16:03:31.167Z,34.2984,14,SYNTH
2026-03-09 16:03:32.210Z,34.3055,14,SYNTH
2026-03-09 16:03:33.211Z,34.2896,14,SYNTH
2026-03-09 16:03:34.287Z,34.3053,7,SYNTH
2026-03-09 16:03:35.840Z,34.3063,13,SYNTH
2026-03-09 16:03:36.244Z,34.2917,8,SYNTH
2026-03-09 16:03:37.635Z,34.3067,36,SYNTH
2026-03-09 16:03:38.549Z,34.3117,37,SYNTH
2026-03-09 16:03:39.302Z,34.2976,28,SYNTH
2026-03-09 16:03:40.787Z,34.3101,16,SYNTH
2026-03-09 16:03:41.154Z,34.2997,11,SYNTH
2026-03-09 16:03:42.082Z,34.2930,11,SYNTH
2026-03-09 16:03:43.033Z,34.3073,8,SYNTH
2026-03-09 16:03:44.888Z,34.2985,14,SYNTH
2026-03-09 16:03:45.604Z,34.2848,20,SYNTH
2026-03-09 16:03:46.838Z,34.2917,19,SYNTH
2026-03-09 16:03:47.534Z,34.3084,24,SYNTH
2026-03-09 16:03:48.175Z,34.3064,11,SYNTH
2026-03-09 16:03:49.253Z,34.2998,7,SYNTH
2026-03-09 16:03:50.821Z,34.2910,8,SYNTH
2026-03-09 16:03:51.767Z,34.3001,17,SYNTH
2026-03-09 16:03:52.817Z,34.3051,12,SYNTH
2026-03-09 16:03:53.314Z,34.2920,9,SYNTH
2026-03-09 16:03:54.313Z,34.2917,11,SYNTH
2026-03-09 16:03:55.097Z,34.2984,12,SYNTH
2026-03-09 16:03:56.517Z,34.3003,19,SYNTH
2026-03-09 16:03:57.181Z,34.2817,20,SYNTH
2026-03-09 16:03:58.813Z,34.3007,12,SYNTH
2026-03-09 16:03:59.477Z,34.2892,13,SYNTH
2026-03-09 16:04:00.703Z,34.1851,7,SYNTH
2026-03-09 16:04:01.793Z,34.1743,4,SYNTH
2026-03-09 16:04:02.622Z,34.1794,4,SYNTH
2026-03-09 16:04:03.308Z,34.1909,6,SYNTH
2026-03-09 16:04:04.519Z,34.1720,5,SYNTH
2026-03-09 16:04:05.402Z,34.1802,6,SYNTH
2026-03-09 16:04:06.045Z,34.1882,5,SYNTH
2026-03-09 16:04:07.413Z,34.1781,3,SYNTH
2026-03-09 16:04:08.527Z,34.1858,3,SYNTH
2026-03-09 16:04:09.140Z,34.1768,5,SYNTH
2026-03-09 16:04:10.892Z,34.1855,5,SYNTH
2026-03-09 16:04:11.856Z,34.1679,8,SYNTH
2026-03-09 16:04:12.197Z,34.1810,8,SYNTH
2026-03-09 16:04:13.171Z,34.1871,8,SYNTH
2026-03-09 16:04:14.313Z,34.1687,5,SYNTH
2026-03-09 16:04:15.485Z,34.1897,4,SYNTH
2026-03-09 16:04:16.865Z,34.1802,4,SYNTH
2026-03-09 16:04:17.124Z,34.1765,7,SYNTH
2026-03-09 16:04:18.053Z,34.1734,8,SYNTH
2026-03-09 16:04:19.072Z,34.1878,6,SYNTH
2026-03-09 16:04:20.827Z,34.1920,4,SYNTH
2026-03-09 16:04:21.131Z,34.1789,3,SYNTH
2026-03-09 16:04:22.888Z,34.1691,2,SYNTH
2026-03-09 16:04:23.280Z,34.1773,4,SYNTH
2026-03-09 16:04:24.345Z,34.1813,4,SYNTH
2026-03-09 16:04:25.430Z,34.1882,2,SYNTH
2026-03-09 16:04:26.633Z,34.1777,2,SYNTH
2026-03-09 16:04:27.440Z,34.1743,4,SYNTH
2026-03-09 16:04:28.810Z,34.1839,4,SYNTH
2026-03-09 16:04:29.882Z,34.1698,2,SYNTH
2026-03-09 16:04:30.658Z,34.1895,4,SYNTH
2026-03-09 16:04:31.465Z,34.1831,4,SYNTH
2026-03-09 16:04:32.517Z,34.1770,4,SYNTH
2026-03-09 16:04:33.715Z,34.1759,4,SYNTH
2026-03-09 16:04:34.228Z,34.1808,4,SYNTH
2026-03-09 16:04:35.499Z,34.1748,3,SYNTH
2026-03-09 16:04:36.611Z,34.1692,5,SYNTH
2026-03-09 16:04:37.095Z,34.1802,11,SYNTH
2026-03-09 16:04:38.020Z,34.1710,9,SYNTH
2026-03-09 16:04:39.000Z,34.1904,7,SYNTH
2026-03-09 16:04:40.665Z,34.1792,6,SYNTH
2026-03-09 16:04:41.630Z,34.1745,3,SYNTH
2026-03-09 16:04:42.129Z,34.1866,5,SYNTH
2026-03-09 16:04:43.423Z,34.1753,4,SYNTH
2026-03-09 16:04:44.601Z,34.1766,5,SYNTH
2026-03-09 16:04:45.711Z,34.1878,8,SYNTH
2026-03-09 16:04:46.757Z,34.1716,6,SYNTH
2026-03-09 16:04:47.680Z,34.1716,5,SYNTH
2026-03-09 16:04:48.650Z,34.1790,4,SYNTH
2026-03-09 16:04:49.048Z,34.1855,5,SYNTH
2026-03-09 16:04:50.493Z,34.1708,3,SYNTH
2026-03-09 16:04:51.208Z,34.1885,4,SYNTH
2026-03-09 16:04:52.860Z,34.1779,3,SYNTH
2026-03-09 16:04:53.165Z,34.1744,3,SYNTH
2026-03-09 16:04:54.644Z,34.1784,5,SYNTH
2026-03-09 16:04:55.125Z,34.1760,5,SYNTH
2026-03-09 16:04:56.289Z,34.1755,4,SYNTH
2026-03-09 16:04:57.832Z,34.1729,5,SYNTH
2026-03-09 16:04:58.898Z,34.1856,7,SYNTH
2026-03-09 16:04:59.892Z,34.1790,5,SYNTH
2026-03-09 17:09:00.593Z,34.3421,3,SYNTH
2026-03-09 17:09:01.033Z,34.3452,2,SYNTH
2026-03-09 17:09:02.373Z,34.3386,4,SYNTH
2026-03-09 17:09:03.513Z,34.3470,3,SYNTH
2026-03-09 17:09:04.878Z,34.3310,4,SYNTH
2026-03-09 17:09:05.059Z,34.3484,3,SYNTH
2026-03-09 17:09:06.323Z,34.3315,2,SYNTH
2026-03-09 17:09:07.623Z,34.3292,2,SYNTH
2026-03-09 17:09:08.108Z,34.3506,3,SYNTH
2026-03-09 17:09:09.804Z,34.3348,3,SYNTH
2026-03-09 17:09:10.024Z,34.3431,2,SYNTH
2026-03-09 17:09:11.566Z,34.3294,9,SYNTH
2026-03-09 17:09:12.596Z,34.3390,6,SYNTH
2026-03-09 17:09:13.344Z,34.3374,7,SYNTH
2026-03-09 17:09:14.627Z,34.3506,3,SYNTH
2026-03-09 17:09:15.328Z,34.3321,2,SYNTH
2026-03-09 17:09:16.211Z,34.3371,3,SYNTH
2026-03-09 17:09:17.510Z,34.3293,4,SYNTH
2026-03-09 17:09:18.010Z,34.3445,4,SYNTH
2026-03-09 17:09:19.444Z,34.3354,3,SYNTH
2026-03-09 17:09:20.217Z,34.3486,3,SYNTH
2026-03-09 17:09:21.092Z,34.3312,1,SYNTH
2026-03-09 17:09:22.167Z,34.3262,3,SYNTH
2026-03-09 17:09:23.854Z,34.3388,3,SYNTH
2026-03-09 17:09:24.707Z,34.3399,3,SYNTH
2026-03-09 17:09:25.764Z,34.3308,1,SYNTH
2026-03-09 17:09:26.458Z,34.3435,3,SYNTH
2026-03-09 17:09:27.490Z,34.3494,2,SYNTH
2026-03-09 17:09:28.179Z,34.3325,2,SYNTH
2026-03-09 17:09:29.568Z,34.3441,3,SYNTH
2026-03-09 17:09:30.655Z,34.3469,2,SYNTH
2026-03-09 17:09:31.634Z,34.3325,1,SYNTH
2026-03-09 17:09:32.239Z,34.3299,2,SYNTH
2026-03-09 17:09:33.500Z,34.3365,3,SYNTH
2026-03-09 17:09:34.678Z,34.3432,2,SYNTH
2026-03-09 17:09:35.653Z,34.3304,2,SYNTH
2026-03-09 17:09:36.406Z,34.3368,3,SYNTH
2026-03-09 17:09:37.097Z,34.3408,6,SYNTH
2026-03-09 17:09:38.219Z,34.3503,8,SYNTH
2026-03-09 17:09:39.465Z,34.3484,6,SYNTH
2026-03-09 17:09:40.674Z,34.3379,5,SYNTH
2026-03-09 17:09:41.659Z,34.3393,2,SYNTH
2026-03-09 17:09:42.173Z,34.3287,3,SYNTH
2026-03-09 17:09:43.841Z,34.3458,2,SYNTH
2026-03-09 17:09:44.247Z,34.3482,2,SYNTH
2026-03-09 17:09:45.127Z,34.3346,5,SYNTH
2026-03-09 17:09:46.089Z,34.3361,3,SYNTH
2026-03-09 17:09:47.326Z,34.3448,5,SYNTH
2026-03-09 17:09:48.583Z,34.3304,3,SYNTH
2026-03-09 17:09:49.724Z,34.3408,2,SYNTH
2026-03-09 17:09:50.755Z,34.3452,3,SYNTH
2026-03-09 17:09:51.690Z,34.3405,2,SYNTH
2026-03-09 17:09:52.497Z,34.3365,3,SYNTH
2026-03-09 17:09:53.774Z,34.3396,2,SYNTH
2026-03-09 17:09:54.781Z,34.3455,2,SYNTH
2026-03-09 17:09:55.078Z,34.3466,2,SYNTH
2026-03-09 17:09:56.176Z,34.3478,3,SYNTH
2026-03-09 17:09:57.582Z,34.3333,4,SYNTH
2026-03-09 17:09:58.089Z,34.3355,4,SYNTH
2026-03-09 17:09:59.497Z,34.3435,4,SYNTH
2026-03-09 17:20:00.489Z,34.4508,19,SYNTH
2026-03-09 17:20:01.738Z,34.4584,16,SYNTH
2026-03-09 17:20:02.061Z,34.4399,12,SYNTH
2026-03-09 17:20:03.139Z,34.4634,13,SYNTH
2026-03-09 17:20:04.366Z,34.4436,11,SYNTH
2026-03-09 17:20:05.318Z,34.4466,16,SYNTH
2026-03-09 17:20:06.606Z,34.4420,10,SYNTH
2026-03-09 17:20:07.723Z,34.4420,9,SYNTH
2026-03-09 17:20:08.619Z,34.4424,11,SYNTH
2026-03-09 17:20:09.524Z,34.4596,11,SYNTH
2026-03-09 17:20:10.282Z,34.4445,9,SYNTH
2026-03-09 17:20:11.146Z,34.4477,32,SYNTH
2026-03-09 17:20:12.411Z,34.4567,35,SYNTH
2026-03-09 17:20:13.897Z,34.4512,18,SYNTH
2026-03-09 17:20:14.498Z,34.4563,13,SYNTH
2026-03-09 17:20:15.230Z,34.4467,12,SYNTH
2026-03-09 17:20:16.564Z,34.4474,21,SYNTH
2026-03-09 17:20:17.882Z,34.4402,22,SYNTH
2026-03-09 17:20:18.553Z,34.4499,17,SYNTH
2026-03-09 17:20:19.337Z,34.4556,15,SYNTH
2026-03-09 17:20:20.412Z,34.4616,7,SYNTH
2026-03-09 17:20:21.030Z,34.4526,11,SYNTH
2026-03-09 17:20:22.667Z,34.4367,10,SYNTH
2026-03-09 17:20:23.592Z,34.4517,10,SYNTH
2026-03-09 17:20:24.408Z,34.4627,10,SYNTH
2026-03-09 17:20:25.705Z,34.4536,12,SYNTH
2026-03-09 17:20:26.260Z,34.4412,7,SYNTH
2026-03-09 17:20:27.038Z,34.4523,6,SYNTH
2026-03-09 17:20:28.583Z,34.4564,10,SYNTH
2026-03-09 17:20:29.489Z,34.4477,6,SYNTH
2026-03-09 17:20:30.610Z,34.4532,7,SYNTH
2026-03-09 17:20:31.629Z,34.4563,8,SYNTH
2026-03-09 17:20:32.097Z,34.4392,9,SYNTH
2026-03-09 17:20:33.207Z,34.4502,9,SYNTH
2026-03-09 17:20:34.280Z,34.4427,6,SYNTH
2026-03-09 17:20:35.084Z,34.4490,11,SYNTH
2026-03-09 17:20:36.894Z,34.4388,10,SYNTH
2026-03-09 17:20:37.391Z,34.4548,17,SYNTH
2026-03-09 17:20:38.473Z,34.4421,24,SYNTH
2026-03-09 17:20:39.333Z,34.4402,31,SYNTH
2026-03-09 17:20:40.001Z,34.4545,14,SYNTH
2026-03-09 17:20:41.745Z,34.4402,6,SYNTH
2026-03-09 17:20:42.350Z,34.4618,12,SYNTH
2026-03-09 17:20:43.734Z,34.4377,7,SYNTH
2026-03-09 17:20:44.225Z,34.4606,10,SYNTH
2026-03-09 17:20:45.528Z,34.4461,19,SYNTH
2026-03-09 17:20:46.823Z,34.4456,15,SYNTH
2026-03-09 17:20:47.203Z,34.4515,21,SYNTH
2026-03-09 17:20:48.203Z,34.4598,6,SYNTH
2026-03-09 17:20:49.744Z,34.4617,14,SYNTH
2026-03-09 17:20:50.000Z,34.4484,7,SYNTH
2026-03-09 17:20:51.729Z,34.4496,6,SYNTH
2026-03-09 17:20:52.883Z,34.4415,7,SYNTH
2026-03-09 17:20:53.332Z,34.4607,13,SYNTH
2026-03-09 17:20:54.450Z,34.4538,10,SYNTH
2026-03-09 17:20:55.056Z,34.4622,9,SYNTH
2026-03-09 17:20:56.177Z,34.4599,8,SYNTH
2026-03-09 17:20:57.534Z,34.4505,14,SYNTH
2026-03-09 17:20:58.868Z,34.4383,17,SYNTH
2026-03-09 17:20:59.020Z,34.4536,13,SYNTH
2026-03-09 17:29:00.867Z,34.3436,15,SYNTH
2026-03-09 17:29:01.770Z,34.3325,16,SYNTH
2026-03-09 17:29:02.148Z,34.3395,12,SYNTH
2026-03-09 17:29:03.864Z,34.3440,8,SYNTH
2026-03-09 17:29:04.421Z,34.3355,9,SYNTH
2026-03-09 17:29:05.407Z,34.3364,12,SYNTH
2026-03-09 17:29:06.674Z,34.3484,7,SYNTH
2026-03-09 17:29:07.775Z,34.3539,9,SYNTH
2026-03-09 17:29:08.146Z,34.3401,13,SYNTH
2026-03-09 17:29:09.718Z,34.3509,6,SYNTH
2026-03-09 17:29:10.606Z,34.3325,12,SYNTH
2026-03-09 17:29:11.185Z,34.3441,29,SYNTH
2026-03-09 17:29:12.611Z,34.3404,26,SYNTH
2026-03-09 17:29:13.370Z,34.3483,15,SYNTH
2026-03-09 17:29:14.550Z,34.3286,8,SYNTH
2026-03-09 17:29:15.370Z,34.3369,9,SYNTH
2026-03-09 17:29:16.327Z,34.3430,15,SYNTH
2026-03-09 17:29:17.468Z,34.3486,16,SYNTH
2026-03-09 17:29:18.775Z,34.3362,16,SYNTH
2026-03-09 17:29:19.174Z,34.3303,13,SYNTH
2026-03-09 17:29:20.877Z,34.3450,6,SYNTH
2026-03-09 17:29:21.345Z,34.3447,11,SYNTH
2026-03-09 17:29:22.762Z,34.3471,10,SYNTH
2026-03-09 17:29:23.285Z,34.3482,11,SYNTH
2026-03-09 17:29:24.074Z,34.3267,5,SYNTH
2026-03-09 17:29:25.493Z,34.3457,9,SYNTH
2026-03-09 17:29:26.545Z,34.3393,9,SYNTH
2026-03-09 17:29:27.053Z,34.3502,7,SYNTH
2026-03-09 17:29:28.664Z,34.3369,8,SYNTH
2026-03-09 17:29:29.416Z,34.3372,10,SYNTH
2026-03-09 17:29:30.186Z,34.3440,7,SYNTH
2026-03-09 17:29:31.528Z,34.3464,10,SYNTH
2026-03-09 17:29:32.525Z,34.3354,7,SYNTH
2026-03-09 17:29:33.111Z,34.3326,8,SYNTH
2026-03-09 17:29:34.446Z,34.3495,8,SYNTH
2026-03-09 17:29:35.773Z,34.3517,10,SYNTH
2026-03-09 17:29:36.101Z,34.3308,7,SYNTH
2026-03-09 17:29:37.644Z,34.3474,26,SYNTH
2026-03-09 17:29:38.532Z,34.3291,24,SYNTH
2026-03-09 17:29:39.138Z,34.3418,22,SYNTH
2026-03-09 17:29:40.334Z,34.3461,22,SYNTH
2026-03-09 17:29:41.647Z,34.3503,6,SYNTH
2026-03-09 17:29:42.671Z,34.3277,10,SYNTH
2026-03-09 17:29:43.501Z,34.3346,12,SYNTH
2026-03-09 17:29:44.322Z,34.3370,10,SYNTH
2026-03-09 17:29:45.372Z,34.3466,13,SYNTH
2026-03-09 17:29:46.559Z,34.3367,10,SYNTH
2026-03-09 17:29:47.105Z,34.3439,19,SYNTH
2026-03-09 17:29:48.349Z,34.3279,11,SYNTH
2026-03-09 17:29:49.680Z,34.3438,6,SYNTH
2026-03-09 17:29:50.272Z,34.3304,9,SYNTH
2026-03-09 17:29:51.547Z,34.3526,14,SYNTH
2026-03-09 17:29:52.239Z,34.3316,12,SYNTH
2026-03-09 17:29:53.774Z,34.3344,7,SYNTH
2026-03-09 17:29:54.273Z,34.3416,11,SYNTH
2026-03-09 17:29:55.509Z,34.3497,14,SYNTH
2026-03-09 17:29:56.801Z,34.3359,7,SYNTH
2026-03-09 17:29:57.117Z,34.3349,13,SYNTH
2026-03-09 17:29:58.684Z,34.3395,7,SYNTH
2026-03-09 17:29:59.632Z,34.3431,13,SYNTH
2026-03-09 17:33:00.482Z,34.3418,3,SYNTH
2026-03-09 17:33:01.875Z,34.3328,3,SYNTH
2026-03-09 17:33:02.078Z,34.3329,4,SYNTH
2026-03-09 17:33:03.217Z,34.3391,4,SYNTH
2026-03-09 17:33:04.069Z,34.3464,4,SYNTH
2026-03-09 17:33:05.370Z,34.3332,3,SYNTH
2026-03-09 17:33:06.853Z,34.3481,3,SYNTH
2026-03-09 17:33:07.228Z,34.3365,4,SYNTH
2026-03-09 17:33:08.321Z,34.3497,2,SYNTH
2026-03-09 17:33:09.483Z,34.3493,4,SYNTH
2026-03-09 17:33:10.685Z,34.3352,3,SYNTH
2026-03-09 17:33:11.377Z,34.3347,5,SYNTH
2026-03-09 17:33:12.474Z,34.3278,5,SYNTH
2026-03-09 17:33:13.469Z,34.3491,5,SYNTH
2026-03-09 17:33:14.170Z,34.3404,2,SYNTH
2026-03-09 17:33:15.037Z,34.3465,2,SYNTH
2026-03-09 17:33:16.017Z,34.3500,4,SYNTH
2026-03-09 17:33:17.103Z,34.3423,5,SYNTH
