TimestampUtc,Bid,Ask,BidSize,AskSize,SpreadBps
2026-04-21 13:30:00.421Z,1.0858,1.0942,1321,1211,77.1
2026-04-21 13:30:01.041Z,1.0857,1.0947,839,975,82.6
2026-04-21 13:30:02.656Z,1.0865,1.0949,1195,856,77.0
2026-04-21 13:30:03.490Z,1.0859,1.0965,1528,1289,97.1
2026-04-21 13:30:04.049Z,1.0875,1.0965,1072,697,82.4
2026-04-21 13:30:05.763Z,1.0874,1.0984,1747,1104,100.6
2026-04-21 13:30:06.693Z,1.0886,1.0994,1810,1315,98.7
2026-04-21 13:30:07.003Z,1.0896,1.1000,2027,1183,95.0
2026-04-21 13:30:08.083Z,1.0900,1.1024,904,1168,113.1
2026-04-21 13:30:09.817Z,1.0909,1.1027,1842,1055,107.6
2026-04-21 13:30:10.409Z,1.0923,1.1027,753,431,94.8
2026-04-21 13:30:11.801Z,1.0919,1.1035,5207,1659,105.7
2026-04-21 13:30:12.265Z,1.0932,1.1030,3896,1773,89.2
2026-04-21 13:30:13.166Z,1.0938,1.1024,2418,2546,78.3
2026-04-21 13:30:14.207Z,1.0921,1.1031,542,854,100.2
2026-04-21 13:30:15.383Z,1.0916,1.1022,381,577,96.6
2026-04-21 13:30:16.807Z,1.0908,1.1020,1123,1903,102.2
2026-04-21 13:30:17.819Z,1.0920,1.1008,1477,1797,80.3
2026-04-21 13:30:18.810Z,1.0913,1.1011,1581,3730,89.4
2026-04-21 13:30:19.428Z,1.0907,1.1015,1060,3305,98.5
2026-04-21 13:30:20.664Z,1.0899,1.1013,364,825,104.1
2026-04-21 13:30:21.251Z,1.0907,1.0993,886,1114,78.5
2026-04-21 13:30:22.070Z,1.0902,1.0990,803,2262,80.4
2026-04-21 13:30:23.757Z,1.0885,1.0993,645,1856,98.7
2026-04-21 13:30:24.049Z,1.0864,1.0988,320,1125,113.5
2026-04-21 13:30:25.022Z,1.0860,1.0970,483,984,100.8
2026-04-21 13:30:26.447Z,1.0857,1.0957,625,1400,91.7
2026-04-21 13:30:27.509Z,1.0838,1.0952,1071,2240,104.6
2026-04-21 13:30:28.139Z,1.0818,1.0942,989,1603,114.0
2026-04-21 13:30:29.192Z,1.0814,1.0924,554,886,101.2
2026-04-21 13:30:30.843Z,1.0795,1.0919,571,1723,114.2
2026-04-21 13:30:31.821Z,1.0794,1.0896,304,811,94.1
2026-04-21 13:30:32.548Z,1.0780,1.0894,488,947,105.2
2026-04-21 13:30:33.453Z,1.0784,1.0874,336,1073,83.1
2026-04-21 13:30:34.401Z,1.0758,1.0880,1015,1015,112.8
2026-04-21 13:30:35.248Z,1.0764,1.0858,535,1222,86.9
2026-04-21 13:30:36.603Z,1.0748,1.0864,1069,2387,107.3
2026-04-21 13:30:37.681Z,1.0743,1.0857,2227,5230,105.6
2026-04-21 13:30:38.552Z,1.0746,1.0852,1777,4023,98.2
2026-04-21 13:30:39.299Z,1.0749,1.0847,1425,3205,90.8
2026-04-21 13:30:40.043Z,1.0749,1.0851,3934,1150,94.4
2026-04-21 13:30:41.577Z,1.0754,1.0852,1253,774,90.7
2026-04-21 13:30:42.808Z,1.0762,1.0848,1309,773,79.6
2026-04-21 13:30:43.285Z,1.0751,1.0867,953,518,107.3
2026-04-21 13:30:44.602Z,1.0759,1.0861,507,550,94.4
2026-04-21 13:30:45.370Z,1.0770,1.0858,1443,1752,81.4
2026-04-21 13:30:46.220Z,1.0774,1.0858,935,475,77.7
2026-04-21 13:30:47.492Z,1.0770,1.0866,1693,641,88.7
2026-04-21 13:30:48.277Z,1.0762,1.0874,469,877,103.5
2026-04-21 13:30:49.720Z,1.0774,1.0866,2181,797,85.0
2026-04-21 13:30:50.279Z,1.0774,1.0870,1698,590,88.7
2026-04-21 13:30:51.827Z,1.0773,1.0879,1313,485,97.9
2026-04-21 13:30:52.899Z,1.0787,1.0879,1223,614,84.9
2026-04-21 13:30:53.854Z,1.0795,1.0877,943,566,75.7
2026-04-21 13:30:54.039Z,1.0786,1.0890,2674,1183,96.0
2026-04-21 13:30:55.127Z,1.0791,1.0889,2501,843,90.4
2026-04-21 13:30:56.532Z,1.0790,1.0906,2102,1210,106.9
2026-04-21 13:30:57.173Z,1.0800,1.0892,1109,2108,84.8
2026-04-21 13:30:58.365Z,1.0789,1.0909,1466,663,110.6
2026-04-21 13:30:59.058Z,1.0805,1.0895,2556,1227,82.9
2026-04-21 13:31:00.452Z,1.0795,1.0905,100,100,101.4
2026-04-21 13:31:01.668Z,1.0809,1.0891,100,123,75.6
2026-04-21 13:31:02.640Z,1.0807,1.0893,100,100,79.3
2026-04-21 13:31:03.859Z,1.0801,1.0897,100,117,88.5
2026-04-21 13:31:04.532Z,1.0803,1.0897,170,100,86.6
2026-04-21 13:31:05.550Z,1.0807,1.0889,100,175,75.6
2026-04-21 13:31:06.717Z,1.0805,1.0897,185,100,84.8
2026-04-21 13:31:07.197Z,1.0794,1.0902,100,101,99.6
2026-04-21 13:31:08.157Z,1.0803,1.0899,134,100,88.5
2026-04-21 13:31:09.105Z,1.0801,1.0897,100,100,88.5
2026-04-21 13:31:10.736Z,1.0799,1.0905,102,100,97.7
2026-04-21 13:31:11.594Z,1.0806,1.0892,100,252,79.3
2026-04-21 13:31:12.839Z,1.0793,1.0909,194,103,106.9
2026-04-21 13:31:13.225Z,1.0805,1.0891,100,161,79.3
2026-04-21 13:31:14.748Z,1.0800,1.0898,100,100,90.3
2026-04-21 13:31:15.426Z,1.0798,1.0904,100,100,97.7
2026-04-21 13:31:16.144Z,1.0789,1.0909,100,115,110.6
2026-04-21 13:31:17.034Z,1.0804,1.0898,131,115,86.6
2026-04-21 13:31:18.019Z,1.0801,1.0897,100,125,88.5
2026-04-21 13:31:19.898Z,1.0800,1.0904,100,100,95.8
2026-04-21 13:31:20.534Z,1.0797,1.0899,100,106,94.0
2026-04-21 13:31:21.145Z,1.0793,1.0901,100,100,99.6
2026-04-21 13:31:22.314Z,1.0797,1.0907,100,100,101.4
2026-04-21 13:31:23.748Z,1.0807,1.0897,100,100,82.9
2026-04-21 13:31:24.065Z,1.0809,1.0895,100,100,79.2
2026-04-21 13:31:25.480Z,1.0806,1.0896,100,100,82.9
2026-04-21 13:31:26.201Z,1.0806,1.0896,100,100,82.9
2026-04-21 13:31:27.213Z,1.0805,1.0899,100,100,86.6
2026-04-21 13:31:28.475Z,1.0809,1.0897,100,100,81.1
2026-04-21 13:31:29.517Z,1.0793,1.0903,100,100,101.4
2026-04-21 13:31:30.419Z,1.0800,1.0896,100,100,88.5
2026-04-21 13:31:31.180Z,1.0810,1.0892,100,100,75.6
2026-04-21 13:31:32.279Z,1.0801,1.0899,100,100,90.3
2026-04-21 13:31:33.178Z,1.0800,1.0898,100,100,90.3
2026-04-21 13:31:34.201Z,1.0807,1.0897,100,100,82.9
2026-04-21 13:31:35.426Z,1.0796,1.0900,100,139,95.9
2026-04-21 13:31:36.705Z,1.0805,1.0891,108,100,79.3
2026-04-21 13:31:37.262Z,1.0793,1.0903,103,181,101.4
2026-04-21 13:31:38.621Z,1.0799,1.0897,108,100,90.3
2026-04-21 13:31:39.300Z,1.0794,1.0902,158,160,99.6
2026-04-21 13:31:40.072Z,1.0793,1.0905,182,132,103.2
2026-04-21 13:31:41.489Z,1.0798,1.0908,120,100,101.4
2026-04-21 13:31:42.873Z,1.0795,1.0907,100,100,103.2
2026-04-21 13:31:43.843Z,1.0808,1.0894,100,100,79.3
2026-04-21 13:31:44.842Z,1.0804,1.0892,100,100,81.1
2026-04-21 13:31:45.261Z,1.0804,1.0894,123,100,83.0
2026-04-21 13:31:46.828Z,1.0800,1.0902,165,110,94.0
2026-04-21 13:31:47.888Z,1.0806,1.0894,116,256,81.1
2026-04-21 13:31:48.494Z,1.0807,1.0897,100,100,82.9
2026-04-21 13:31:49.211Z,1.0790,1.0910,100,106,110.6
2026-04-21 13:31:50.154Z,1.0801,1.0897,100,115,88.5
2026-04-21 13:31:51.744Z,1.0790,1.0908,100,100,108.8
2026-04-21 13:31:52.103Z,1.0805,1.0893,100,100,81.1
2026-04-21 13:31:53.696Z,1.0801,1.0893,100,100,84.8
2026-04-21 13:31:54.038Z,1.0803,1.0899,130,100,88.5
2026-04-21 13:31:55.732Z,1.0790,1.0906,100,115,106.9
2026-04-21 13:31:56.687Z,1.0791,1.0907,168,100,106.9
2026-04-21 13:31:57.053Z,1.0798,1.0906,143,100,99.5
2026-04-21 13:31:58.329Z,1.0807,1.0893,100,148,79.3
2026-04-21 13:31:59.430Z,1.0798,1.0902,100,100,95.9
2026-04-21 13:32:00.009Z,1.0813,1.0901,100,100,81.1
2026-04-21 13:32:01.681Z,1.0814,1.0896,100,100,75.5
2026-04-21 13:32:02.130Z,1.0812,1.0904,100,100,84.7
2026-04-21 13:32:03.032Z,1.0805,1.0909,100,100,95.8
2026-04-21 13:32:04.412Z,1.0810,1.0900,100,100,82.9
2026-04-21 13:32:05.801Z,1.0802,1.0910,100,100,99.5
2026-04-21 13:32:06.563Z,1.0806,1.0908,100,100,93.9
2026-04-21 13:32:07.889Z,1.0807,1.0905,100,100,90.3
2026-04-21 13:32:08.173Z,1.0817,1.0903,100,100,79.2
2026-04-21 13:32:09.242Z,1.0798,1.0912,100,100,105.0
2026-04-21 13:32:10.801Z,1.0802,1.0914,100,100,103.1
2026-04-21 13:32:11.834Z,1.0813,1.0897,100,100,77.4
2026-04-21 13:32:12.466Z,1.0808,1.0900,100,100,84.8
2026-04-21 13:32:13.158Z,1.0799,1.0919,100,100,110.5
2026-04-21 13:32:14.158Z,1.0814,1.0904,100,100,82.9
2026-04-21 13:32:15.362Z,1.0808,1.0910,100,100,93.9
2026-04-21 13:32:16.352Z,1.0814,1.0904,100,100,82.9
2026-04-21 13:32:17.353Z,1.0802,1.0912,100,100,101.3
2026-04-21 13:32:18.211Z,1.0797,1.0911,100,100,105.0
2026-04-21 13:32:19.088Z,1.0811,1.0901,100,100,82.9
2026-04-21 13:32:20.602Z,1.0803,1.0915,100,100,103.1
2026-04-21 13:32:21.752Z,1.0808,1.0910,100,100,93.9
2026-04-21 13:32:22.616Z,1.0798,1.0916,100,100,108.7
2026-04-21 13:32:23.854Z,1.0815,1.0901,100,100,79.2
2026-04-21 13:32:24.526Z,1.0799,1.0915,100,100,106.8
2026-04-21 13:32:25.058Z,1.0803,1.0907,100,100,95.8
2026-04-21 13:32:26.056Z,1.0806,1.0912,100,100,97.6
2026-04-21 13:32:27.533Z,1.0809,1.0901,100,100,84.8
2026-04-21 13:32:28.403Z,1.0812,1.0900,100,100,81.1
2026-04-21 13:32:29.846Z,1.0813,1.0899,100,100,79.2
2026-04-21 13:32:30.772Z,1.0809,1.0901,100,100,84.8
2026-04-21 13:32:31.104Z,1.0816,1.0902,100,100,79.2
2026-04-21 13:32:32.059Z,1.0796,1.0916,100,100,110.5
2026-04-21 13:32:33.118Z,1.0815,1.0897,100,100,75.5
2026-04-21 13:32:34.375Z,1.0805,1.0911,100,100,97.6
2026-04-21 13:32:35.349Z,1.0813,1.0901,100,100,81.1
2026-04-21 13:32:36.897Z,1.0800,1.0910,100,100,101.3
2026-04-21 13:32:37.683Z,1.0799,1.0919,100,100,110.5
2026-04-21 13:32:38.322Z,1.0809,1.0901,100,100,84.8
2026-04-21 13:32:39.647Z,1.0810,1.0906,100,100,88.4
2026-04-21 13:32:40.157Z,1.0805,1.0907,100,100,94.0
2026-04-21 13:32:41.767Z,1.0797,1.0915,100,100,108.7
2026-04-21 13:32:42.425Z,1.0803,1.0907,100,100,95.8
2026-04-21 13:32:43.668Z,1.0811,1.0901,100,100,82.9
2026-04-21 13:32:44.019Z,1.0806,1.0906,100,100,92.1
2026-04-21 13:32:45.513Z,1.0797,1.0917,100,100,110.5
2026-04-21 13:32:46.802Z,1.0799,1.0919,100,100,110.5
2026-04-21 13:32:47.203Z,1.0814,1.0906,100,100,84.7
2026-04-21 13:32:48.836Z,1.0807,1.0905,100,100,90.3
2026-04-21 13:32:49.237Z,1.0807,1.0901,100,100,86.6
2026-04-21 13:32:50.343Z,1.0798,1.0912,100,100,105.0
2026-04-21 13:32:51.012Z,1.0811,1.0901,100,100,82.9
2026-04-21 13:32:52.118Z,1.0815,1.0903,100,100,81.0
2026-04-21 13:32:53.303Z,1.0803,1.0907,100,100,95.8
2026-04-21 13:32:54.141Z,1.0808,1.0910,100,100,93.9
2026-04-21 13:32:55.632Z,1.0798,1.0914,100,100,106.9
2026-04-21 13:32:56.631Z,1.0806,1.0906,100,100,92.1
2026-04-21 13:32:57.785Z,1.0808,1.0902,100,100,86.6
2026-04-21 13:32:58.559Z,1.0811,1.0899,100,100,81.1
2026-04-21 13:32:59.361Z,1.0802,1.0912,100,100,101.3
2026-04-21 13:33:00.438Z,1.0796,1.0904,100,100,99.5
2026-04-21 13:33:01.028Z,1.0799,1.0903,100,100,95.8
2026-04-21 13:33:02.653Z,1.0799,1.0897,100,100,90.3
2026-04-21 13:33:03.561Z,1.0797,1.0901,100,100,95.9
2026-04-21 13:33:04.597Z,1.0806,1.0890,100,100,77.4
2026-04-21 13:33:05.796Z,1.0796,1.0904,100,100,99.5
2026-04-21 13:33:06.569Z,1.0795,1.0905,100,100,101.4
2026-04-21 13:33:07.316Z,1.0802,1.0892,100,100,83.0
2026-04-21 13:33:08.741Z,1.0800,1.0900,100,100,92.2
2026-04-21 13:33:09.817Z,1.0806,1.0896,100,100,82.9
2026-04-21 13:33:10.527Z,1.0807,1.0897,100,100,82.9
2026-04-21 13:33:11.310Z,1.0790,1.0906,100,100,106.9
2026-04-21 13:33:12.058Z,1.0790,1.0910,100,100,110.6
2026-04-21 13:33:13.074Z,1.0794,1.0906,100,100,103.2
2026-04-21 13:33:14.494Z,1.0798,1.0904,100,100,97.7
2026-04-21 13:33:15.729Z,1.0794,1.0908,100,100,105.1
2026-04-21 13:33:16.263Z,1.0805,1.0893,100,100,81.1
2026-04-21 13:33:17.617Z,1.0805,1.0901,100,100,88.5
2026-04-21 13:33:18.232Z,1.0797,1.0903,100,100,97.7
2026-04-21 13:33:19.525Z,1.0800,1.0898,100,100,90.3
2026-04-21 13:33:20.142Z,1.0807,1.0893,100,100,79.3
2026-04-21 13:33:21.392Z,1.0801,1.0895,100,100,86.7
2026-04-21 13:33:22.704Z,1.0807,1.0891,100,100,77.4
2026-04-21 13:33:23.834Z,1.0794,1.0904,100,100,101.4
2026-04-21 13:33:24.614Z,1.0798,1.0904,100,100,97.7
2026-04-21 13:33:25.878Z,1.0803,1.0897,100,100,86.6
2026-04-21 13:33:26.165Z,1.0805,1.0901,100,100,88.5
2026-04-21 13:33:27.708Z,1.0790,1.0910,100,100,110.6
2026-04-21 13:33:28.198Z,1.0800,1.0904,100,100,95.8
2026-04-21 13:33:29.697Z,1.0802,1.0900,100,100,90.3
2026-04-21 13:33:30.897Z,1.0791,1.0907,100,100,106.9
2026-04-21 13:33:31.877Z,1.0792,1.0904,100,100,103.2
2026-04-21 13:33:32.322Z,1.0800,1.0898,100,100,90.3
2026-04-21 13:33:33.127Z,1.0805,1.0895,100,100,82.9
2026-04-21 13:33:34.232Z,1.0796,1.0904,100,100,99.5
2026-04-21 13:33:35.191Z,1.0804,1.0892,100,100,81.1
2026-04-21 13:33:36.095Z,1.0801,1.0893,100,100,84.8
2026-04-21 13:33:37.534Z,1.0799,1.0903,100,100,95.8
2026-04-21 13:33:38.606Z,1.0803,1.0895,100,100,84.8
2026-04-21 13:33:39.103Z,1.0805,1.0899,100,100,86.6
2026-04-21 13:33:40.372Z,1.0804,1.0896,100,100,84.8
2026-04-21 13:33:41.663Z,1.0797,1.0905,100,100,99.5
2026-04-21 13:33:42.224Z,1.0791,1.0907,100,100,106.9
2026-04-21 13:33:43.769Z,1.0803,1.0897,100,100,86.6
2026-04-21 13:33:44.374Z,1.0808,1.0890,100,100,75.6
2026-04-21 13:33:45.683Z,1.0799,1.0899,100,100,92.2
2026-04-21 13:33:46.658Z,1.0806,1.0890,100,100,77.4
2026-04-21 13:33:47.044Z,1.0808,1.0898,100,100,82.9
2026-04-21 13:33:48.100Z,1.0796,1.0906,100,100,101.4
2026-04-21 13:33:49.534Z,1.0805,1.0899,100,100,86.6
2026-04-21 13:33:50.096Z,1.0790,1.0908,100,100,108.8
2026-04-21 13:33:51.170Z,1.0795,1.0909,100,100,105.0
2026-04-21 13:33:52.741Z,1.0788,1.0910,100,100,112.5
2026-04-21 13:33:53.285Z,1.0805,1.0897,100,100,84.8
2026-04-21 13:33:54.113Z,1.0796,1.0902,100,100,97.7
2026-04-21 13:33:55.316Z,1.0808,1.0894,100,100,79.3
2026-04-21 13:33:56.647Z,1.0805,1.0899,100,100,86.6
2026-04-21 13:33:57.114Z,1.0791,1.0903,100,100,103.3
2026-04-21 13:33:58.080Z,1.0795,1.0909,100,100,105.0
2026-04-21 13:33:59.470Z,1.0804,1.0896,100,100,84.8
2026-04-21 13:34:00.645Z,1.0759,1.0841,100,100,75.9
2026-04-21 13:34:01.774Z,1.0750,1.0852,100,100,94.4
2026-04-21 13:34:02.755Z,1.0750,1.0846,100,100,88.9
2026-04-21 13:34:03.682Z,1.0748,1.0856,100,100,100.0
2026-04-21 13:34:04.385Z,1.0750,1.0852,100,100,94.4
2026-04-21 13:34:05.794Z,1.0746,1.0852,100,100,98.2
2026-04-21 13:34:06.415Z,1.0748,1.0850,100,100,94.5
2026-04-21 13:34:07.105Z,1.0747,1.0857,100,100,101.8
2026-04-21 13:34:08.429Z,1.0757,1.0843,100,100,79.6
2026-04-21 13:34:09.765Z,1.0750,1.0852,100,100,94.4
2026-04-21 13:34:10.114Z,1.0741,1.0859,100,100,109.3
2026-04-21 13:34:11.045Z,1.0759,1.0843,100,100,77.8
2026-04-21 13:34:12.523Z,1.0741,1.0855,100,100,105.6
2026-04-21 13:34:13.709Z,1.0749,1.0855,100,100,98.1
2026-04-21 13:34:14.218Z,1.0744,1.0852,100,100,100.0
2026-04-21 13:34:15.555Z,1.0745,1.0857,100,100,103.7
2026-04-21 13:34:16.238Z,1.0750,1.0850,100,100,92.6
2026-04-21 13:34:17.127Z,1.0743,1.0853,100,100,101.9
2026-04-21 13:34:18.257Z,1.0751,1.0851,100,100,92.6
2026-04-21 13:34:19.652Z,1.0737,1.0855,100,100,109.3
2026-04-21 13:34:20.393Z,1.0755,1.0839,100,100,77.8
2026-04-21 13:34:21.355Z,1.0737,1.0855,100,100,109.3
2026-04-21 13:34:22.677Z,1.0739,1.0841,100,100,94.5
2026-04-21 13:34:23.242Z,1.0735,1.0839,100,100,96.4
2026-04-21 13:34:24.871Z,1.0731,1.0829,100,100,90.9
2026-04-21 13:34:25.142Z,1.0726,1.0824,100,100,91.0
2026-04-21 13:34:26.463Z,1.0721,1.0809,100,100,81.7
2026-04-21 13:34:27.172Z,1.0719,1.0801,100,100,76.2
2026-04-21 13:34:28.097Z,1.0706,1.0796,100,100,83.7
2026-04-21 13:34:29.786Z,1.0694,1.0796,100,100,94.9
2026-04-21 13:34:30.249Z,1.0688,1.0790,100,100,95.0
2026-04-21 13:34:31.606Z,1.0672,1.0790,100,100,110.0
2026-04-21 13:34:32.178Z,1.0668,1.0784,100,100,108.1
2026-04-21 13:34:33.591Z,1.0670,1.0772,100,100,95.1
2026-04-21 13:34:34.686Z,1.0655,1.0777,100,100,113.8
2026-04-21 13:34:35.365Z,1.0667,1.0751,100,100,78.4
2026-04-21 13:34:36.187Z,1.0651,1.0759,100,100,100.9
2026-04-21 13:34:37.326Z,1.0656,1.0756,100,100,93.4
2026-04-21 13:34:38.765Z,1.0651,1.0753,100,100,95.3
2026-04-21 13:34:39.685Z,1.0645,1.0763,100,100,110.2
2026-04-21 13:34:40.866Z,1.0653,1.0759,100,100,99.0
2026-04-21 13:34:41.317Z,1.0647,1.0761,100,100,106.5
2026-04-21 13:34:42.264Z,1.0654,1.0768,100,100,106.4
2026-04-21 13:34:43.424Z,1.0652,1.0768,100,100,108.3
2026-04-21 13:34:44.434Z,1.0662,1.0762,100,100,93.4
2026-04-21 13:34:45.689Z,1.0657,1.0769,100,100,104.5
2026-04-21 13:34:46.375Z,1.0661,1.0771,100,100,102.7
2026-04-21 13:34:47.454Z,1.0661,1.0769,100,100,100.8
2026-04-21 13:34:48.029Z,1.0656,1.0776,100,100,112.0
2026-04-21 13:34:49.312Z,1.0650,1.0772,100,100,113.9
2026-04-21 13:34:50.777Z,1.0659,1.0767,100,100,100.8
2026-04-21 13:34:51.842Z,1.0657,1.0761,100,100,97.1
2026-04-21 13:34:52.880Z,1.0667,1.0753,100,100,80.3
2026-04-21 13:34:53.077Z,1.0649,1.0769,100,100,112.1
2026-04-21 13:34:54.735Z,1.0646,1.0764,100,100,110.2
2026-04-21 13:34:55.699Z,1.0657,1.0751,100,100,87.8
2026-04-21 13:34:56.225Z,1.0655,1.0753,100,100,91.6
2026-04-21 13:34:57.383Z,1.0653,1.0759,100,100,99.0
2026-04-21 13:34:58.357Z,1.0642,1.0762,100,100,112.1
2026-04-21 13:34:59.806Z,1.0654,1.0754,100,100,93.4
2026-04-21 13:35:00.257Z,1.0657,1.0749,514,488,86.0
2026-04-21 13:35:01.076Z,1.0657,1.0749,185,297,86.0
2026-04-21 13:35:02.789Z,1.0646,1.0756,291,441,102.8
2026-04-21 13:35:03.526Z,1.0657,1.0747,331,254,84.1
2026-04-21 13:35:04.385Z,1.0642,1.0760,389,633,110.3
2026-04-21 13:35:05.466Z,1.0654,1.0750,418,267,89.7
2026-04-21 13:35:06.778Z,1.0641,1.0759,286,863,110.3
2026-04-21 13:35:07.315Z,1.0651,1.0753,448,378,95.3
2026-04-21 13:35:08.863Z,1.0653,1.0745,165,291,86.0
2026-04-21 13:35:09.223Z,1.0641,1.0759,327,223,110.3
2026-04-21 13:35:10.468Z,1.0654,1.0752,307,174,91.6
2026-04-21 13:35:11.751Z,1.0658,1.0748,263,424,84.1
2026-04-21 13:35:12.192Z,1.0645,1.0751,584,667,99.1
2026-04-21 13:35:13.885Z,1.0641,1.0759,1073,828,110.3
2026-04-21 13:35:14.820Z,1.0658,1.0748,336,382,84.1
2026-04-21 13:35:15.571Z,1.0652,1.0748,170,361,89.7
2026-04-21 13:35:16.788Z,1.0643,1.0757,764,654,106.5
2026-04-21 13:35:17.464Z,1.0657,1.0741,623,905,78.5
2026-04-21 13:35:18.852Z,1.0645,1.0761,946,480,108.4
2026-04-21 13:35:19.125Z,1.0649,1.0753,322,740,97.2
2026-04-21 13:35:20.055Z,1.0650,1.0764,325,146,106.5
2026-04-21 13:35:21.769Z,1.0652,1.0768,225,195,108.3
2026-04-21 13:35:22.633Z,1.0662,1.0758,262,200,89.6
2026-04-21 13:35:23.593Z,1.0662,1.0768,273,295,98.9
2026-04-21 13:35:24.723Z,1.0664,1.0780,295,223,108.2
2026-04-21 13:35:25.745Z,1.0674,1.0784,293,242,102.5
2026-04-21 13:35:26.412Z,1.0685,1.0789,189,163,96.9
2026-04-21 13:35:27.603Z,1.0681,1.0799,227,118,109.9
2026-04-21 13:35:28.069Z,1.0701,1.0803,413,154,94.9
2026-04-21 13:35:29.707Z,1.0711,1.0805,341,112,87.4
2026-04-21 13:35:30.775Z,1.0709,1.0823,256,153,105.9
2026-04-21 13:35:31.445Z,1.0727,1.0817,145,100,83.5
2026-04-21 13:35:32.078Z,1.0730,1.0820,348,332,83.5
2026-04-21 13:35:33.139Z,1.0738,1.0824,251,100,79.8
2026-04-21 13:35:34.129Z,1.0728,1.0844,234,253,107.5
2026-04-21 13:35:35.688Z,1.0736,1.0846,402,148,101.9
2026-04-21 13:35:36.812Z,1.0748,1.0846,481,188,90.8
2026-04-21 13:35:37.874Z,1.0747,1.0849,668,320,94.5
2026-04-21 13:35:38.480Z,1.0748,1.0848,990,985,92.6
2026-04-21 13:35:39.359Z,1.0749,1.0843,281,570,87.1
2026-04-21 13:35:40.676Z,1.0743,1.0847,197,405,96.3
2026-04-21 13:35:41.080Z,1.0739,1.0851,300,469,103.8
2026-04-21 13:35:42.030Z,1.0748,1.0830,100,223,76.0
2026-04-21 13:35:43.854Z,1.0735,1.0839,143,199,96.4
2026-04-21 13:35:44.614Z,1.0723,1.0839,344,475,107.6
2026-04-21 13:35:45.511Z,1.0737,1.0819,438,547,76.1
2026-04-21 13:35:46.693Z,1.0727,1.0833,269,220,98.3
2026-04-21 13:35:47.480Z,1.0724,1.0836,770,483,103.9
2026-04-21 13:35:48.479Z,1.0730,1.0824,265,604,87.2
2026-04-21 13:35:49.059Z,1.0722,1.0830,115,170,100.2
2026-04-21 13:35:50.188Z,1.0725,1.0817,129,311,85.4
2026-04-21 13:35:51.825Z,1.0728,1.0814,301,246,79.8
2026-04-21 13:35:52.141Z,1.0724,1.0808,274,453,78.0
2026-04-21 13:35:53.464Z,1.0705,1.0823,244,663,109.6
2026-04-21 13:35:54.326Z,1.0703,1.0821,215,712,109.6
2026-04-21 13:35:55.151Z,1.0699,1.0811,178,672,104.1
2026-04-21 13:35:56.501Z,1.0701,1.0811,762,262,102.3
2026-04-21 13:35:57.781Z,1.0695,1.0807,100,356,104.2
2026-04-21 13:35:58.338Z,1.0691,1.0809,195,286,109.8
2026-04-21 13:35:59.318Z,1.0709,1.0793,402,326,78.1
2026-04-21 13:36:00.747Z,1.0750,1.0844,100,113,87.1
2026-04-21 13:36:01.239Z,1.0750,1.0846,158,100,88.9
2026-04-21 13:36:02.678Z,1.0754,1.0844,100,105,83.3
2026-04-21 13:36:03.072Z,1.0746,1.0846,100,236,92.6
2026-04-21 13:36:04.356Z,1.0751,1.0843,106,100,85.2
2026-04-21 13:36:05.144Z,1.0752,1.0844,121,100,85.2
2026-04-21 13:36:06.735Z,1.0748,1.0850,173,100,94.5
2026-04-21 13:36:07.402Z,1.0754,1.0848,100,113,87.0
2026-04-21 13:36:08.015Z,1.0755,1.0849,161,100,87.0
2026-04-21 13:36:09.861Z,1.0752,1.0846,100,100,87.0
2026-04-21 13:36:10.397Z,1.0753,1.0843,100,100,83.3
2026-04-21 13:36:11.805Z,1.0745,1.0859,177,171,105.5
2026-04-21 13:36:12.567Z,1.0744,1.0858,168,260,105.5
2026-04-21 13:36:13.417Z,1.0747,1.0853,150,254,98.1
2026-04-21 13:36:14.435Z,1.0747,1.0853,100,100,98.1
2026-04-21 13:36:15.233Z,1.0745,1.0851,100,125,98.2
2026-04-21 13:36:16.079Z,1.0746,1.0854,188,100,100.0
2026-04-21 13:36:17.136Z,1.0754,1.0848,227,150,87.0
2026-04-21 13:36:18.656Z,1.0748,1.0850,100,139,94.5
2026-04-21 13:36:19.390Z,1.0756,1.0846,213,100,83.3
2026-04-21 13:36:20.606Z,1.0748,1.0846,100,100,90.8
2026-04-21 13:36:21.524Z,1.0730,1.0850,100,100,111.2
2026-04-21 13:36:22.290Z,1.0733,1.0841,100,123,100.1
2026-04-21 13:36:23.786Z,1.0732,1.0834,100,100,94.6
2026-04-21 13:36:24.747Z,1.0725,1.0835,100,184,102.0
2026-04-21 13:36:25.257Z,1.0722,1.0824,100,100,94.7
2026-04-21 13:36:26.808Z,1.0711,1.0815,100,168,96.6
2026-04-21 13:36:27.265Z,1.0701,1.0817,100,167,107.8
2026-04-21 13:36:28.126Z,1.0691,1.0809,100,100,109.8
2026-04-21 13:36:29.053Z,1.0695,1.0787,100,100,85.7
2026-04-21 13:36:30.761Z,1.0690,1.0782,100,130,85.7
2026-04-21 13:36:31.676Z,1.0687,1.0773,100,100,80.1
2026-04-21 13:36:32.629Z,1.0676,1.0774,100,119,91.4
2026-04-21 13:36:33.419Z,1.0672,1.0760,100,100,82.1
2026-04-21 13:36:34.362Z,1.0653,1.0775,100,100,113.9
2026-04-21 13:36:35.248Z,1.0647,1.0769,100,126,113.9
2026-04-21 13:36:36.392Z,1.0648,1.0762,100,103,106.5
2026-04-21 13:36:37.186Z,1.0652,1.0754,211,318,95.3
2026-04-21 13:36:38.835Z,1.0651,1.0753,181,411,95.3
2026-04-21 13:36:39.104Z,1.0641,1.0755,101,304,106.6
2026-04-21 13:36:40.027Z,1.0655,1.0755,180,175,93.4
2026-04-21 13:36:41.264Z,1.0647,1.0767,170,101,112.1
2026-04-21 13:36:42.728Z,1.0656,1.0762,133,100,99.0
2026-04-21 13:36:43.544Z,1.0664,1.0762,131,114,91.5
2026-04-21 13:36:44.525Z,1.0677,1.0765,146,100,82.1
2026-04-21 13:36:45.386Z,1.0678,1.0768,156,100,83.9
2026-04-21 13:36:46.885Z,1.0682,1.0766,240,149,78.3
2026-04-21 13:36:47.250Z,1.0670,1.0772,100,262,95.1
2026-04-21 13:36:48.728Z,1.0675,1.0777,138,100,95.1
2026-04-21 13:36:49.739Z,1.0675,1.0783,137,100,100.7
2026-04-21 13:36:50.674Z,1.0684,1.0780,119,100,89.5
2026-04-21 13:36:51.400Z,1.0686,1.0792,100,100,98.7
2026-04-21 13:36:52.615Z,1.0697,1.0789,134,109,85.6
2026-04-21 13:36:53.081Z,1.0709,1.0793,114,100,78.1
2026-04-21 13:36:54.458Z,1.0704,1.0806,187,100,94.8
2026-04-21 13:36:55.778Z,1.0711,1.0807,100,117,89.2
2026-04-21 13:36:56.428Z,1.0720,1.0804,140,100,78.1
2026-04-21 13:36:57.777Z,1.0716,1.0816,100,100,92.9
2026-04-21 13:36:58.448Z,1.0712,1.0826,204,137,105.9
2026-04-21 13:36:59.875Z,1.0728,1.0810,174,168,76.1
2026-04-21 13:37:00.802Z,1.0648,1.0752,152,106,97.2
2026-04-21 13:37:01.657Z,1.0649,1.0753,208,147,97.2
2026-04-21 13:37:02.525Z,1.0660,1.0744,252,259,78.5
2026-04-21 13:37:03.804Z,1.0652,1.0752,197,177,93.4
2026-04-21 13:37:04.013Z,1.0657,1.0745,209,492,82.2
2026-04-21 13:37:05.850Z,1.0648,1.0756,216,208,100.9
2026-04-21 13:37:06.328Z,1.0648,1.0752,219,288,97.2
2026-04-21 13:37:07.073Z,1.0659,1.0745,299,203,80.4
2026-04-21 13:37:08.499Z,1.0659,1.0743,100,139,78.5
2026-04-21 13:37:09.276Z,1.0645,1.0751,100,216,99.1
2026-04-21 13:37:10.850Z,1.0649,1.0745,144,470,89.7
2026-04-21 13:37:11.499Z,1.0641,1.0755,318,169,106.6
2026-04-21 13:37:12.498Z,1.0654,1.0746,413,329,86.0
2026-04-21 13:37:13.785Z,1.0657,1.0747,795,343,84.1
2026-04-21 13:37:14.866Z,1.0646,1.0750,127,349,97.2
2026-04-21 13:37:15.726Z,1.0646,1.0758,103,100,104.7
2026-04-21 13:37:16.867Z,1.0642,1.0760,140,392,110.3
2026-04-21 13:37:17.219Z,1.0654,1.0750,513,312,89.7
2026-04-21 13:37:18.776Z,1.0640,1.0760,314,648,112.1
2026-04-21 13:37:19.422Z,1.0643,1.0755,302,430,104.7
2026-04-21 13:37:20.706Z,1.0662,1.0746,357,100,78.5
2026-04-21 13:37:21.729Z,1.0648,1.0758,121,214,102.8
2026-04-21 13:37:22.142Z,1.0661,1.0751,153,100,84.1
2026-04-21 13:37:23.036Z,1.0657,1.0763,100,100,99.0
2026-04-21 13:37:24.334Z,1.0667,1.0751,144,170,78.4
2026-04-21 13:37:25.771Z,1.0666,1.0758,182,107,85.9
2026-04-21 13:37:26.855Z,1.0669,1.0765,306,100,89.6
2026-04-21 13:37:27.708Z,1.0665,1.0779,152,100,106.3
2026-04-21 13:37:28.326Z,1.0670,1.0780,132,118,102.6
2026-04-21 13:37:29.336Z,1.0674,1.0786,150,149,104.4
2026-04-21 13:37:30.772Z,1.0674,1.0788,206,103,106.2
2026-04-21 13:37:31.029Z,1.0686,1.0784,257,148,91.3
2026-04-21 13:37:32.729Z,1.0690,1.0788,104,119,91.3
2026-04-21 13:37:33.314Z,1.0689,1.0791,235,147,95.0
2026-04-21 13:37:34.511Z,1.0689,1.0799,295,125,102.4
2026-04-21 13:37:35.052Z,1.0687,1.0807,100,100,111.7
2026-04-21 13:37:36.884Z,1.0691,1.0807,283,138,107.9
2026-04-21 13:37:37.024Z,1.0688,1.0808,308,903,111.6
2026-04-21 13:37:38.316Z,1.0695,1.0811,630,299,107.9
2026-04-21 13:37:39.341Z,1.0691,1.0811,429,527,111.6
2026-04-21 13:37:40.170Z,1.0702,1.0800,299,437,91.2
2026-04-21 13:37:41.574Z,1.0690,1.0800,104,202,102.4
2026-04-21 13:37:42.224Z,1.0698,1.0790,135,157,85.6
2026-04-21 13:37:43.326Z,1.0690,1.0794,197,376,96.8
2026-04-21 13:37:44.890Z,1.0684,1.0796,185,315,104.3
2026-04-21 13:37:45.818Z,1.0693,1.0787,333,317,87.5
2026-04-21 13:37:46.805Z,1.0688,1.0790,152,231,95.0
2026-04-21 13:37:47.807Z,1.0697,1.0779,208,378,76.4
2026-04-21 13:37:48.303Z,1.0682,1.0784,130,345,95.0
2026-04-21 13:37:49.587Z,1.0690,1.0774,100,178,78.3
2026-04-21 13:37:50.869Z,1.0670,1.0790,204,450,111.8
2026-04-21 13:37:51.857Z,1.0670,1.0780,204,390,102.6
2026-04-21 13:37:52.454Z,1.0682,1.0764,128,311,76.5
2026-04-21 13:37:53.864Z,1.0664,1.0768,100,119,97.1
2026-04-21 13:37:54.238Z,1.0652,1.0768,135,191,108.3
2026-04-21 13:37:55.674Z,1.0648,1.0768,199,208,112.1
2026-04-21 13:37:56.127Z,1.0665,1.0747,140,262,76.6
2026-04-21 13:37:57.835Z,1.0640,1.0760,118,263,112.1
2026-04-21 13:37:58.223Z,1.0662,1.0744,523,215,76.6
2026-04-21 13:37:59.892Z,1.0640,1.0760,144,266,112.1
2026-04-21 13:38:00.117Z,1.0560,1.0640,1157,800,75.5
2026-04-21 13:38:01.259Z,1.0559,1.0645,728,714,81.1
2026-04-21 13:38:02.841Z,1.0564,1.0652,716,294,83.0
2026-04-21 13:38:03.623Z,1.0565,1.0671,1318,474,99.8
2026-04-21 13:38:04.838Z,1.0585,1.0673,1888,562,82.8
2026-04-21 13:38:05.238Z,1.0585,1.0697,1287,1113,105.3
2026-04-21 13:38:06.453Z,1.0605,1.0703,741,616,92.0
2026-04-21 13:38:07.592Z,1.0611,1.0719,1414,729,101.3
2026-04-21 13:38:08.223Z,1.0623,1.0725,666,223,95.6
2026-04-21 13:38:09.385Z,1.0636,1.0740,1504,520,97.3
2026-04-21 13:38:10.264Z,1.0645,1.0737,913,535,86.1
2026-04-21 13:38:11.566Z,1.0638,1.0762,1983,728,115.9
2026-04-21 13:38:12.848Z,1.0652,1.0744,894,2835,86.0
2026-04-21 13:38:13.755Z,1.0643,1.0755,3674,2191,104.7
2026-04-21 13:38:14.474Z,1.0648,1.0736,588,740,82.3
2026-04-21 13:38:15.631Z,1.0638,1.0724,364,932,80.5
2026-04-21 13:38:16.689Z,1.0635,1.0717,423,1381,76.8
2026-04-21 13:38:17.441Z,1.0610,1.0728,818,1828,110.6
2026-04-21 13:38:18.757Z,1.0615,1.0723,1173,1269,101.2
2026-04-21 13:38:19.434Z,1.0618,1.0708,893,2667,84.4
2026-04-21 13:38:20.567Z,1.0602,1.0718,434,596,108.8
2026-04-21 13:38:21.554Z,1.0604,1.0708,216,629,97.6
2026-04-21 13:38:22.219Z,1.0603,1.0699,370,463,90.1
2026-04-21 13:38:23.553Z,1.0593,1.0689,224,825,90.2
2026-04-21 13:38:24.802Z,1.0586,1.0672,408,681,80.9
2026-04-21 13:38:25.685Z,1.0577,1.0663,353,741,81.0
2026-04-21 13:38:26.304Z,1.0545,1.0667,311,530,115.0
2026-04-21 13:38:27.576Z,1.0553,1.0641,330,437,83.0
2026-04-21 13:38:28.691Z,1.0527,1.0637,371,607,104.0
2026-04-21 13:38:29.339Z,1.0515,1.0633,334,635,111.6
2026-04-21 13:38:30.068Z,1.0512,1.0602,369,1057,85.3
2026-04-21 13:38:31.468Z,1.0506,1.0590,389,772,79.6
2026-04-21 13:38:32.608Z,1.0496,1.0582,519,786,81.6
2026-04-21 13:38:33.608Z,1.0468,1.0592,384,957,117.8
2026-04-21 13:38:34.520Z,1.0459,1.0575,220,768,110.3
2026-04-21 13:38:35.073Z,1.0454,1.0566,695,771,106.6
2026-04-21 13:38:36.462Z,1.0446,1.0562,330,1072,110.4
2026-04-21 13:38:37.061Z,1.0458,1.0550,1464,2460,87.6
2026-04-21 13:38:38.606Z,1.0454,1.0542,1976,3427,83.8
2026-04-21 13:38:39.653Z,1.0452,1.0546,1609,1165,89.5
2026-04-21 13:38:40.171Z,1.0452,1.0552,1124,913,95.2
2026-04-21 13:38:41.386Z,1.0463,1.0549,891,552,81.9
2026-04-21 13:38:42.519Z,1.0471,1.0555,1530,691,79.9
2026-04-21 13:38:43.785Z,1.0466,1.0568,395,355,97.0
2026-04-21 13:38:44.696Z,1.0478,1.0572,1106,307,89.3
2026-04-21 13:38:45.788Z,1.0477,1.0579,678,379,96.9
2026-04-21 13:38:46.478Z,1.0481,1.0579,1258,607,93.1
2026-04-21 13:38:47.096Z,1.0479,1.0583,1449,739,98.8
2026-04-21 13:38:48.202Z,1.0475,1.0595,922,512,113.9
2026-04-21 13:38:49.781Z,1.0480,1.0590,791,1046,104.4
2026-04-21 13:38:50.835Z,1.0485,1.0599,747,245,108.1
2026-04-21 13:38:51.543Z,1.0505,1.0597,1085,904,87.2
2026-04-21 13:38:52.435Z,1.0515,1.0603,918,770,83.3
2026-04-21 13:38:53.330Z,1.0505,1.0629,1068,742,117.3
2026-04-21 13:38:54.092Z,1.0533,1.0621,808,514,83.2
2026-04-21 13:38:55.597Z,1.0530,1.0632,1227,508,96.4
2026-04-21 13:38:56.568Z,1.0536,1.0640,2051,743,98.2
2026-04-21 13:38:57.735Z,1.0543,1.0647,798,556,98.2
2026-04-21 13:38:58.293Z,1.0543,1.0657,1479,1037,107.5
2026-04-21 13:38:59.430Z,1.0541,1.0657,701,1486,109.4
2026-04-21 13:39:00.003Z,1.0544,1.0656,186,147,105.7
2026-04-21 13:39:01.713Z,1.0555,1.0639,104,259,79.3
2026-04-21 13:39:02.653Z,1.0549,1.0653,174,138,98.1
2026-04-21 13:39:03.570Z,1.0556,1.0648,182,152,86.8
2026-04-21 13:39:04.318Z,1.0558,1.0644,128,369,81.1
2026-04-21 13:39:05.320Z,1.0540,1.0660,157,332,113.2
2026-04-21 13:39:06.779Z,1.0550,1.0650,156,127,94.3
2026-04-21 13:39:07.514Z,1.0541,1.0655,105,153,107.6
2026-04-21 13:39:08.279Z,1.0549,1.0653,100,100,98.1
2026-04-21 13:39:09.066Z,1.0553,1.0645,100,142,86.8
2026-04-21 13:39:10.550Z,1.0558,1.0646,232,165,83.0
2026-04-21 13:39:11.483Z,1.0537,1.0659,127,264,115.1
2026-04-21 13:39:12.067Z,1.0540,1.0658,317,176,111.3
2026-04-21 13:39:13.313Z,1.0558,1.0646,458,254,83.0
2026-04-21 13:39:14.117Z,1.0548,1.0652,100,100,98.1
2026-04-21 13:39:15.039Z,1.0548,1.0652,100,102,98.1
2026-04-21 13:39:16.445Z,1.0543,1.0651,133,390,101.9
2026-04-21 13:39:17.560Z,1.0542,1.0662,371,217,113.2
2026-04-21 13:39:18.428Z,1.0551,1.0649,115,135,92.5
2026-04-21 13:39:19.338Z,1.0557,1.0639,100,138,77.4
2026-04-21 13:39:20.476Z,1.0551,1.0639,100,191,83.1
2026-04-21 13:39:21.088Z,1.0549,1.0643,102,100,88.7
2026-04-21 13:39:22.659Z,1.0528,1.0650,106,171,115.2
2026-04-21 13:39:23.442Z,1.0545,1.0629,105,230,79.3
2026-04-21 13:39:24.666Z,1.0521,1.0631,100,107,104.0
2026-04-21 13:39:25.757Z,1.0516,1.0634,111,155,111.6
2026-04-21 13:39:26.209Z,1.0516,1.0614,100,100,92.8
2026-04-21 13:39:27.240Z,1.0506,1.0612,100,163,100.4
2026-04-21 13:39:28.331Z,1.0505,1.0597,100,100,87.2
2026-04-21 13:39:29.217Z,1.0485,1.0605,100,162,113.8
2026-04-21 13:39:30.246Z,1.0479,1.0595,117,126,110.1
2026-04-21 13:39:31.392Z,1.0486,1.0576,100,112,85.5
2026-04-21 13:39:32.579Z,1.0486,1.0570,100,100,79.8
2026-04-21 13:39:33.250Z,1.0465,1.0573,100,111,102.7
2026-04-21 13:39:34.247Z,1.0468,1.0560,100,256,87.5
2026-04-21 13:39:35.024Z,1.0458,1.0568,100,118,104.6
2026-04-21 13:39:36.272Z,1.0462,1.0552,109,116,85.7
2026-04-21 13:39:37.812Z,1.0458,1.0550,106,467,87.6
2026-04-21 13:39:38.702Z,1.0455,1.0559,155,118,99.0
2026-04-21 13:39:39.347Z,1.0452,1.0558,260,468,100.9
2026-04-21 13:39:40.362Z,1.0467,1.0551,552,196,79.9
2026-04-21 13:39:41.275Z,1.0459,1.0557,100,124,93.3
2026-04-21 13:39:42.673Z,1.0467,1.0555,100,100,83.7
2026-04-21 13:39:43.403Z,1.0465,1.0559,101,100,89.4
2026-04-21 13:39:44.004Z,1.0464,1.0566,132,100,97.0
2026-04-21 13:39:45.437Z,1.0464,1.0566,287,215,97.0
2026-04-21 13:39:46.634Z,1.0471,1.0569,189,150,93.2
2026-04-21 13:39:47.419Z,1.0471,1.0569,133,263,93.2
2026-04-21 13:39:48.150Z,1.0479,1.0561,117,150,77.9
2026-04-21 13:39:49.210Z,1.0466,1.0572,100,256,100.8
2026-04-21 13:39:50.545Z,1.0465,1.0567,100,110,97.0
2026-04-21 13:39:51.769Z,1.0473,1.0559,178,194,81.8
2026-04-21 13:39:52.181Z,1.0465,1.0565,142,189,95.1
2026-04-21 13:39:53.306Z,1.0464,1.0572,235,127,102.7
2026-04-21 13:39:54.632Z,1.0460,1.0576,125,136,110.3
2026-04-21 13:39:55.548Z,1.0471,1.0561,100,164,85.6
2026-04-21 13:39:56.413Z,1.0459,1.0571,104,263,106.5
2026-04-21 13:39:57.035Z,1.0466,1.0568,296,100,97.0
2026-04-21 13:39:58.699Z,1.0473,1.0557,100,184,79.9
2026-04-21 13:39:59.121Z,1.0472,1.0560,253,149,83.7
2026-04-21 13:40:00.795Z,1.0557,1.0643,204,143,81.1
2026-04-21 13:40:01.505Z,1.0553,1.0647,203,233,88.7
2026-04-21 13:40:02.551Z,1.0546,1.0650,121,201,98.1
2026-04-21 13:40:03.385Z,1.0545,1.0653,303,124,101.9
2026-04-21 13:40:04.651Z,1.0544,1.0660,239,165,109.4
2026-04-21 13:40:05.386Z,1.0542,1.0656,139,374,107.6
2026-04-21 13:40:06.585Z,1.0543,1.0655,100,134,105.7
2026-04-21 13:40:07.082Z,1.0544,1.0656,138,100,105.7
2026-04-21 13:40:08.099Z,1.0543,1.0657,163,145,107.5
2026-04-21 13:40:09.176Z,1.0540,1.0656,100,152,109.5
2026-04-21 13:40:10.486Z,1.0551,1.0651,130,106,94.3
2026-04-21 13:40:11.666Z,1.0546,1.0656,508,372,103.8
2026-04-21 13:40:12.655Z,1.0555,1.0649,632,363,88.7
2026-04-21 13:40:13.035Z,1.0552,1.0648,299,634,90.6
2026-04-21 13:40:14.115Z,1.0544,1.0662,121,120,111.3
2026-04-21 13:40:15.749Z,1.0552,1.0654,100,100,96.2
2026-04-21 13:40:16.679Z,1.0552,1.0650,186,568,92.4
2026-04-21 13:40:17.362Z,1.0539,1.0659,100,258,113.2
2026-04-21 13:40:18.460Z,1.0543,1.0659,287,270,109.4
2026-04-21 13:40:19.490Z,1.0544,1.0658,228,168,107.5
2026-04-21 13:40:20.303Z,1.0548,1.0662,100,100,107.5
2026-04-21 13:40:21.588Z,1.0545,1.0663,100,115,111.3
2026-04-21 13:40:22.588Z,1.0561,1.0661,165,118,94.2
2026-04-21 13:40:23.318Z,1.0561,1.0665,128,114,98.0
2026-04-21 13:40:24.839Z,1.0565,1.0669,125,100,98.0
2026-04-21 13:40:25.328Z,1.0582,1.0670,167,118,82.8
2026-04-21 13:40:26.194Z,1.0583,1.0677,230,127,88.4
2026-04-21 13:40:27.350Z,1.0592,1.0680,217,134,82.7
2026-04-21 13:40:28.093Z,1.0586,1.0696,100,100,103.4
2026-04-21 13:40:29.555Z,1.0589,1.0707,165,102,110.8
2026-04-21 13:40:30.873Z,1.0596,1.0708,107,100,105.1
2026-04-21 13:40:31.830Z,1.0599,1.0715,118,100,108.8
2026-04-21 13:40:32.794Z,1.0622,1.0712,127,100,84.4
2026-04-21 13:40:33.074Z,1.0624,1.0716,228,100,86.2
2026-04-21 13:40:34.611Z,1.0626,1.0728,155,100,95.5
2026-04-21 13:40:35.641Z,1.0632,1.0728,100,100,89.9
2026-04-21 13:40:36.038Z,1.0623,1.0741,236,100,110.5
2026-04-21 13:40:37.368Z,1.0626,1.0738,301,312,104.8
2026-04-21 13:40:38.573Z,1.0626,1.0746,220,209,112.3
2026-04-21 13:40:39.083Z,1.0629,1.0741,201,366,104.8
2026-04-21 13:40:40.081Z,1.0635,1.0729,451,661,88.0
2026-04-21 13:40:41.016Z,1.0635,1.0725,100,124,84.3
2026-04-21 13:40:42.039Z,1.0623,1.0735,100,110,104.9
2026-04-21 13:40:43.318Z,1.0619,1.0735,100,183,108.6
2026-04-21 13:40:44.318Z,1.0629,1.0717,119,152,82.5
2026-04-21 13:40:45.481Z,1.0632,1.0712,225,310,75.0
2026-04-21 13:40:46.011Z,1.0623,1.0725,321,188,95.6
2026-04-21 13:40:47.233Z,1.0619,1.0725,100,206,99.3
2026-04-21 13:40:48.795Z,1.0618,1.0730,129,100,104.9
2026-04-21 13:40:49.815Z,1.0634,1.0718,194,137,78.7
2026-04-21 13:40:50.197Z,1.0622,1.0724,127,183,95.6
2026-04-21 13:40:51.523Z,1.0633,1.0715,261,179,76.8
2026-04-21 13:40:52.653Z,1.0622,1.0736,139,100,106.8
2026-04-21 13:40:53.071Z,1.0626,1.0732,152,100,99.3
2026-04-21 13:40:54.001Z,1.0635,1.0725,191,148,84.3
2026-04-21 13:40:55.868Z,1.0629,1.0733,143,181,97.4
2026-04-21 13:40:56.130Z,1.0641,1.0723,408,152,76.8
2026-04-21 13:40:57.398Z,1.0635,1.0731,376,177,89.9
2026-04-21 13:40:58.004Z,1.0629,1.0739,205,100,103.0
2026-04-21 13:40:59.796Z,1.0632,1.0736,159,164,97.3
2026-04-21 13:41:00.470Z,1.0649,1.0749,100,100,93.5
2026-04-21 13:41:01.852Z,1.0645,1.0753,100,100,100.9
2026-04-21 13:41:02.737Z,1.0644,1.0758,100,100,106.5
2026-04-21 13:41:03.555Z,1.0659,1.0743,100,100,78.5
2026-04-21 13:41:04.528Z,1.0659,1.0741,100,100,76.6
2026-04-21 13:41:05.147Z,1.0654,1.0742,100,100,82.3
2026-04-21 13:41:06.440Z,1.0659,1.0743,100,100,78.5
2026-04-21 13:41:07.589Z,1.0644,1.0756,100,100,104.7
2026-04-21 13:41:08.187Z,1.0639,1.0757,100,100,110.3
2026-04-21 13:41:09.701Z,1.0655,1.0743,100,100,82.3
2026-04-21 13:41:10.014Z,1.0651,1.0751,100,100,93.4
2026-04-21 13:41:11.537Z,1.0652,1.0744,100,100,86.0
2026-04-21 13:41:12.127Z,1.0651,1.0749,100,100,91.6
2026-04-21 13:41:13.870Z,1.0646,1.0748,100,100,95.4
2026-04-21 13:41:14.386Z,1.0652,1.0744,100,100,86.0
2026-04-21 13:41:15.743Z,1.0642,1.0760,100,100,110.3
2026-04-21 13:41:16.251Z,1.0641,1.0755,100,100,106.6
2026-04-21 13:41:17.145Z,1.0651,1.0751,100,100,93.4
2026-04-21 13:41:18.140Z,1.0643,1.0757,100,100,106.5
2026-04-21 13:41:19.107Z,1.0650,1.0750,100,100,93.5
2026-04-21 13:41:20.648Z,1.0643,1.0749,100,100,99.1
2026-04-21 13:41:21.285Z,1.0637,1.0755,100,100,110.3
2026-04-21 13:41:22.516Z,1.0648,1.0744,100,100,89.8
2026-04-21 13:41:23.322Z,1.0650,1.0736,100,100,80.4
2026-04-21 13:41:24.280Z,1.0637,1.0743,100,100,99.2
2026-04-21 13:41:25.053Z,1.0627,1.0747,100,100,112.3
2026-04-21 13:41:26.082Z,1.0633,1.0731,100,100,91.7
2026-04-21 13:41:27.677Z,1.0639,1.0721,100,100,76.8
2026-04-21 13:41:28.235Z,1.0620,1.0734,100,100,106.8
2026-04-21 13:41:29.175Z,1.0625,1.0717,100,100,86.2
2026-04-21 13:41:30.771Z,1.0608,1.0726,100,100,110.6
2026-04-21 13:41:31.726Z,1.0604,1.0722,100,100,110.7
2026-04-21 13:41:32.777Z,1.0609,1.0715,100,100,99.4
2026-04-21 13:41:33.464Z,1.0603,1.0715,100,100,105.1
2026-04-21 13:41:34.022Z,1.0607,1.0705,100,100,92.0
2026-04-21 13:41:35.461Z,1.0603,1.0701,100,100,92.0
2026-04-21 13:41:36.104Z,1.0604,1.0694,100,100,84.5
2026-04-21 13:41:37.714Z,1.0605,1.0691,100,100,80.8
2026-04-21 13:41:38.301Z,1.0603,1.0693,100,100,84.5
2026-04-21 13:41:39.113Z,1.0592,1.0706,100,100,107.1
2026-04-21 13:41:40.416Z,1.0604,1.0692,100,100,82.6
2026-04-21 13:41:41.845Z,1.0592,1.0706,100,100,107.1
2026-04-21 13:41:42.193Z,1.0609,1.0699,100,100,84.5
2026-04-21 13:41:43.402Z,1.0601,1.0703,100,100,95.8
2026-04-21 13:41:44.635Z,1.0607,1.0699,100,100,86.4
2026-04-21 13:41:45.020Z,1.0602,1.0700,100,100,92.0
2026-04-21 13:41:46.092Z,1.0604,1.0702,100,100,92.0
2026-04-21 13:41:47.585Z,1.0600,1.0708,100,100,101.4
2026-04-21 13:41:48.197Z,1.0613,1.0699,100,100,80.7
2026-04-21 13:41:49.331Z,1.0612,1.0694,100,100,77.0
2026-04-21 13:41:50.115Z,1.0600,1.0704,100,100,97.6
2026-04-21 13:41:51.677Z,1.0609,1.0695,100,100,80.7
2026-04-21 13:41:52.802Z,1.0611,1.0695,100,100,78.9
2026-04-21 13:41:53.316Z,1.0604,1.0696,100,100,86.4
2026-04-21 13:41:54.248Z,1.0594,1.0710,100,100,108.9
2026-04-21 13:41:55.696Z,1.0600,1.0698,100,100,92.0
2026-04-21 13:41:56.048Z,1.0603,1.0701,100,100,92.0
2026-04-21 13:41:57.100Z,1.0608,1.0698,100,100,84.5
2026-04-21 13:41:58.085Z,1.0591,1.0711,100,100,112.7
2026-04-21 13:41:59.858Z,1.0596,1.0704,100,100,101.4
2026-04-21 13:42:00.208Z,1.0590,1.0700,262,175,103.3
2026-04-21 13:42:01.639Z,1.0591,1.0695,125,268,97.7
2026-04-21 13:42:02.520Z,1.0587,1.0703,262,175,109.0
2026-04-21 13:42:03.183Z,1.0603,1.0689,244,105,80.8
2026-04-21 13:42:04.694Z,1.0601,1.0691,214,220,84.5
2026-04-21 13:42:05.663Z,1.0597,1.0685,100,202,82.7
2026-04-21 13:42:06.352Z,1.0591,1.0693,210,108,95.8
2026-04-21 13:42:07.544Z,1.0589,1.0689,100,163,94.0
2026-04-21 13:42:08.827Z,1.0585,1.0699,219,144,107.1
2026-04-21 13:42:09.270Z,1.0588,1.0690,111,234,95.9
2026-04-21 13:42:10.274Z,1.0579,1.0697,153,144,110.9
2026-04-21 13:42:11.857Z,1.0598,1.0686,486,331,82.7
2026-04-21 13:42:12.500Z,1.0586,1.0692,210,723,99.6
2026-04-21 13:42:13.735Z,1.0590,1.0688,258,309,92.1
2026-04-21 13:42:14.816Z,1.0594,1.0682,183,366,82.7
2026-04-21 13:42:15.126Z,1.0588,1.0694,160,100,99.6
2026-04-21 13:42:16.374Z,1.0600,1.0680,150,614,75.2
2026-04-21 13:42:17.795Z,1.0596,1.0688,324,243,86.4
2026-04-21 13:42:18.204Z,1.0595,1.0693,544,268,92.1
2026-04-21 13:42:19.268Z,1.0603,1.0687,240,254,78.9
2026-04-21 13:42:20.559Z,1.0597,1.0703,175,100,99.5
2026-04-21 13:42:21.586Z,1.0609,1.0699,265,130,84.5
2026-04-21 13:42:22.422Z,1.0614,1.0710,166,104,90.0
2026-04-21 13:42:23.579Z,1.0613,1.0727,200,145,106.8
2026-04-21 13:42:24.157Z,1.0625,1.0733,202,105,101.1
2026-04-21 13:42:25.851Z,1.0644,1.0728,230,109,78.6
2026-04-21 13:42:26.235Z,1.0649,1.0741,131,100,86.0
2026-04-21 13:42:27.413Z,1.0649,1.0765,164,100,108.3
2026-04-21 13:42:28.304Z,1.0673,1.0765,150,156,85.8
2026-04-21 13:42:29.481Z,1.0686,1.0778,251,152,85.7
2026-04-21 13:42:30.391Z,1.0695,1.0783,157,132,81.9
2026-04-21 13:42:31.797Z,1.0695,1.0815,241,111,111.6
2026-04-21 13:42:32.398Z,1.0704,1.0820,249,137,107.8
2026-04-21 13:42:33.632Z,1.0731,1.0819,100,100,81.7
2026-04-21 13:42:34.663Z,1.0718,1.0838,163,100,111.3
2026-04-21 13:42:35.512Z,1.0743,1.0835,221,100,85.3
2026-04-21 13:42:36.855Z,1.0745,1.0841,207,100,88.9
2026-04-21 13:42:37.372Z,1.0739,1.0853,597,208,105.6
2026-04-21 13:42:38.669Z,1.0742,1.0850,344,229,100.0
2026-04-21 13:42:39.184Z,1.0749,1.0845,313,184,88.9
2026-04-21 13:42:40.256Z,1.0749,1.0841,308,427,85.2
2026-04-21 13:42:41.450Z,1.0744,1.0840,149,274,89.0
2026-04-21 13:42:42.587Z,1.0739,1.0835,108,303,89.0
2026-04-21 13:42:43.006Z,1.0741,1.0827,100,199,79.7
2026-04-21 13:42:44.089Z,1.0721,1.0839,116,114,109.5
2026-04-21 13:42:45.111Z,1.0730,1.0828,164,352,90.9
2026-04-21 13:42:46.861Z,1.0732,1.0828,177,157,89.1
2026-04-21 13:42:47.393Z,1.0720,1.0840,198,100,111.3
2026-04-21 13:42:48.170Z,1.0734,1.0826,201,145,85.3
2026-04-21 13:42:49.013Z,1.0727,1.0839,186,115,103.9
2026-04-21 13:42:50.591Z,1.0742,1.0828,141,139,79.7
2026-04-21 13:42:51.234Z,1.0735,1.0835,186,209,92.7
2026-04-21 13:42:52.482Z,1.0732,1.0838,156,102,98.3
2026-04-21 13:42:53.507Z,1.0747,1.0831,345,261,77.9
2026-04-21 13:42:54.513Z,1.0739,1.0843,132,139,96.4
2026-04-21 13:42:55.584Z,1.0743,1.0841,197,100,90.8
2026-04-21 13:42:56.004Z,1.0752,1.0840,256,155,81.5
2026-04-21 13:42:57.393Z,1.0743,1.0849,211,300,98.2
2026-04-21 13:42:58.696Z,1.0741,1.0853,292,143,103.7
2026-04-21 13:42:59.254Z,1.0750,1.0846,229,125,88.9
2026-04-21 13:44:00.625Z,1.0657,1.0743,100,100,80.4
2026-04-21 13:44:01.076Z,1.0647,1.0757,100,100,102.8
2026-04-21 13:44:02.138Z,1.0656,1.0746,100,100,84.1
2026-04-21 13:44:03.286Z,1.0651,1.0749,100,100,91.6
2026-04-21 13:44:04.449Z,1.0641,1.0757,100,100,108.4
2026-04-21 13:44:05.820Z,1.0645,1.0757,100,100,104.7
2026-04-21 13:44:06.785Z,1.0641,1.0757,100,100,108.4
2026-04-21 13:44:07.588Z,1.0656,1.0748,100,100,86.0
2026-04-21 13:44:08.433Z,1.0660,1.0744,100,100,78.5
2026-04-21 13:44:09.042Z,1.0657,1.0745,100,100,82.2
2026-04-21 13:44:10.748Z,1.0653,1.0745,100,100,86.0
2026-04-21 13:44:11.731Z,1.0648,1.0748,100,252,93.5
2026-04-21 13:44:12.825Z,1.0640,1.0760,149,100,112.1
2026-04-21 13:44:13.478Z,1.0657,1.0747,241,135,84.1
2026-04-21 13:44:14.507Z,1.0648,1.0752,100,100,97.2
2026-04-21 13:44:15.892Z,1.0655,1.0743,100,100,82.3
2026-04-21 13:44:16.478Z,1.0658,1.0740,100,100,76.6
2026-04-21 13:44:17.720Z,1.0652,1.0746,100,100,87.9
2026-04-21 13:44:18.855Z,1.0650,1.0748,100,106,91.6
2026-04-21 13:44:19.740Z,1.0644,1.0758,100,100,106.5
2026-04-21 13:44:20.619Z,1.0655,1.0745,100,100,84.1
2026-04-21 13:44:21.864Z,1.0655,1.0743,100,100,82.3
2026-04-21 13:44:22.198Z,1.0647,1.0753,100,100,99.1
2026-04-21 13:44:23.160Z,1.0641,1.0755,100,100,106.6
2026-04-21 13:44:24.043Z,1.0650,1.0746,100,100,89.7
2026-04-21 13:44:25.414Z,1.0653,1.0751,100,100,91.6
2026-04-21 13:44:26.653Z,1.0656,1.0742,100,100,80.4
2026-04-21 13:44:27.842Z,1.0647,1.0755,100,100,100.9
2026-04-21 13:44:28.144Z,1.0648,1.0748,100,100,93.5
2026-04-21 13:44:29.371Z,1.0648,1.0750,100,100,95.3
2026-04-21 13:44:30.841Z,1.0643,1.0753,100,100,102.8
2026-04-21 13:44:31.889Z,1.0640,1.0756,100,100,108.4
2026-04-21 13:44:32.507Z,1.0652,1.0754,100,100,95.3
2026-04-21 13:44:33.677Z,1.0643,1.0761,100,100,110.3
2026-04-21 13:44:34.143Z,1.0645,1.0753,100,100,100.9
2026-04-21 13:44:35.589Z,1.0660,1.0742,100,100,76.6
2026-04-21 13:44:36.245Z,1.0642,1.0758,100,100,108.4
2026-04-21 13:44:37.419Z,1.0646,1.0760,152,100,106.5
2026-04-21 13:44:38.227Z,1.0644,1.0756,100,144,104.7
2026-04-21 13:44:39.105Z,1.0640,1.0758,100,138,110.3
2026-04-21 13:44:40.173Z,1.0644,1.0754,100,100,102.8
2026-04-21 13:44:41.095Z,1.0644,1.0762,100,100,110.2
2026-04-21 13:44:42.155Z,1.0658,1.0748,100,100,84.1
2026-04-21 13:44:43.467Z,1.0641,1.0761,100,100,112.1
2026-04-21 13:44:44.666Z,1.0647,1.0759,100,100,104.6
2026-04-21 13:44:45.493Z,1.0647,1.0755,100,100,100.9
2026-04-21 13:44:46.509Z,1.0653,1.0747,100,100,87.9
2026-04-21 13:44:47.292Z,1.0654,1.0748,100,100,87.8
2026-04-21 13:44:48.840Z,1.0652,1.0754,100,100,95.3
2026-04-21 13:44:49.816Z,1.0659,1.0747,100,100,82.2
2026-04-21 13:44:50.210Z,1.0642,1.0762,100,100,112.1
2026-04-21 13:44:51.636Z,1.0651,1.0747,100,103,89.7
2026-04-21 13:44:52.378Z,1.0656,1.0740,100,104,78.5
2026-04-21 13:44:53.318Z,1.0642,1.0762,100,100,112.1
2026-04-21 13:44:54.869Z,1.0659,1.0741,100,100,76.6
2026-04-21 13:44:55.178Z,1.0646,1.0756,101,100,102.8
2026-04-21 13:44:56.498Z,1.0642,1.0754,100,100,104.7
2026-04-21 13:44:57.388Z,1.0647,1.0749,100,100,95.3
2026-04-21 13:44:58.689Z,1.0642,1.0754,100,100,104.7
2026-04-21 13:44:59.093Z,1.0657,1.0743,101,100,80.4
2026-04-21 13:45:00.473Z,1.0552,1.0648,144,139,90.6
2026-04-21 13:45:01.673Z,1.0552,1.0644,101,143,86.8
2026-04-21 13:45:02.415Z,1.0550,1.0650,326,154,94.3
2026-04-21 13:45:03.750Z,1.0559,1.0645,214,145,81.1
2026-04-21 13:45:04.148Z,1.0540,1.0658,100,194,111.3
2026-04-21 13:45:05.458Z,1.0548,1.0654,317,160,100.0
2026-04-21 13:45:06.607Z,1.0548,1.0650,168,224,96.2
2026-04-21 13:45:07.657Z,1.0551,1.0653,135,104,96.2
2026-04-21 13:45:08.591Z,1.0544,1.0654,100,251,103.8
2026-04-21 13:45:09.063Z,1.0559,1.0643,274,107,79.2
2026-04-21 13:45:10.494Z,1.0549,1.0647,108,192,92.5
2026-04-21 13:45:11.323Z,1.0553,1.0649,365,194,90.6
2026-04-21 13:45:12.082Z,1.0541,1.0657,125,397,109.4
2026-04-21 13:45:13.725Z,1.0551,1.0653,256,225,96.2
2026-04-21 13:45:14.039Z,1.0556,1.0646,100,307,84.9
2026-04-21 13:45:15.047Z,1.0548,1.0648,100,181,94.4
2026-04-21 13:45:16.503Z,1.0559,1.0643,331,139,79.2
2026-04-21 13:45:17.045Z,1.0545,1.0651,117,369,100.0
2026-04-21 13:45:18.218Z,1.0541,1.0659,328,147,111.3
2026-04-21 13:45:19.331Z,1.0557,1.0639,244,426,77.4
2026-04-21 13:45:20.053Z,1.0562,1.0644,115,148,77.3
2026-04-21 13:45:21.120Z,1.0552,1.0650,110,203,92.4
2026-04-21 13:45:22.236Z,1.0553,1.0661,154,100,101.8
2026-04-21 13:45:23.084Z,1.0548,1.0668,132,100,113.1
2026-04-21 13:45:24.341Z,1.0563,1.0659,172,134,90.5
2026-04-21 13:45:25.310Z,1.0563,1.0663,280,100,94.2
2026-04-21 13:45:26.687Z,1.0568,1.0670,202,101,96.1
2026-04-21 13:45:27.819Z,1.0573,1.0673,100,100,94.1
2026-04-21 13:45:28.748Z,1.0573,1.0673,138,133,94.1
2026-04-21 13:45:29.729Z,1.0571,1.0689,217,174,111.0
2026-04-21 13:45:30.764Z,1.0588,1.0678,100,100,84.6
2026-04-21 13:45:31.153Z,1.0577,1.0693,141,136,109.1
2026-04-21 13:45:32.856Z,1.0583,1.0691,207,157,101.5
2026-04-21 13:45:33.454Z,1.0593,1.0685,181,100,86.5
2026-04-21 13:45:34.096Z,1.0585,1.0703,229,141,110.9
2026-04-21 13:45:35.892Z,1.0602,1.0694,114,100,86.4
2026-04-21 13:45:36.481Z,1.0610,1.0692,160,106,77.0
2026-04-21 13:45:37.703Z,1.0592,1.0708,125,290,108.9
2026-04-21 13:45:38.302Z,1.0607,1.0697,265,100,84.5
2026-04-21 13:45:39.855Z,1.0597,1.0705,409,682,101.4
2026-04-21 13:45:40.103Z,1.0607,1.0693,109,325,80.8
2026-04-21 13:45:41.268Z,1.0595,1.0707,114,102,105.2
2026-04-21 13:45:42.761Z,1.0603,1.0691,100,117,82.7
2026-04-21 13:45:43.154Z,1.0589,1.0705,132,111,109.0
2026-04-21 13:45:44.493Z,1.0587,1.0705,104,195,110.8
2026-04-21 13:45:45.088Z,1.0593,1.0695,195,468,95.8
2026-04-21 13:45:46.004Z,1.0589,1.0701,239,135,105.2
2026-04-21 13:45:47.743Z,1.0593,1.0701,278,211,101.4
2026-04-21 13:45:48.368Z,1.0596,1.0700,187,152,97.7
2026-04-21 13:45:49.163Z,1.0596,1.0700,127,100,97.7
2026-04-21 13:45:50.356Z,1.0600,1.0690,100,200,84.5
2026-04-21 13:45:51.221Z,1.0604,1.0692,174,100,82.6
2026-04-21 13:45:52.452Z,1.0598,1.0696,112,182,92.0
2026-04-21 13:45:53.325Z,1.0600,1.0698,127,151,92.0
2026-04-21 13:45:54.007Z,1.0596,1.0706,124,127,103.3
2026-04-21 13:45:55.829Z,1.0596,1.0704,179,363,101.4
2026-04-21 13:45:56.149Z,1.0602,1.0696,100,175,88.3
2026-04-21 13:45:57.048Z,1.0606,1.0698,373,184,86.4
2026-04-21 13:45:58.246Z,1.0598,1.0700,176,353,95.8
2026-04-21 13:45:59.587Z,1.0601,1.0699,344,151,92.0
2026-04-21 13:46:00.736Z,1.0603,1.0697,300,213,88.3
2026-04-21 13:46:01.422Z,1.0600,1.0704,551,295,97.6
2026-04-21 13:46:02.085Z,1.0601,1.0709,680,212,101.4
2026-04-21 13:46:03.642Z,1.0599,1.0713,509,269,107.0
2026-04-21 13:46:04.860Z,1.0618,1.0710,440,303,86.3
2026-04-21 13:46:05.559Z,1.0616,1.0722,415,172,99.4
2026-04-21 13:46:06.186Z,1.0627,1.0723,366,190,89.9
2026-04-21 13:46:07.700Z,1.0635,1.0723,581,334,82.4
2026-04-21 13:46:08.303Z,1.0624,1.0744,269,210,112.3
2026-04-21 13:46:09.485Z,1.0642,1.0742,655,217,93.5
2026-04-21 13:46:10.236Z,1.0648,1.0738,376,282,84.2
2026-04-21 13:46:11.746Z,1.0642,1.0756,784,592,106.6
2026-04-21 13:46:12.141Z,1.0636,1.0754,959,1368,110.3
2026-04-21 13:46:13.514Z,1.0651,1.0737,380,1247,80.4
2026-04-21 13:46:14.801Z,1.0641,1.0749,326,178,101.0
2026-04-21 13:46:15.393Z,1.0640,1.0742,120,293,95.4
2026-04-21 13:46:16.071Z,1.0632,1.0746,316,968,106.7
2026-04-21 13:46:17.525Z,1.0627,1.0741,586,918,106.7
2026-04-21 13:46:18.820Z,1.0641,1.0733,668,397,86.1
2026-04-21 13:46:19.158Z,1.0621,1.0741,672,1421,112.3
2026-04-21 13:46:20.663Z,1.0620,1.0736,291,409,108.6
2026-04-21 13:46:21.259Z,1.0617,1.0735,178,281,110.5
2026-04-21 13:46:22.348Z,1.0625,1.0711,149,219,80.6
2026-04-21 13:46:23.055Z,1.0601,1.0719,117,337,110.7
2026-04-21 13:46:24.390Z,1.0601,1.0707,160,345,99.5
2026-04-21 13:46:25.837Z,1.0599,1.0689,152,328,84.6
2026-04-21 13:46:26.058Z,1.0592,1.0684,218,221,86.5
2026-04-21 13:46:27.869Z,1.0577,1.0673,134,323,90.4
2026-04-21 13:46:28.778Z,1.0570,1.0668,101,206,92.3
2026-04-21 13:46:29.236Z,1.0553,1.0665,154,223,105.6
2026-04-21 13:46:30.221Z,1.0554,1.0642,128,245,83.0
2026-04-21 13:46:31.223Z,1.0526,1.0650,286,397,117.1
2026-04-21 13:46:32.892Z,1.0520,1.0642,158,166,115.3
2026-04-21 13:46:33.743Z,1.0512,1.0632,191,338,113.5
2026-04-21 13:46:34.661Z,1.0517,1.0615,324,682,92.8
2026-04-21 13:46:35.093Z,1.0511,1.0613,227,377,96.6
2026-04-21 13:46:36.155Z,1.0506,1.0602,187,408,91.0
2026-04-21 13:46:37.846Z,1.0501,1.0599,390,1115,92.9
2026-04-21 13:46:38.645Z,1.0505,1.0599,924,817,89.1
2026-04-21 13:46:39.258Z,1.0490,1.0608,727,1654,111.9
2026-04-21 13:46:40.735Z,1.0500,1.0600,618,610,94.8
2026-04-21 13:46:41.174Z,1.0498,1.0610,255,161,106.1
2026-04-21 13:46:42.214Z,1.0493,1.0613,259,661,113.7
2026-04-21 13:46:43.402Z,1.0510,1.0602,400,134,87.2
2026-04-21 13:46:44.476Z,1.0514,1.0604,595,406,85.2
2026-04-21 13:46:45.623Z,1.0505,1.0615,593,445,104.2
2026-04-21 13:46:46.198Z,1.0507,1.0611,450,788,98.5
2026-04-21 13:46:47.447Z,1.0502,1.0624,583,369,115.5
2026-04-21 13:46:48.518Z,1.0502,1.0620,316,499,111.7
2026-04-21 13:46:49.217Z,1.0506,1.0610,202,466,98.5
2026-04-21 13:46:50.665Z,1.0500,1.0620,471,273,113.6
2026-04-21 13:46:51.822Z,1.0505,1.0609,165,508,98.5
2026-04-21 13:46:52.603Z,1.0503,1.0611,498,522,102.3
2026-04-21 13:46:53.755Z,1.0515,1.0597,327,738,77.7
2026-04-21 13:46:54.336Z,1.0495,1.0615,199,332,113.7
2026-04-21 13:46:55.898Z,1.0498,1.0602,242,840,98.6
2026-04-21 13:46:56.173Z,1.0506,1.0592,242,423,81.5
2026-04-21 13:46:57.382Z,1.0507,1.0597,768,391,85.3
2026-04-21 13:46:58.528Z,1.0492,1.0608,107,388,110.0
2026-04-21 13:46:59.730Z,1.0504,1.0596,490,507,87.2
2026-04-21 13:47:00.286Z,1.0555,1.0645,129,115,84.9
2026-04-21 13:47:01.776Z,1.0555,1.0645,107,225,84.9
2026-04-21 13:47:02.213Z,1.0539,1.0657,100,109,111.3
2026-04-21 13:47:03.722Z,1.0541,1.0655,143,228,107.6
2026-04-21 13:47:04.598Z,1.0548,1.0652,100,100,98.1
2026-04-21 13:47:05.179Z,1.0557,1.0649,244,100,86.8
2026-04-21 13:47:06.387Z,1.0545,1.0651,100,100,100.0
2026-04-21 13:47:07.364Z,1.0552,1.0644,137,192,86.8
2026-04-21 13:47:08.138Z,1.0550,1.0650,120,100,94.3
2026-04-21 13:47:09.077Z,1.0546,1.0654,100,100,101.9
2026-04-21 13:47:10.896Z,1.0556,1.0640,100,177,79.3
2026-04-21 13:47:11.627Z,1.0558,1.0644,457,319,81.1
2026-04-21 13:47:12.095Z,1.0554,1.0650,247,193,90.5
2026-04-21 13:47:13.806Z,1.0546,1.0650,176,620,98.1
2026-04-21 13:47:14.546Z,1.0560,1.0644,190,112,79.2
2026-04-21 13:47:15.060Z,1.0538,1.0660,100,100,115.1
2026-04-21 13:47:16.232Z,1.0555,1.0645,226,131,84.9
2026-04-21 13:47:17.523Z,1.0545,1.0649,134,168,98.1
2026-04-21 13:47:18.575Z,1.0551,1.0645,133,100,88.7
2026-04-21 13:47:19.228Z,1.0556,1.0646,203,156,84.9
2026-04-21 13:47:20.525Z,1.0554,1.0638,100,103,79.3
2026-04-21 13:47:21.344Z,1.0537,1.0645,100,122,102.0
2026-04-21 13:47:22.005Z,1.0539,1.0643,100,100,98.2
2026-04-21 13:47:23.067Z,1.0540,1.0630,100,153,85.0
2026-04-21 13:47:24.285Z,1.0523,1.0631,100,142,102.1
2026-04-21 13:47:25.018Z,1.0521,1.0627,100,131,100.2
2026-04-21 13:47:26.818Z,1.0514,1.0616,100,112,96.5
2026-04-21 13:47:27.539Z,1.0513,1.0605,100,100,87.1
2026-04-21 13:47:28.405Z,1.0503,1.0597,100,100,89.1
2026-04-21 13:47:29.634Z,1.0493,1.0593,100,106,94.8
2026-04-21 13:47:30.747Z,1.0484,1.0592,100,184,102.5
2026-04-21 13:47:31.396Z,1.0482,1.0572,100,100,85.5
2026-04-21 13:47:32.644Z,1.0472,1.0576,100,100,98.8
2026-04-21 13:47:33.229Z,1.0461,1.0577,100,100,110.3
2026-04-21 13:47:34.704Z,1.0458,1.0564,100,100,100.8
2026-04-21 13:47:35.313Z,1.0453,1.0559,100,182,100.9
2026-04-21 13:47:36.722Z,1.0455,1.0557,100,111,97.1
2026-04-21 13:47:37.550Z,1.0454,1.0552,114,380,93.3
2026-04-21 13:47:38.020Z,1.0460,1.0544,100,185,80.0
2026-04-21 13:47:39.044Z,1.0456,1.0542,197,400,81.9
2026-04-21 13:47:40.633Z,1.0453,1.0551,165,117,93.3
2026-04-21 13:47:41.159Z,1.0450,1.0564,209,129,108.5
2026-04-21 13:47:42.001Z,1.0471,1.0553,202,119,78.0
2026-04-21 13:47:43.462Z,1.0456,1.0568,100,112,106.5
2026-04-21 13:47:44.606Z,1.0474,1.0558,219,100,79.9
2026-04-21 13:47:45.821Z,1.0473,1.0563,109,100,85.6
2026-04-21 13:47:46.140Z,1.0471,1.0573,119,141,96.9
2026-04-21 13:47:47.589Z,1.0481,1.0565,174,114,79.8
2026-04-21 13:47:48.092Z,1.0464,1.0580,100,221,110.2
2026-04-21 13:47:49.216Z,1.0475,1.0579,161,100,98.8
2026-04-21 13:47:50.300Z,1.0488,1.0576,100,100,83.6
2026-04-21 13:47:51.548Z,1.0489,1.0581,100,100,87.3
2026-04-21 13:47:52.291Z,1.0497,1.0589,125,100,87.3
2026-04-21 13:47:53.515Z,1.0488,1.0602,112,100,108.1
2026-04-21 13:47:54.470Z,1.0503,1.0597,190,121,89.1
2026-04-21 13:47:55.191Z,1.0495,1.0615,148,100,113.7
2026-04-21 13:47:56.766Z,1.0504,1.0614,118,100,104.2
2026-04-21 13:47:57.249Z,1.0509,1.0623,141,115,107.9
2026-04-21 13:47:58.164Z,1.0515,1.0619,100,100,98.4
2026-04-21 13:47:59.135Z,1.0514,1.0618,100,259,98.4
2026-04-21 13:48:00.675Z,1.0537,1.0619,100,100,77.5
2026-04-21 13:48:01.693Z,1.0534,1.0626,100,100,87.0
2026-04-21 13:48:02.752Z,1.0524,1.0626,100,100,96.5
2026-04-21 13:48:03.221Z,1.0517,1.0637,100,100,113.5
2026-04-21 13:48:04.036Z,1.0524,1.0636,100,100,105.9
2026-04-21 13:48:05.264Z,1.0533,1.0619,100,100,81.3
2026-04-21 13:48:06.586Z,1.0517,1.0635,100,100,111.6
2026-04-21 13:48:07.368Z,1.0533,1.0627,100,100,88.8
2026-04-21 13:48:08.549Z,1.0520,1.0634,100,100,107.8
2026-04-21 13:48:09.073Z,1.0532,1.0622,100,100,85.1
2026-04-21 13:48:10.708Z,1.0524,1.0636,100,100,105.9
2026-04-21 13:48:11.386Z,1.0527,1.0631,100,100,98.3
2026-04-21 13:48:12.318Z,1.0524,1.0634,100,100,104.0
2026-04-21 13:48:13.411Z,1.0523,1.0637,100,100,107.8
2026-04-21 13:48:14.001Z,1.0533,1.0623,100,100,85.1
2026-04-21 13:48:15.676Z,1.0524,1.0630,100,100,100.2
2026-04-21 13:48:16.347Z,1.0522,1.0638,100,100,109.6
2026-04-21 13:48:17.675Z,1.0518,1.0634,100,100,109.7
2026-04-21 13:48:18.397Z,1.0527,1.0629,100,100,96.4
2026-04-21 13:48:19.217Z,1.0525,1.0635,100,100,104.0
2026-04-21 13:48:20.595Z,1.0531,1.0621,100,100,85.1
2026-04-21 13:48:21.107Z,1.0529,1.0625,100,100,90.8
2026-04-21 13:48:22.622Z,1.0521,1.0631,100,100,104.0
2026-04-21 13:48:23.832Z,1.0525,1.0619,100,100,88.9
2026-04-21 13:48:24.475Z,1.0528,1.0620,100,100,87.0
2026-04-21 13:48:25.728Z,1.0514,1.0632,100,100,111.6
2026-04-21 13:48:26.464Z,1.0523,1.0619,100,100,90.8
2026-04-21 13:48:27.759Z,1.0508,1.0620,100,100,106.0
2026-04-21 13:48:28.220Z,1.0508,1.0622,100,100,107.9
2026-04-21 13:48:29.827Z,1.0514,1.0606,100,100,87.1
2026-04-21 13:48:30.814Z,1.0508,1.0608,100,100,94.7
2026-04-21 13:48:31.632Z,1.0507,1.0613,100,100,100.4
2026-04-21 13:48:32.898Z,1.0517,1.0599,100,100,77.7
2026-04-21 13:48:33.095Z,1.0491,1.0613,100,100,115.6
2026-04-21 13:48:34.581Z,1.0498,1.0604,100,100,100.5
2026-04-21 13:48:35.681Z,1.0497,1.0609,100,100,106.1
2026-04-21 13:48:36.219Z,1.0495,1.0609,100,100,108.0
2026-04-21 13:48:37.872Z,1.0498,1.0606,100,100,102.4
2026-04-21 13:48:38.399Z,1.0506,1.0596,100,100,85.3
2026-04-21 13:48:39.443Z,1.0495,1.0603,100,100,102.4
2026-04-21 13:48:40.143Z,1.0505,1.0597,100,100,87.2
2026-04-21 13:48:41.890Z,1.0502,1.0596,100,100,89.1
2026-04-21 13:48:42.606Z,1.0494,1.0606,100,100,106.2
2026-04-21 13:48:43.792Z,1.0493,1.0607,100,100,108.1
2026-04-21 13:48:44.598Z,1.0495,1.0605,100,100,104.3
2026-04-21 13:48:45.610Z,1.0494,1.0612,100,100,111.8
2026-04-21 13:48:46.533Z,1.0493,1.0609,100,100,109.9
2026-04-21 13:48:47.062Z,1.0502,1.0598,100,100,91.0
2026-04-21 13:48:48.177Z,1.0498,1.0608,100,100,104.2
2026-04-21 13:48:49.229Z,1.0503,1.0597,100,100,89.1
2026-04-21 13:48:50.254Z,1.0499,1.0601,100,100,96.7
2026-04-21 13:48:51.483Z,1.0511,1.0593,100,100,77.7
2026-04-21 13:48:52.564Z,1.0499,1.0599,100,100,94.8
2026-04-21 13:48:53.720Z,1.0495,1.0609,100,100,108.0
2026-04-21 13:48:54.227Z,1.0497,1.0603,100,100,100.5
2026-04-21 13:48:55.014Z,1.0496,1.0600,100,100,98.6
2026-04-21 13:48:56.079Z,1.0497,1.0601,100,100,98.6
2026-04-21 13:48:57.660Z,1.0509,1.0593,100,100,79.6
2026-04-21 13:48:58.266Z,1.0503,1.0595,100,100,87.2
2026-04-21 13:48:59.786Z,1.0490,1.0610,100,100,113.7
2026-04-21 13:49:00.109Z,1.0541,1.0657,171,104,109.4
2026-04-21 13:49:01.728Z,1.0547,1.0649,183,274,96.2
2026-04-21 13:49:02.434Z,1.0544,1.0652,288,240,101.9
2026-04-21 13:49:03.440Z,1.0544,1.0654,349,157,103.8
2026-04-21 13:49:04.512Z,1.0544,1.0658,123,100,107.5
2026-04-21 13:49:05.034Z,1.0558,1.0640,100,199,77.4
2026-04-21 13:49:06.535Z,1.0554,1.0650,171,177,90.5
2026-04-21 13:49:07.896Z,1.0538,1.0660,156,285,115.1
2026-04-21 13:49:08.247Z,1.0556,1.0638,100,177,77.4
2026-04-21 13:49:09.317Z,1.0550,1.0652,148,100,96.2
2026-04-21 13:49:10.770Z,1.0553,1.0643,155,173,84.9
2026-04-21 13:49:11.237Z,1.0553,1.0649,491,466,90.6
2026-04-21 13:49:12.071Z,1.0549,1.0655,597,292,100.0
2026-04-21 13:49:13.426Z,1.0561,1.0643,294,465,77.3
2026-04-21 13:49:14.537Z,1.0546,1.0658,112,111,105.6
2026-04-21 13:49:15.612Z,1.0559,1.0643,100,116,79.2
2026-04-21 13:49:16.426Z,1.0555,1.0639,125,496,79.3
2026-04-21 13:49:17.279Z,1.0549,1.0653,211,180,98.1
2026-04-21 13:49:18.579Z,1.0548,1.0646,120,265,92.5
2026-04-21 13:49:19.726Z,1.0550,1.0644,260,164,88.7
2026-04-21 13:49:20.636Z,1.0553,1.0643,222,131,84.9
2026-04-21 13:49:21.427Z,1.0539,1.0649,103,167,103.8
2026-04-21 13:49:22.034Z,1.0549,1.0637,100,208,83.1
2026-04-21 13:49:23.463Z,1.0534,1.0654,152,101,113.3
2026-04-21 13:49:24.214Z,1.0542,1.0636,100,206,88.8
2026-04-21 13:49:25.348Z,1.0528,1.0640,100,185,105.8
2026-04-21 13:49:26.050Z,1.0539,1.0627,100,140,83.2
2026-04-21 13:49:27.001Z,1.0520,1.0636,103,179,109.7
2026-04-21 13:49:28.267Z,1.0516,1.0632,111,178,109.7
2026-04-21 13:49:29.252Z,1.0515,1.0625,100,148,104.1
2026-04-21 13:49:30.419Z,1.0513,1.0619,100,110,100.3
2026-04-21 13:49:31.156Z,1.0503,1.0621,106,153,111.7
2026-04-21 13:49:32.791Z,1.0507,1.0613,100,100,100.4
2026-04-21 13:49:33.456Z,1.0503,1.0617,166,125,108.0
2026-04-21 13:49:34.188Z,1.0501,1.0611,100,119,104.2
2026-04-21 13:49:35.578Z,1.0508,1.0598,100,140,85.3
2026-04-21 13:49:36.039Z,1.0501,1.0607,210,103,100.4
2026-04-21 13:49:37.608Z,1.0496,1.0604,135,236,102.4
2026-04-21 13:49:38.414Z,1.0494,1.0606,341,388,106.2
2026-04-21 13:49:39.339Z,1.0493,1.0611,200,144,111.8
2026-04-21 13:49:40.833Z,1.0491,1.0607,252,373,110.0
2026-04-21 13:49:41.485Z,1.0512,1.0594,100,100,77.7
2026-04-21 13:49:42.372Z,1.0506,1.0600,128,119,89.1
2026-04-21 13:49:43.395Z,1.0510,1.0594,100,107,79.6
2026-04-21 13:49:44.585Z,1.0495,1.0613,265,106,111.8
2026-04-21 13:49:45.439Z,1.0512,1.0594,138,163,77.7
2026-04-21 13:49:46.832Z,1.0510,1.0598,148,135,83.4
2026-04-21 13:49:47.035Z,1.0497,1.0607,180,278,104.2
2026-04-21 13:49:48.672Z,1.0498,1.0612,100,100,108.0
2026-04-21 13:49:49.085Z,1.0501,1.0609,127,127,102.3
2026-04-21 13:49:50.628Z,1.0511,1.0599,100,137,83.4
2026-04-21 13:49:51.516Z,1.0502,1.0600,100,209,92.9
2026-04-21 13:49:52.816Z,1.0506,1.0596,118,216,85.3
2026-04-21 13:49:53.718Z,1.0500,1.0600,100,187,94.8
2026-04-21 13:49:54.245Z,1.0506,1.0600,151,100,89.1
2026-04-21 13:49:55.257Z,1.0499,1.0601,100,281,96.7
2026-04-21 13:49:56.363Z,1.0507,1.0593,100,102,81.5
2026-04-21 13:49:57.859Z,1.0495,1.0603,100,365,102.4
2026-04-21 13:49:58.105Z,1.0506,1.0594,373,140,83.4
2026-04-21 13:49:59.718Z,1.0507,1.0593,176,271,81.5
2026-04-21 13:50:00.051Z,1.0505,1.0595,100,100,85.3
2026-04-21 13:50:01.562Z,1.0494,1.0604,100,100,104.3
2026-04-21 13:50:02.841Z,1.0498,1.0590,100,100,87.3
2026-04-21 13:50:03.272Z,1.0486,1.0596,100,100,104.4
2026-04-21 13:50:04.408Z,1.0492,1.0582,100,100,85.4
2026-04-21 13:50:05.714Z,1.0479,1.0585,100,141,100.6
2026-04-21 13:50:06.098Z,1.0480,1.0568,100,134,83.6
2026-04-21 13:50:07.488Z,1.0459,1.0577,100,100,112.2
2026-04-21 13:50:08.690Z,1.0453,1.0567,100,100,108.5
2026-04-21 13:50:09.252Z,1.0458,1.0554,100,100,91.4
2026-04-21 13:50:10.251Z,1.0446,1.0558,100,118,106.6
2026-04-21 13:50:11.697Z,1.0443,1.0555,100,139,106.7
2026-04-21 13:50:12.899Z,1.0449,1.0547,153,223,93.4
2026-04-21 13:50:13.026Z,1.0442,1.0560,240,111,112.4
2026-04-21 13:50:14.054Z,1.0453,1.0553,113,100,95.2
2026-04-21 13:50:15.193Z,1.0460,1.0556,100,100,91.4
2026-04-21 13:50:16.865Z,1.0473,1.0557,100,100,79.9
2026-04-21 13:50:17.304Z,1.0463,1.0569,100,100,100.8
2026-04-21 13:50:18.061Z,1.0467,1.0565,100,100,93.2
2026-04-21 13:50:19.280Z,1.0460,1.0580,132,100,114.1
2026-04-21 13:50:20.439Z,1.0468,1.0574,100,100,100.8
2026-04-21 13:50:21.314Z,1.0474,1.0576,100,100,96.9
2026-04-21 13:50:22.112Z,1.0468,1.0584,100,100,110.2
2026-04-21 13:50:23.655Z,1.0487,1.0577,100,100,85.5
2026-04-21 13:50:24.863Z,1.0484,1.0592,116,100,102.5
2026-04-21 13:50:25.386Z,1.0494,1.0586,100,100,87.3
2026-04-21 13:50:26.824Z,1.0497,1.0591,100,100,89.2
2026-04-21 13:50:27.721Z,1.0495,1.0607,100,100,106.2
2026-04-21 13:50:28.363Z,1.0498,1.0618,111,100,113.7
2026-04-21 13:50:29.155Z,1.0504,1.0626,100,100,115.5
2026-04-21 13:50:30.799Z,1.0518,1.0624,100,100,100.3
2026-04-21 13:50:31.382Z,1.0528,1.0620,100,100,87.0
2026-04-21 13:50:32.524Z,1.0519,1.0637,100,100,111.6
2026-04-21 13:50:33.046Z,1.0545,1.0629,100,100,79.3
2026-04-21 13:50:34.811Z,1.0538,1.0644,100,100,100.1
2026-04-21 13:50:35.697Z,1.0534,1.0656,117,100,115.1
2026-04-21 13:50:36.102Z,1.0547,1.0643,100,100,90.6
2026-04-21 13:50:37.091Z,1.0549,1.0647,190,115,92.5
2026-04-21 13:50:38.377Z,1.0557,1.0639,134,102,77.4
2026-04-21 13:50:39.626Z,1.0538,1.0656,100,183,111.4
2026-04-21 13:50:40.158Z,1.0547,1.0647,201,153,94.4
2026-04-21 13:50:41.739Z,1.0552,1.0646,104,100,88.7
2026-04-21 13:50:42.720Z,1.0555,1.0637,100,100,77.4
2026-04-21 13:50:43.090Z,1.0541,1.0643,100,100,96.3
2026-04-21 13:50:44.565Z,1.0540,1.0648,117,100,101.9
2026-04-21 13:50:45.059Z,1.0549,1.0637,100,142,83.1
2026-04-21 13:50:46.306Z,1.0547,1.0631,100,120,79.3
2026-04-21 13:50:47.500Z,1.0545,1.0639,104,100,88.7
2026-04-21 13:50:48.236Z,1.0549,1.0639,100,100,85.0
2026-04-21 13:50:49.385Z,1.0537,1.0647,100,118,103.9
2026-04-21 13:50:50.313Z,1.0545,1.0647,125,100,96.3
2026-04-21 13:50:51.012Z,1.0543,1.0645,100,100,96.3
2026-04-21 13:50:52.891Z,1.0546,1.0640,100,111,88.7
2026-04-21 13:50:53.723Z,1.0543,1.0649,100,100,100.0
2026-04-21 13:50:54.483Z,1.0547,1.0647,100,100,94.4
2026-04-21 13:50:55.130Z,1.0538,1.0658,100,100,113.2
2026-04-21 13:50:56.700Z,1.0538,1.0658,100,100,113.2
2026-04-21 13:50:57.775Z,1.0543,1.0651,100,100,101.9
2026-04-21 13:50:58.745Z,1.0546,1.0650,144,100,98.1
2026-04-21 13:50:59.079Z,1.0545,1.0653,101,100,101.9
2026-04-21 13:51:00.717Z,1.0536,1.0632,100,100,90.7
2026-04-21 13:51:01.120Z,1.0528,1.0644,100,100,109.6
2026-04-21 13:51:02.836Z,1.0521,1.0643,100,100,115.3
2026-04-21 13:51:03.285Z,1.0528,1.0638,100,100,103.9
2026-04-21 13:51:04.666Z,1.0538,1.0632,100,100,88.8
2026-04-21 13:51:05.429Z,1.0522,1.0642,100,100,113.4
2026-04-21 13:51:06.583Z,1.0542,1.0630,100,100,83.1
2026-04-21 13:51:07.450Z,1.0538,1.0626,100,100,83.2
2026-04-21 13:51:08.335Z,1.0528,1.0636,100,100,102.1
2026-04-21 13:51:09.896Z,1.0540,1.0622,100,100,77.5
2026-04-21 13:51:10.702Z,1.0528,1.0640,100,100,105.8
2026-04-21 13:51:11.413Z,1.0543,1.0627,100,100,79.4
2026-04-21 13:51:12.739Z,1.0524,1.0642,100,100,111.5
2026-04-21 13:51:13.233Z,1.0527,1.0643,100,100,109.6
2026-04-21 13:51:14.633Z,1.0537,1.0629,100,100,86.9
2026-04-21 13:51:15.554Z,1.0533,1.0635,100,100,96.4
2026-04-21 13:51:16.586Z,1.0529,1.0641,100,100,105.8
2026-04-21 13:51:17.664Z,1.0530,1.0640,100,100,103.9
2026-04-21 13:51:18.715Z,1.0538,1.0634,100,100,90.7
2026-04-21 13:51:19.351Z,1.0540,1.0630,100,100,85.0
2026-04-21 13:51:20.128Z,1.0520,1.0640,100,100,113.4
2026-04-21 13:51:21.711Z,1.0526,1.0634,100,100,102.1
2026-04-21 13:51:22.325Z,1.0526,1.0630,100,100,98.3
2026-04-21 13:51:23.344Z,1.0533,1.0625,100,100,87.0
2026-04-21 13:51:24.334Z,1.0529,1.0619,100,100,85.1
2026-04-21 13:51:25.829Z,1.0521,1.0633,100,100,105.9
2026-04-21 13:51:26.445Z,1.0531,1.0615,100,100,79.4
2026-04-21 13:51:27.130Z,1.0523,1.0617,100,100,88.9
2026-04-21 13:51:28.284Z,1.0524,1.0608,100,100,79.5
2026-04-21 13:51:29.477Z,1.0517,1.0617,100,100,94.6
2026-04-21 13:51:30.596Z,1.0506,1.0618,100,100,106.0
2026-04-21 13:51:31.427Z,1.0509,1.0613,100,100,98.5
2026-04-21 13:51:32.057Z,1.0512,1.0600,100,100,83.4
2026-04-21 13:51:33.710Z,1.0494,1.0614,100,100,113.7
2026-04-21 13:51:34.008Z,1.0497,1.0607,100,100,104.2
2026-04-21 13:51:35.452Z,1.0506,1.0602,100,100,91.0
2026-04-21 13:51:36.614Z,1.0492,1.0612,100,100,113.7
2026-04-21 13:51:37.171Z,1.0496,1.0604,100,100,102.4
2026-04-21 13:51:38.690Z,1.0495,1.0603,100,100,102.4
2026-04-21 13:51:39.858Z,1.0503,1.0597,100,100,89.1
2026-04-21 13:51:40.711Z,1.0492,1.0612,100,100,113.7
2026-04-21 13:51:41.182Z,1.0496,1.0604,100,100,102.4
2026-04-21 13:51:42.059Z,1.0494,1.0606,100,100,106.2
2026-04-21 13:51:43.371Z,1.0497,1.0611,100,100,108.0
2026-04-21 13:51:44.459Z,1.0497,1.0603,100,100,100.5
2026-04-21 13:51:45.419Z,1.0496,1.0608,100,100,106.1
2026-04-21 13:51:46.740Z,1.0504,1.0604,100,100,94.8
2026-04-21 13:51:47.611Z,1.0496,1.0608,100,100,106.1
2026-04-21 13:51:48.280Z,1.0494,1.0612,100,100,111.8
2026-04-21 13:51:49.806Z,1.0509,1.0599,100,100,85.3
2026-04-21 13:51:50.008Z,1.0496,1.0612,100,100,109.9
2026-04-21 13:51:51.694Z,1.0495,1.0613,100,100,111.8
2026-04-21 13:51:52.408Z,1.0492,1.0606,100,100,108.1
2026-04-21 13:51:53.822Z,1.0513,1.0595,100,100,77.7
2026-04-21 13:51:54.373Z,1.0498,1.0600,100,100,96.7
2026-04-21 13:51:55.468Z,1.0497,1.0607,100,100,104.2
2026-04-21 13:51:56.106Z,1.0492,1.0606,100,100,108.1
2026-04-21 13:51:57.658Z,1.0510,1.0592,100,100,77.7
2026-04-21 13:51:58.518Z,1.0506,1.0594,100,100,83.4
2026-04-21 13:51:59.083Z,1.0503,1.0597,100,100,89.1
2026-04-21 13:52:00.559Z,1.0539,1.0655,171,172,109.5
2026-04-21 13:52:01.450Z,1.0557,1.0637,100,100,75.5
2026-04-21 13:52:02.575Z,1.0537,1.0655,100,193,111.4
2026-04-21 13:52:03.287Z,1.0542,1.0652,137,100,103.8
2026-04-21 13:52:04.569Z,1.0548,1.0650,100,100,96.2
2026-04-21 13:52:05.847Z,1.0542,1.0652,100,163,103.8
2026-04-21 13:52:06.606Z,1.0556,1.0640,100,100,79.3
2026-04-21 13:52:07.241Z,1.0554,1.0648,159,100,88.7
2026-04-21 13:52:08.601Z,1.0542,1.0654,118,242,105.7
2026-04-21 13:52:09.467Z,1.0551,1.0645,149,147,88.7
2026-04-21 13:52:10.134Z,1.0546,1.0658,130,100,105.6
2026-04-21 13:52:11.011Z,1.0549,1.0647,124,324,92.5
2026-04-21 13:52:12.451Z,1.0552,1.0646,345,194,88.7
2026-04-21 13:52:13.089Z,1.0551,1.0649,308,261,92.5
2026-04-21 13:52:14.870Z,1.0551,1.0653,179,100,96.2
2026-04-21 13:52:15.335Z,1.0550,1.0652,100,128,96.2
2026-04-21 13:52:16.453Z,1.0546,1.0650,119,292,98.1
2026-04-21 13:52:17.010Z,1.0556,1.0644,100,100,83.0
2026-04-21 13:52:18.654Z,1.0559,1.0641,141,184,77.4
2026-04-21 13:52:19.074Z,1.0545,1.0647,104,146,96.3
2026-04-21 13:52:20.876Z,1.0543,1.0649,112,139,100.0
2026-04-21 13:52:21.660Z,1.0542,1.0638,100,138,90.7
2026-04-21 13:52:22.423Z,1.0530,1.0644,100,178,107.7
2026-04-21 13:52:23.797Z,1.0521,1.0641,100,138,113.4
2026-04-21 13:52:24.685Z,1.0532,1.0618,100,139,81.3
2026-04-21 13:52:25.849Z,1.0521,1.0625,100,166,98.4
2026-04-21 13:52:26.738Z,1.0510,1.0622,100,161,106.0
2026-04-21 13:52:27.624Z,1.0505,1.0609,100,100,98.5
2026-04-21 13:52:28.808Z,1.0501,1.0601,100,100,94.8
2026-04-21 13:52:29.622Z,1.0495,1.0591,100,107,91.1
2026-04-21 13:52:30.031Z,1.0478,1.0592,100,144,108.2
2026-04-21 13:52:31.731Z,1.0482,1.0578,100,100,91.2
2026-04-21 13:52:32.889Z,1.0462,1.0584,100,118,115.9
2026-04-21 13:52:33.204Z,1.0453,1.0577,100,100,117.9
2026-04-21 13:52:34.464Z,1.0462,1.0564,100,100,97.0
2026-04-21 13:52:35.573Z,1.0452,1.0558,100,100,100.9
2026-04-21 13:52:36.179Z,1.0442,1.0562,100,100,114.3
2026-04-21 13:52:37.032Z,1.0445,1.0555,116,375,104.8
2026-04-21 13:52:38.761Z,1.0451,1.0551,202,104,95.2
2026-04-21 13:52:39.275Z,1.0457,1.0549,187,100,87.6
2026-04-21 13:52:40.031Z,1.0452,1.0554,189,173,97.1
2026-04-21 13:52:41.553Z,1.0445,1.0567,100,100,116.1
2026-04-21 13:52:42.222Z,1.0459,1.0559,100,100,95.2
2026-04-21 13:52:43.798Z,1.0471,1.0559,107,100,83.7
2026-04-21 13:52:44.627Z,1.0467,1.0565,100,100,93.2
2026-04-21 13:52:45.139Z,1.0474,1.0564,233,180,85.6
2026-04-21 13:52:46.078Z,1.0473,1.0571,100,100,93.1
2026-04-21 13:52:47.026Z,1.0462,1.0582,119,100,114.0
2026-04-21 13:52:48.119Z,1.0476,1.0572,191,132,91.2
2026-04-21 13:52:49.544Z,1.0477,1.0583,206,100,100.7
2026-04-21 13:52:50.888Z,1.0476,1.0592,185,100,110.1
2026-04-21 13:52:51.250Z,1.0485,1.0589,175,100,98.7
2026-04-21 13:52:52.808Z,1.0500,1.0588,157,100,83.5
2026-04-21 13:52:53.036Z,1.0507,1.0593,172,100,81.5
2026-04-21 13:52:54.431Z,1.0496,1.0612,100,100,109.9
2026-04-21 13:52:55.625Z,1.0510,1.0614,113,100,98.5
2026-04-21 13:52:56.727Z,1.0517,1.0619,107,100,96.5
2026-04-21 13:52:57.619Z,1.0512,1.0630,164,148,111.6
2026-04-21 13:52:58.507Z,1.0518,1.0632,100,100,107.8
2026-04-21 13:52:59.511Z,1.0531,1.0617,100,100,81.3
2026-04-21 13:53:00.387Z,1.0542,1.0658,134,141,109.4
2026-04-21 13:53:01.602Z,1.0559,1.0643,368,160,79.2
2026-04-21 13:53:02.799Z,1.0538,1.0658,179,380,113.2
2026-04-21 13:53:03.144Z,1.0545,1.0655,481,231,103.8
2026-04-21 13:53:04.160Z,1.0553,1.0645,130,371,86.8
2026-04-21 13:53:05.712Z,1.0559,1.0639,140,121,75.5
2026-04-21 13:53:06.710Z,1.0540,1.0660,216,180,113.2
2026-04-21 13:53:07.413Z,1.0544,1.0660,193,116,109.4
2026-04-21 13:53:08.730Z,1.0556,1.0648,132,118,86.8
2026-04-21 13:53:09.269Z,1.0551,1.0647,108,257,90.6
2026-04-21 13:53:10.001Z,1.0560,1.0646,227,108,81.1
2026-04-21 13:53:11.853Z,1.0541,1.0657,254,898,109.4
2026-04-21 13:53:12.156Z,1.0550,1.0654,724,581,98.1
2026-04-21 13:53:13.301Z,1.0548,1.0652,294,515,98.1
2026-04-21 13:53:14.844Z,1.0549,1.0653,222,142,98.1
2026-04-21 13:53:15.624Z,1.0541,1.0653,178,325,105.7
2026-04-21 13:53:16.866Z,1.0555,1.0641,393,158,81.1
2026-04-21 13:53:17.465Z,1.0553,1.0647,467,208,88.7
2026-04-21 13:53:18.219Z,1.0542,1.0654,252,312,105.7
2026-04-21 13:53:19.371Z,1.0548,1.0646,300,438,92.5
2026-04-21 13:53:20.337Z,1.0548,1.0642,138,263,88.7
2026-04-21 13:53:21.695Z,1.0552,1.0636,100,233,79.3
2026-04-21 13:53:22.619Z,1.0527,1.0647,100,181,113.3
2026-04-21 13:53:23.429Z,1.0528,1.0644,100,190,109.6
2026-04-21 13:53:24.257Z,1.0534,1.0620,100,135,81.3
2026-04-21 13:53:25.239Z,1.0520,1.0628,116,257,102.1
2026-04-21 13:53:26.163Z,1.0504,1.0626,100,284,115.5
2026-04-21 13:53:27.627Z,1.0506,1.0604,100,185,92.8
2026-04-21 13:53:28.516Z,1.0500,1.0598,100,187,92.9
2026-04-21 13:53:29.588Z,1.0486,1.0602,100,204,110.0
2026-04-21 13:53:30.636Z,1.0485,1.0587,100,146,96.8
2026-04-21 13:53:31.566Z,1.0469,1.0587,135,255,112.1
2026-04-21 13:53:32.775Z,1.0462,1.0580,100,120,112.2
2026-04-21 13:53:33.352Z,1.0470,1.0560,117,208,85.6
2026-04-21 13:53:34.180Z,1.0460,1.0564,100,103,98.9
2026-04-21 13:53:35.187Z,1.0446,1.0564,100,283,112.3
2026-04-21 13:53:36.797Z,1.0461,1.0547,130,280,81.9
2026-04-21 13:53:37.122Z,1.0457,1.0543,265,542,81.9
2026-04-21 13:53:38.133Z,1.0459,1.0539,302,768,76.2
2026-04-21 13:53:39.558Z,1.0453,1.0547,386,255,89.5
2026-04-21 13:53:40.055Z,1.0459,1.0541,468,286,78.1
2026-04-21 13:53:41.136Z,1.0457,1.0549,273,128,87.6
2026-04-21 13:53:42.746Z,1.0446,1.0568,119,102,116.1
2026-04-21 13:53:43.054Z,1.0464,1.0554,146,100,85.6
2026-04-21 13:53:44.643Z,1.0453,1.0573,173,107,114.1
2026-04-21 13:53:45.544Z,1.0464,1.0566,426,148,97.0
2026-04-21 13:53:46.884Z,1.0463,1.0573,274,133,104.6
2026-04-21 13:53:47.048Z,1.0468,1.0568,182,195,95.1
2026-04-21 13:53:48.276Z,1.0463,1.0579,234,157,110.3
2026-04-21 13:53:49.858Z,1.0479,1.0573,337,210,89.3
2026-04-21 13:53:50.099Z,1.0487,1.0583,202,200,91.1
2026-04-21 13:53:51.449Z,1.0495,1.0589,311,133,89.2
2026-04-21 13:53:52.367Z,1.0504,1.0598,238,174,89.1
2026-04-21 13:53:53.133Z,1.0520,1.0608,206,178,83.3
2026-04-21 13:53:54.737Z,1.0523,1.0619,344,106,90.8
2026-04-21 13:53:55.206Z,1.0534,1.0622,162,140,83.2
2026-04-21 13:53:56.701Z,1.0531,1.0643,102,123,105.8
2026-04-21 13:53:57.634Z,1.0544,1.0640,436,259,90.6
2026-04-21 13:53:58.523Z,1.0545,1.0653,175,107,101.9
2026-04-21 13:53:59.206Z,1.0557,1.0641,286,266,79.3
2026-04-21 13:54:00.219Z,1.0459,1.0549,100,100,85.7
2026-04-21 13:54:01.835Z,1.0460,1.0544,100,100,80.0
2026-04-21 13:54:02.074Z,1.0445,1.0563,100,100,112.3
2026-04-21 13:54:03.623Z,1.0446,1.0564,100,100,112.3
2026-04-21 13:54:04.091Z,1.0447,1.0565,100,100,112.3
2026-04-21 13:54:05.838Z,1.0452,1.0554,100,100,97.1
2026-04-21 13:54:06.304Z,1.0444,1.0560,100,100,110.5
2026-04-21 13:54:07.644Z,1.0453,1.0551,100,100,93.3
2026-04-21 13:54:08.730Z,1.0450,1.0562,100,100,106.6
2026-04-21 13:54:09.608Z,1.0459,1.0551,100,100,87.6
2026-04-21 13:54:10.211Z,1.0464,1.0548,100,100,80.0
2026-04-21 13:54:11.310Z,1.0461,1.0551,100,100,85.7
2026-04-21 13:54:12.040Z,1.0451,1.0559,100,100,102.8
2026-04-21 13:54:13.612Z,1.0451,1.0561,100,100,104.7
2026-04-21 13:54:14.015Z,1.0451,1.0551,100,100,95.2
2026-04-21 13:54:15.029Z,1.0453,1.0559,100,100,100.9
2026-04-21 13:54:16.424Z,1.0449,1.0563,100,100,108.5
2026-04-21 13:54:17.025Z,1.0453,1.0557,100,100,99.0
2026-04-21 13:54:18.582Z,1.0448,1.0560,100,100,106.6
2026-04-21 13:54:19.032Z,1.0466,1.0548,100,100,78.0
2026-04-21 13:54:20.075Z,1.0452,1.0560,100,100,102.8
2026-04-21 13:54:21.794Z,1.0454,1.0570,100,100,110.4
2026-04-21 13:54:22.230Z,1.0461,1.0569,100,100,102.7
2026-04-21 13:54:23.309Z,1.0478,1.0560,100,100,78.0
2026-04-21 13:54:24.760Z,1.0476,1.0574,100,100,93.1
2026-04-21 13:54:25.625Z,1.0482,1.0580,100,100,93.1
2026-04-21 13:54:26.884Z,1.0480,1.0598,100,100,112.0
2026-04-21 13:54:27.050Z,1.0485,1.0603,100,100,111.9
2026-04-21 13:54:28.349Z,1.0498,1.0604,100,100,100.5
2026-04-21 13:54:29.402Z,1.0512,1.0602,100,100,85.3
2026-04-21 13:54:30.219Z,1.0505,1.0621,100,100,109.8
2026-04-21 13:54:31.758Z,1.0514,1.0632,100,100,111.6
2026-04-21 13:54:32.282Z,1.0536,1.0624,100,100,83.2
2026-04-21 13:54:33.067Z,1.0538,1.0626,100,100,83.2
2026-04-21 13:54:34.767Z,1.0544,1.0636,100,100,86.9
2026-04-21 13:54:35.458Z,1.0552,1.0634,100,100,77.4
2026-04-21 13:54:36.425Z,1.0550,1.0642,100,100,86.8
2026-04-21 13:54:37.566Z,1.0548,1.0648,122,100,94.4
2026-04-21 13:54:38.117Z,1.0557,1.0643,100,100,81.1
2026-04-21 13:54:39.050Z,1.0544,1.0656,100,100,105.7
2026-04-21 13:54:40.531Z,1.0558,1.0640,100,100,77.4
2026-04-21 13:54:41.408Z,1.0544,1.0652,100,100,101.9
2026-04-21 13:54:42.478Z,1.0548,1.0642,100,100,88.7
2026-04-21 13:54:43.710Z,1.0532,1.0648,100,100,109.5
2026-04-21 13:54:44.737Z,1.0544,1.0636,100,100,86.9
2026-04-21 13:54:45.439Z,1.0544,1.0636,100,100,86.9
2026-04-21 13:54:46.522Z,1.0542,1.0634,100,100,86.9
2026-04-21 13:54:47.195Z,1.0538,1.0644,100,100,100.1
2026-04-21 13:54:48.095Z,1.0551,1.0631,100,100,75.5
2026-04-21 13:54:49.682Z,1.0544,1.0636,100,100,86.9
2026-04-21 13:54:50.258Z,1.0535,1.0643,100,100,102.0
2026-04-21 13:54:51.781Z,1.0538,1.0644,100,100,100.1
2026-04-21 13:54:52.653Z,1.0537,1.0651,100,100,107.6
2026-04-21 13:54:53.565Z,1.0537,1.0655,100,100,111.4
2026-04-21 13:54:54.422Z,1.0547,1.0649,100,100,96.2
2026-04-21 13:54:55.202Z,1.0546,1.0648,100,100,96.3
2026-04-21 13:54:56.403Z,1.0540,1.0660,100,100,113.2
2026-04-21 13:54:57.365Z,1.0545,1.0651,100,100,100.0
2026-04-21 13:54:58.708Z,1.0545,1.0649,100,100,98.1
2026-04-21 13:54:59.720Z,1.0555,1.0643,100,100,83.0
2026-04-21 13:55:00.471Z,1.0543,1.0657,235,140,107.5
2026-04-21 13:55:01.280Z,1.0545,1.0653,247,233,101.9
2026-04-21 13:55:02.432Z,1.0542,1.0654,100,142,105.7
2026-04-21 13:55:03.588Z,1.0542,1.0654,127,100,105.7
2026-04-21 13:55:04.379Z,1.0555,1.0649,431,145,88.7
2026-04-21 13:55:05.378Z,1.0552,1.0646,108,190,88.7
2026-04-21 13:55:06.556Z,1.0543,1.0655,172,106,105.7
2026-04-21 13:55:07.242Z,1.0544,1.0654,100,145,103.8
2026-04-21 13:55:08.250Z,1.0548,1.0654,294,141,100.0
2026-04-21 13:55:09.404Z,1.0543,1.0657,117,236,107.5
2026-04-21 13:55:10.151Z,1.0556,1.0640,122,427,79.3
2026-04-21 13:55:11.406Z,1.0547,1.0657,282,239,103.8
2026-04-21 13:55:12.510Z,1.0551,1.0643,178,455,86.8
2026-04-21 13:55:13.183Z,1.0549,1.0653,604,392,98.1
2026-04-21 13:55:14.160Z,1.0555,1.0649,194,118,88.7
2026-04-21 13:55:15.610Z,1.0544,1.0654,129,260,103.8
2026-04-21 13:55:16.298Z,1.0542,1.0662,285,250,113.2
2026-04-21 13:55:17.639Z,1.0557,1.0645,139,442,83.0
2026-04-21 13:55:18.887Z,1.0542,1.0656,100,189,107.6
2026-04-21 13:55:19.866Z,1.0542,1.0652,137,337,103.8
2026-04-21 13:55:20.616Z,1.0540,1.0652,100,180,105.7
2026-04-21 13:55:21.834Z,1.0551,1.0637,100,110,81.2
2026-04-21 13:55:22.496Z,1.0547,1.0639,100,174,86.8
2026-04-21 13:55:23.868Z,1.0532,1.0640,100,121,102.0
2026-04-21 13:55:24.024Z,1.0540,1.0626,138,161,81.3
2026-04-21 13:55:25.166Z,1.0526,1.0624,124,241,92.7
2026-04-21 13:55:26.393Z,1.0521,1.0623,100,314,96.5
2026-04-21 13:55:27.300Z,1.0503,1.0625,100,266,115.5
2026-04-21 13:55:28.074Z,1.0514,1.0602,100,125,83.3
2026-04-21 13:55:29.613Z,1.0502,1.0606,100,170,98.5
2026-04-21 13:55:30.515Z,1.0502,1.0592,121,194,85.3
2026-04-21 13:55:31.281Z,1.0499,1.0585,100,153,81.6
2026-04-21 13:55:32.268Z,1.0481,1.0595,100,164,108.2
2026-04-21 13:55:33.421Z,1.0484,1.0586,100,169,96.8
2026-04-21 13:55:34.788Z,1.0469,1.0591,100,247,115.9
2026-04-21 13:55:35.536Z,1.0470,1.0580,100,233,104.5
2026-04-21 13:55:36.549Z,1.0472,1.0576,100,147,98.8
2026-04-21 13:55:37.003Z,1.0470,1.0572,171,196,96.9
2026-04-21 13:55:38.227Z,1.0467,1.0575,393,300,102.7
2026-04-21 13:55:39.261Z,1.0470,1.0566,150,349,91.3
2026-04-21 13:55:40.182Z,1.0474,1.0566,468,295,87.5
2026-04-21 13:55:41.357Z,1.0477,1.0569,204,118,87.4
2026-04-21 13:55:42.805Z,1.0476,1.0572,204,143,91.2
2026-04-21 13:55:43.744Z,1.0466,1.0586,160,100,114.0
2026-04-21 13:55:44.690Z,1.0480,1.0584,262,151,98.7
2026-04-21 13:55:45.457Z,1.0488,1.0570,100,222,77.9
2026-04-21 13:55:46.391Z,1.0489,1.0579,425,245,85.4
2026-04-21 13:55:47.768Z,1.0485,1.0577,104,233,87.4
2026-04-21 13:55:48.613Z,1.0478,1.0584,122,180,100.7
2026-04-21 13:55:49.595Z,1.0480,1.0582,143,122,96.9
2026-04-21 13:55:50.461Z,1.0485,1.0569,100,223,79.8
2026-04-21 13:55:51.001Z,1.0474,1.0584,266,118,104.5
2026-04-21 13:55:52.273Z,1.0479,1.0577,230,262,93.1
2026-04-21 13:55:53.194Z,1.0465,1.0585,100,196,114.0
2026-04-21 13:55:54.655Z,1.0466,1.0580,115,245,108.3
2026-04-21 13:55:55.422Z,1.0474,1.0568,115,317,89.3
2026-04-21 13:55:56.768Z,1.0477,1.0565,100,163,83.6
2026-04-21 13:55:57.488Z,1.0463,1.0581,240,111,112.1
2026-04-21 13:55:58.009Z,1.0477,1.0567,296,242,85.5
2026-04-21 13:55:59.078Z,1.0469,1.0571,100,198,97.0
2026-04-21 13:56:00.441Z,1.0541,1.0659,118,212,111.3
2026-04-21 13:56:01.543Z,1.0550,1.0648,100,156,92.5
2026-04-21 13:56:02.221Z,1.0545,1.0643,176,275,92.5
2026-04-21 13:56:03.285Z,1.0549,1.0631,100,141,77.4
2026-04-21 13:56:04.436Z,1.0542,1.0630,125,206,83.1
2026-04-21 13:56:05.557Z,1.0520,1.0640,100,139,113.4
2026-04-21 13:56:06.869Z,1.0531,1.0621,118,149,85.1
2026-04-21 13:56:07.806Z,1.0520,1.0616,100,248,90.8
2026-04-21 13:56:08.438Z,1.0506,1.0622,101,223,109.8
2026-04-21 13:56:09.093Z,1.0506,1.0610,100,169,98.5
2026-04-21 13:56:10.555Z,1.0507,1.0605,101,162,92.8
2026-04-21 13:56:11.518Z,1.0509,1.0591,356,661,77.7
2026-04-21 13:56:12.068Z,1.0508,1.0590,154,331,77.7
2026-04-21 13:56:13.178Z,1.0508,1.0596,392,239,83.4
2026-04-21 13:56:14.221Z,1.0504,1.0604,216,100,94.8
2026-04-21 13:56:15.231Z,1.0508,1.0604,122,100,90.9
2026-04-21 13:56:16.241Z,1.0510,1.0610,352,176,94.7
2026-04-21 13:56:17.477Z,1.0514,1.0608,315,250,89.0
2026-04-21 13:56:18.124Z,1.0499,1.0617,114,141,111.8
2026-04-21 13:56:19.094Z,1.0506,1.0620,164,170,107.9
2026-04-21 13:56:20.394Z,1.0505,1.0613,100,198,102.3
2026-04-21 13:56:21.643Z,1.0517,1.0605,214,125,83.3
2026-04-21 13:56:22.574Z,1.0503,1.0621,138,100,111.7
2026-04-21 13:56:23.565Z,1.0522,1.0612,100,100,85.2
2026-04-21 13:56:24.082Z,1.0521,1.0613,100,100,87.1
2026-04-21 13:56:25.894Z,1.0512,1.0626,134,100,107.9
2026-04-21 13:56:26.483Z,1.0530,1.0618,222,100,83.2
2026-04-21 13:56:27.823Z,1.0524,1.0630,100,100,100.2
2026-04-21 13:56:28.055Z,1.0533,1.0621,123,134,83.2
2026-04-21 13:56:29.300Z,1.0525,1.0643,131,100,111.5
2026-04-21 13:56:30.466Z,1.0526,1.0644,140,100,111.5
2026-04-21 13:56:31.284Z,1.0546,1.0632,119,100,81.2
2026-04-21 13:56:32.457Z,1.0548,1.0634,100,100,81.2
2026-04-21 13:56:33.240Z,1.0552,1.0634,111,100,77.4
2026-04-21 13:56:34.673Z,1.0536,1.0654,100,100,111.4
2026-04-21 13:56:35.358Z,1.0539,1.0651,100,100,105.7
2026-04-21 13:56:36.655Z,1.0548,1.0646,160,100,92.5
2026-04-21 13:56:37.882Z,1.0543,1.0659,286,140,109.4
2026-04-21 13:56:38.012Z,1.0544,1.0658,220,169,107.5
2026-04-21 13:56:39.404Z,1.0556,1.0646,341,256,84.9
2026-04-21 13:56:40.584Z,1.0552,1.0644,267,398,86.8
2026-04-21 13:56:41.883Z,1.0555,1.0645,102,124,84.9
2026-04-21 13:56:42.035Z,1.0545,1.0657,127,100,105.7
2026-04-21 13:56:43.678Z,1.0551,1.0653,109,100,96.2
2026-04-21 13:56:44.044Z,1.0555,1.0641,100,151,81.1
2026-04-21 13:56:45.152Z,1.0558,1.0646,135,100,83.0
2026-04-21 13:56:46.316Z,1.0547,1.0653,100,103,100.0
2026-04-21 13:56:47.179Z,1.0544,1.0658,265,113,107.5
2026-04-21 13:56:48.660Z,1.0559,1.0643,123,100,79.2
2026-04-21 13:56:49.626Z,1.0541,1.0659,104,236,111.3
2026-04-21 13:56:50.742Z,1.0543,1.0659,203,100,109.4
2026-04-21 13:56:51.478Z,1.0554,1.0644,100,248,84.9
2026-04-21 13:56:52.635Z,1.0545,1.0657,153,126,105.7
2026-04-21 13:56:53.409Z,1.0556,1.0646,109,102,84.9
2026-04-21 13:56:54.729Z,1.0559,1.0645,116,136,81.1
2026-04-21 13:56:55.840Z,1.0554,1.0646,100,173,86.8
2026-04-21 13:56:56.485Z,1.0541,1.0655,110,201,107.6
2026-04-21 13:56:57.376Z,1.0548,1.0654,212,100,100.0
2026-04-21 13:56:58.748Z,1.0557,1.0645,120,114,83.0
2026-04-21 13:56:59.417Z,1.0551,1.0649,107,140,92.5
2026-04-21 13:57:00.654Z,1.0492,1.0608,314,226,110.0
2026-04-21 13:57:01.803Z,1.0508,1.0594,225,109,81.5
2026-04-21 13:57:02.108Z,1.0502,1.0588,127,211,81.6
2026-04-21 13:57:03.459Z,1.0498,1.0588,219,431,85.4
2026-04-21 13:57:04.700Z,1.0486,1.0590,161,238,98.7
2026-04-21 13:57:05.485Z,1.0482,1.0580,190,213,93.1
2026-04-21 13:57:06.616Z,1.0478,1.0570,100,318,87.4
2026-04-21 13:57:07.050Z,1.0465,1.0571,210,491,100.8
2026-04-21 13:57:08.840Z,1.0458,1.0570,164,393,106.5
2026-04-21 13:57:09.825Z,1.0451,1.0563,164,472,106.6
2026-04-21 13:57:10.337Z,1.0444,1.0560,191,212,110.5
2026-04-21 13:57:11.160Z,1.0458,1.0540,365,1092,78.1
2026-04-21 13:57:12.192Z,1.0452,1.0550,366,192,93.3
2026-04-21 13:57:13.896Z,1.0443,1.0557,495,1152,108.6
2026-04-21 13:57:14.822Z,1.0449,1.0557,193,179,102.8
2026-04-21 13:57:15.772Z,1.0453,1.0559,273,243,100.9
2026-04-21 13:57:16.684Z,1.0464,1.0554,675,285,85.6
2026-04-21 13:57:17.133Z,1.0459,1.0559,321,536,95.2
2026-04-21 13:57:18.808Z,1.0465,1.0559,756,289,89.4
2026-04-21 13:57:19.892Z,1.0470,1.0554,221,392,79.9
2026-04-21 13:57:20.578Z,1.0456,1.0572,394,200,110.3
2026-04-21 13:57:21.682Z,1.0472,1.0566,223,100,89.4
2026-04-21 13:57:22.160Z,1.0462,1.0578,364,187,110.3
2026-04-21 13:57:23.254Z,1.0477,1.0577,132,121,95.0
2026-04-21 13:57:24.714Z,1.0485,1.0573,106,114,83.6
2026-04-21 13:57:25.698Z,1.0477,1.0595,120,100,112.0
2026-04-21 13:57:26.274Z,1.0487,1.0593,194,162,100.6
2026-04-21 13:57:27.165Z,1.0501,1.0595,170,100,89.1
2026-04-21 13:57:28.560Z,1.0498,1.0608,278,116,104.2
2026-04-21 13:57:29.847Z,1.0509,1.0609,252,134,94.7
2026-04-21 13:57:30.790Z,1.0520,1.0618,180,181,92.7
2026-04-21 13:57:31.391Z,1.0514,1.0632,320,102,111.6
2026-04-21 13:57:32.657Z,1.0533,1.0627,218,172,88.8
2026-04-21 13:57:33.652Z,1.0543,1.0625,211,124,77.5
2026-04-21 13:57:34.482Z,1.0549,1.0633,213,188,79.3
2026-04-21 13:57:35.434Z,1.0547,1.0643,297,215,90.6
2026-04-21 13:57:36.565Z,1.0540,1.0652,232,162,105.7
2026-04-21 13:57:37.256Z,1.0541,1.0657,1086,672,109.4
2026-04-21 13:57:38.217Z,1.0548,1.0648,404,886,94.4
2026-04-21 13:57:39.659Z,1.0546,1.0650,881,837,98.1
2026-04-21 13:57:40.492Z,1.0538,1.0656,513,984,111.4
2026-04-21 13:57:41.064Z,1.0549,1.0645,157,227,90.6
2026-04-21 13:57:42.140Z,1.0537,1.0655,203,444,111.4
2026-04-21 13:57:43.695Z,1.0539,1.0649,139,411,103.8
2026-04-21 13:57:44.688Z,1.0549,1.0633,126,305,79.3
2026-04-21 13:57:45.006Z,1.0524,1.0646,314,902,115.3
2026-04-21 13:57:46.496Z,1.0534,1.0642,213,147,102.0
2026-04-21 13:57:47.762Z,1.0541,1.0631,126,363,85.0
2026-04-21 13:57:48.003Z,1.0540,1.0630,121,256,85.0
2026-04-21 13:57:49.518Z,1.0539,1.0627,160,211,83.2
2026-04-21 13:57:50.738Z,1.0523,1.0637,246,294,107.8
2026-04-21 13:57:51.117Z,1.0520,1.0630,112,268,104.0
2026-04-21 13:57:52.523Z,1.0519,1.0617,205,312,92.7
2026-04-21 13:57:53.278Z,1.0509,1.0621,115,372,106.0
2026-04-21 13:57:54.414Z,1.0522,1.0606,149,166,79.5
2026-04-21 13:57:55.636Z,1.0502,1.0610,153,271,102.3
2026-04-21 13:57:56.731Z,1.0504,1.0606,184,209,96.6
2026-04-21 13:57:57.448Z,1.0501,1.0601,198,629,94.8
2026-04-21 13:57:58.789Z,1.0503,1.0593,345,645,85.3
2026-04-21 13:57:59.298Z,1.0501,1.0599,724,412,92.9
2026-04-21 13:58:00.184Z,1.0551,1.0647,100,100,90.6
2026-04-21 13:58:01.872Z,1.0554,1.0642,100,100,83.0
2026-04-21 13:58:02.153Z,1.0544,1.0656,100,100,105.7
2026-04-21 13:58:03.610Z,1.0558,1.0644,100,100,81.1
2026-04-21 13:58:04.694Z,1.0556,1.0642,100,100,81.1
2026-04-21 13:58:05.473Z,1.0543,1.0655,100,100,105.7
2026-04-21 13:58:06.461Z,1.0558,1.0640,100,100,77.4
2026-04-21 13:58:07.166Z,1.0549,1.0649,100,100,94.3
2026-04-21 13:58:08.773Z,1.0540,1.0658,100,100,111.3
2026-04-21 13:58:09.682Z,1.0543,1.0659,100,100,109.4
2026-04-21 13:58:10.542Z,1.0536,1.0658,100,100,115.1
2026-04-21 13:58:11.504Z,1.0552,1.0640,100,100,83.1
2026-04-21 13:58:12.203Z,1.0542,1.0652,100,100,103.8
2026-04-21 13:58:13.382Z,1.0553,1.0649,100,100,90.6
2026-04-21 13:58:14.861Z,1.0546,1.0650,100,100,98.1
2026-04-21 13:58:15.645Z,1.0544,1.0654,100,100,103.8
2026-04-21 13:58:16.360Z,1.0544,1.0654,100,100,103.8
2026-04-21 13:58:17.529Z,1.0552,1.0642,100,100,84.9
2026-04-21 13:58:18.530Z,1.0552,1.0648,100,100,90.6
2026-04-21 13:58:19.553Z,1.0547,1.0647,100,100,94.4
2026-04-21 13:58:20.609Z,1.0543,1.0653,100,100,103.8
2026-04-21 13:58:21.487Z,1.0546,1.0652,100,100,100.0
2026-04-21 13:58:22.545Z,1.0534,1.0656,100,100,115.1
2026-04-21 13:58:23.021Z,1.0547,1.0645,100,100,92.5
2026-04-21 13:58:24.316Z,1.0554,1.0638,100,100,79.3
2026-04-21 13:58:25.227Z,1.0551,1.0635,100,100,79.3
2026-04-21 13:58:26.624Z,1.0553,1.0635,100,100,77.4
2026-04-21 13:58:27.105Z,1.0533,1.0641,100,100,102.0
2026-04-21 13:58:28.209Z,1.0539,1.0641,100,100,96.3
2026-04-21 13:58:29.107Z,1.0522,1.0646,100,100,117.2
2026-04-21 13:58:30.018Z,1.0537,1.0633,100,100,90.7
2026-04-21 13:58:31.643Z,1.0543,1.0627,100,100,79.4
2026-04-21 13:58:32.023Z,1.0521,1.0639,100,100,111.5
2026-04-21 13:58:33.597Z,1.0530,1.0628,100,100,92.6
2026-04-21 13:58:34.596Z,1.0529,1.0631,100,100,96.4
2026-04-21 13:58:35.652Z,1.0535,1.0623,100,100,83.2
2026-04-21 13:58:36.397Z,1.0532,1.0622,100,100,85.1
2026-04-21 13:58:37.053Z,1.0524,1.0630,100,100,100.2
2026-04-21 13:58:38.069Z,1.0534,1.0622,100,100,83.2
2026-04-21 13:58:39.116Z,1.0518,1.0636,100,100,111.6
2026-04-21 13:58:40.609Z,1.0520,1.0640,100,100,113.4
2026-04-21 13:58:41.196Z,1.0520,1.0634,100,100,107.8
2026-04-21 13:58:42.076Z,1.0530,1.0628,100,100,92.6
2026-04-21 13:58:43.018Z,1.0531,1.0625,100,100,88.9
2026-04-21 13:58:44.896Z,1.0525,1.0635,100,100,104.0
2026-04-21 13:58:45.215Z,1.0519,1.0637,100,100,111.6
2026-04-21 13:58:46.637Z,1.0528,1.0634,100,100,100.2
2026-04-21 13:58:47.803Z,1.0534,1.0624,100,100,85.1
2026-04-21 13:58:48.173Z,1.0532,1.0630,100,100,92.6
2026-04-21 13:58:49.055Z,1.0538,1.0620,100,100,77.5
2026-04-21 13:58:50.364Z,1.0523,1.0635,100,100,105.9
2026-04-21 13:58:51.343Z,1.0527,1.0633,100,100,100.2
2026-04-21 13:58:52.276Z,1.0537,1.0619,100,100,77.5
2026-04-21 13:58:53.355Z,1.0519,1.0635,100,100,109.7
2026-04-21 13:58:54.527Z,1.0521,1.0637,100,100,109.7
2026-04-21 13:58:55.834Z,1.0528,1.0628,100,100,94.5
2026-04-21 13:58:56.032Z,1.0525,1.0629,100,100,98.3
2026-04-21 13:58:57.321Z,1.0520,1.0640,100,100,113.4
2026-04-21 13:58:58.788Z,1.0524,1.0634,100,100,104.0
2026-04-21 13:58:59.353Z,1.0530,1.0624,100,100,88.9
2026-04-21 14:00:00.765Z,1.0527,1.0613,100,100,81.4
2026-04-21 14:00:01.730Z,1.0527,1.0617,100,100,85.1
2026-04-21 14:00:02.285Z,1.0517,1.0621,100,100,98.4
2026-04-21 14:00:03.355Z,1.0525,1.0611,100,100,81.4
2026-04-21 14:00:04.400Z,1.0521,1.0615,100,100,88.9
2026-04-21 14:00:05.797Z,1.0510,1.0626,100,100,109.8
2026-04-21 14:00:06.728Z,1.0513,1.0627,100,100,107.9
2026-04-21 14:00:07.235Z,1.0509,1.0627,100,100,111.7
2026-04-21 14:00:08.414Z,1.0519,1.0623,100,100,98.4
2026-04-21 14:00:09.414Z,1.0512,1.0628,100,100,109.7
2026-04-21 14:00:10.161Z,1.0516,1.0628,100,100,105.9
2026-04-21 14:00:11.276Z,1.0511,1.0629,100,100,111.6
2026-04-21 14:00:12.656Z,1.0517,1.0623,100,100,100.3
2026-04-21 14:00:13.621Z,1.0514,1.0626,100,100,106.0
2026-04-21 14:00:14.842Z,1.0518,1.0618,100,100,94.6
2026-04-21 14:00:15.558Z,1.0525,1.0613,100,100,83.3
2026-04-21 14:00:16.444Z,1.0529,1.0613,100,100,79.5
2026-04-21 14:00:17.376Z,1.0509,1.0629,100,100,113.5
2026-04-21 14:00:18.455Z,1.0515,1.0625,100,100,104.1
2026-04-21 14:00:19.271Z,1.0515,1.0627,100,100,106.0
2026-04-21 14:00:20.468Z,1.0524,1.0624,100,100,94.6
2026-04-21 14:00:21.199Z,1.0521,1.0627,100,100,100.2
2026-04-21 14:00:22.651Z,1.0526,1.0616,100,100,85.1
2026-04-21 14:00:23.103Z,1.0515,1.0637,100,100,115.4
2026-04-21 14:00:24.697Z,1.0523,1.0625,100,100,96.5
2026-04-21 14:00:25.841Z,1.0524,1.0636,100,100,105.9
2026-04-21 14:00:26.139Z,1.0525,1.0637,100,100,105.9
2026-04-21 14:00:27.376Z,1.0538,1.0622,100,100,79.4
2026-04-21 14:00:28.198Z,1.0528,1.0642,100,100,107.7
2026-04-21 14:00:29.261Z,1.0540,1.0636,100,100,90.7
2026-04-21 14:00:30.687Z,1.0532,1.0642,100,100,103.9
2026-04-21 14:00:31.368Z,1.0535,1.0645,100,100,103.9
2026-04-21 14:00:32.717Z,1.0534,1.0650,100,100,109.5
2026-04-21 14:00:33.352Z,1.0551,1.0641,100,100,84.9
2026-04-21 14:00:34.874Z,1.0543,1.0653,100,100,103.8
2026-04-21 14:00:35.536Z,1.0552,1.0642,100,100,84.9
2026-04-21 14:00:36.134Z,1.0549,1.0647,100,100,92.5
2026-04-21 14:00:37.084Z,1.0548,1.0648,100,100,94.4
2026-04-21 14:00:38.885Z,1.0559,1.0645,100,100,81.1
2026-04-21 14:00:39.381Z,1.0559,1.0641,100,100,77.4
2026-04-21 14:00:40.487Z,1.0558,1.0642,100,100,79.2
2026-04-21 14:00:41.375Z,1.0542,1.0656,100,100,107.6
2026-04-21 14:00:42.233Z,1.0543,1.0649,100,100,100.0
2026-04-21 14:00:43.013Z,1.0536,1.0654,100,100,111.4
2026-04-21 14:00:44.786Z,1.0543,1.0649,100,100,100.0
2026-04-21 14:00:45.801Z,1.0551,1.0645,100,100,88.7
2026-04-21 14:00:46.370Z,1.0555,1.0641,100,100,81.1
2026-04-21 14:00:47.560Z,1.0550,1.0638,100,100,83.1
2026-04-21 14:00:48.533Z,1.0550,1.0642,100,100,86.8
2026-04-21 14:00:49.494Z,1.0555,1.0637,100,100,77.4
2026-04-21 14:00:50.685Z,1.0550,1.0642,100,100,86.8
2026-04-21 14:00:51.328Z,1.0554,1.0642,100,100,83.0
2026-04-21 14:00:52.181Z,1.0554,1.0642,100,100,83.0
2026-04-21 14:00:53.136Z,1.0555,1.0639,100,100,79.3
2026-04-21 14:00:54.327Z,1.0558,1.0642,100,100,79.2
2026-04-21 14:00:55.893Z,1.0543,1.0657,100,100,107.5
2026-04-21 14:00:56.393Z,1.0544,1.0648,100,100,98.2
2026-04-21 14:00:57.436Z,1.0556,1.0646,100,100,84.9
2026-04-21 14:00:58.491Z,1.0548,1.0654,100,100,100.0
2026-04-21 14:00:59.396Z,1.0548,1.0650,100,100,96.2
2026-04-21 14:01:00.331Z,1.0540,1.0656,100,100,109.5
2026-04-21 14:01:01.714Z,1.0557,1.0641,100,100,79.3
2026-04-21 14:01:02.090Z,1.0539,1.0657,100,100,111.3
2026-04-21 14:01:03.356Z,1.0554,1.0642,100,100,83.0
2026-04-21 14:01:04.547Z,1.0550,1.0646,100,100,90.6
2026-04-21 14:01:05.460Z,1.0545,1.0651,100,100,100.0
2026-04-21 14:01:06.812Z,1.0551,1.0645,100,100,88.7
2026-04-21 14:01:07.130Z,1.0544,1.0658,100,100,107.5
2026-04-21 14:01:08.224Z,1.0550,1.0648,100,100,92.5
2026-04-21 14:01:09.778Z,1.0542,1.0656,100,100,107.6
2026-04-21 14:01:10.415Z,1.0548,1.0646,100,100,92.5
2026-04-21 14:01:11.459Z,1.0544,1.0654,100,100,103.8
2026-04-21 14:01:12.780Z,1.0554,1.0642,100,100,83.0
2026-04-21 14:01:13.888Z,1.0548,1.0654,100,100,100.0
2026-04-21 14:01:14.208Z,1.0543,1.0657,100,100,107.5
2026-04-21 14:01:15.687Z,1.0559,1.0643,100,100,79.2
2026-04-21 14:01:16.480Z,1.0552,1.0646,100,100,88.7
2026-04-21 14:01:17.576Z,1.0541,1.0661,100,100,113.2
2026-04-21 14:01:18.063Z,1.0549,1.0643,100,100,88.7
2026-04-21 14:01:19.366Z,1.0551,1.0647,100,100,90.6
2026-04-21 14:01:20.088Z,1.0535,1.0655,100,100,113.3
2026-04-21 14:01:21.205Z,1.0542,1.0644,100,100,96.3
2026-04-21 14:01:22.724Z,1.0551,1.0637,100,100,81.2
2026-04-21 14:01:23.897Z,1.0531,1.0649,100,100,111.4
2026-04-21 14:01:24.770Z,1.0540,1.0632,100,100,86.9
2026-04-21 14:01:25.577Z,1.0537,1.0629,100,100,86.9
2026-04-21 14:01:26.318Z,1.0535,1.0625,100,100,85.1
2026-04-21 14:01:27.406Z,1.0536,1.0618,100,100,77.5
2026-04-21 14:01:28.680Z,1.0524,1.0626,100,100,96.5
2026-04-21 14:01:29.161Z,1.0524,1.0612,100,100,83.3
2026-04-21 14:01:30.250Z,1.0525,1.0607,100,100,77.6
2026-04-21 14:01:31.122Z,1.0513,1.0619,100,100,100.3
2026-04-21 14:01:32.546Z,1.0510,1.0608,100,100,92.8
2026-04-21 14:01:33.097Z,1.0512,1.0604,100,100,87.1
2026-04-21 14:01:34.534Z,1.0496,1.0612,100,100,109.9
2026-04-21 14:01:35.382Z,1.0514,1.0596,100,100,77.7
2026-04-21 14:01:36.749Z,1.0495,1.0607,100,100,106.2
2026-04-21 14:01:37.632Z,1.0504,1.0596,100,100,87.2
2026-04-21 14:01:38.512Z,1.0497,1.0603,100,100,100.5
2026-04-21 14:01:39.684Z,1.0490,1.0608,100,100,111.9
2026-04-21 14:01:40.636Z,1.0493,1.0609,100,100,109.9
2026-04-21 14:01:41.178Z,1.0492,1.0608,100,100,110.0
2026-04-21 14:01:42.630Z,1.0502,1.0602,100,100,94.8
2026-04-21 14:01:43.767Z,1.0497,1.0609,100,100,106.1
2026-04-21 14:01:44.420Z,1.0503,1.0609,100,100,100.4
2026-04-21 14:01:45.886Z,1.0512,1.0598,100,100,81.5
2026-04-21 14:01:46.649Z,1.0508,1.0602,100,100,89.1
2026-04-21 14:01:47.151Z,1.0506,1.0606,100,100,94.7
2026-04-21 14:01:48.373Z,1.0516,1.0596,100,100,75.8
2026-04-21 14:01:49.458Z,1.0502,1.0610,100,100,102.3
2026-04-21 14:01:50.399Z,1.0496,1.0610,100,100,108.0
2026-04-21 14:01:51.090Z,1.0507,1.0599,100,100,87.2
2026-04-21 14:01:52.379Z,1.0505,1.0603,100,100,92.9
2026-04-21 14:01:53.472Z,1.0512,1.0594,100,100,77.7
2026-04-21 14:01:54.516Z,1.0507,1.0601,100,100,89.1
2026-04-21 14:01:55.613Z,1.0507,1.0591,100,100,79.6
2026-04-21 14:01:56.670Z,1.0492,1.0606,100,100,108.1
2026-04-21 14:01:57.320Z,1.0497,1.0605,100,100,102.4
2026-04-21 14:01:58.136Z,1.0511,1.0593,100,100,77.7
2026-04-21 14:01:59.355Z,1.0509,1.0591,100,100,77.7
2026-04-21 14:02:00.592Z,1.0555,1.0645,100,100,84.9
2026-04-21 14:02:01.465Z,1.0547,1.0653,100,100,100.0
2026-04-21 14:02:02.235Z,1.0545,1.0653,100,100,101.9
2026-04-21 14:02:03.804Z,1.0551,1.0653,100,100,96.2
2026-04-21 14:02:04.800Z,1.0542,1.0658,100,100,109.4
2026-04-21 14:02:05.555Z,1.0554,1.0646,100,100,86.8
2026-04-21 14:02:06.401Z,1.0546,1.0656,100,100,103.8
2026-04-21 14:02:07.054Z,1.0547,1.0651,100,100,98.1
2026-04-21 14:02:08.141Z,1.0556,1.0644,100,100,83.0
2026-04-21 14:02:09.243Z,1.0542,1.0658,100,100,109.4
2026-04-21 14:02:10.244Z,1.0558,1.0642,100,100,79.2
2026-04-21 14:02:11.632Z,1.0552,1.0652,100,100,94.3
2026-04-21 14:02:12.558Z,1.0545,1.0651,100,105,100.0
2026-04-21 14:02:13.717Z,1.0546,1.0658,100,100,105.6
2026-04-21 14:02:14.659Z,1.0545,1.0655,100,100,103.8
2026-04-21 14:02:15.002Z,1.0560,1.0642,100,100,77.4
2026-04-21 14:02:16.169Z,1.0557,1.0639,100,100,77.4
2026-04-21 14:02:17.637Z,1.0556,1.0644,100,100,83.0
2026-04-21 14:02:18.375Z,1.0550,1.0652,100,100,96.2
2026-04-21 14:02:19.240Z,1.0550,1.0652,100,100,96.2
2026-04-21 14:02:20.048Z,1.0552,1.0648,100,100,90.6
2026-04-21 14:02:21.776Z,1.0554,1.0638,100,100,79.3
2026-04-21 14:02:22.835Z,1.0554,1.0638,100,100,79.3
2026-04-21 14:02:23.827Z,1.0547,1.0641,100,100,88.7
2026-04-21 14:02:24.819Z,1.0543,1.0647,100,100,98.2
2026-04-21 14:02:25.715Z,1.0535,1.0645,100,100,103.9
2026-04-21 14:02:26.491Z,1.0531,1.0649,100,100,111.4
2026-04-21 14:02:27.643Z,1.0534,1.0644,100,100,103.9
2026-04-21 14:02:28.683Z,1.0538,1.0630,100,100,86.9
2026-04-21 14:02:29.806Z,1.0523,1.0643,100,100,113.4
2026-04-21 14:02:30.251Z,1.0537,1.0621,100,100,79.4
2026-04-21 14:02:31.313Z,1.0528,1.0626,100,100,92.7
2026-04-21 14:02:32.254Z,1.0523,1.0635,100,100,105.9
2026-04-21 14:02:33.501Z,1.0521,1.0631,100,100,104.0
2026-04-21 14:02:34.328Z,1.0524,1.0622,100,100,92.7
2026-04-21 14:02:35.746Z,1.0529,1.0617,100,100,83.2
2026-04-21 14:02:36.867Z,1.0524,1.0614,100,100,85.2
2026-04-21 14:02:37.849Z,1.0515,1.0627,129,100,106.0
2026-04-21 14:02:38.316Z,1.0510,1.0628,100,100,111.6
2026-04-21 14:02:39.524Z,1.0528,1.0614,166,100,81.4
2026-04-21 14:02:40.447Z,1.0520,1.0620,100,202,94.6
2026-04-21 14:02:41.539Z,1.0513,1.0625,100,100,106.0
2026-04-21 14:02:42.792Z,1.0528,1.0618,100,100,85.1
2026-04-21 14:02:43.083Z,1.0509,1.0631,100,100,115.4
2026-04-21 14:02:44.715Z,1.0525,1.0617,100,100,87.0
2026-04-21 14:02:45.171Z,1.0527,1.0617,100,100,85.1
2026-04-21 14:02:46.486Z,1.0527,1.0615,100,100,83.2
2026-04-21 14:02:47.644Z,1.0529,1.0621,100,100,87.0
2026-04-21 14:02:48.760Z,1.0533,1.0615,100,100,77.5
2026-04-21 14:02:49.733Z,1.0524,1.0620,100,100,90.8
2026-04-21 14:02:50.856Z,1.0522,1.0622,100,100,94.6
2026-04-21 14:02:51.636Z,1.0530,1.0614,100,100,79.5
2026-04-21 14:02:52.301Z,1.0525,1.0617,100,100,87.0
2026-04-21 14:02:53.817Z,1.0530,1.0614,100,100,79.5
2026-04-21 14:02:54.301Z,1.0514,1.0626,100,100,106.0
2026-04-21 14:02:55.841Z,1.0520,1.0622,100,100,96.5
2026-04-21 14:02:56.370Z,1.0531,1.0615,100,100,79.4
2026-04-21 14:02:57.881Z,1.0527,1.0615,100,100,83.2
2026-04-21 14:02:58.600Z,1.0515,1.0629,100,100,107.8
2026-04-21 14:02:59.755Z,1.0527,1.0613,100,100,81.4
2026-04-21 14:03:00.890Z,1.0530,1.0618,100,100,83.2
2026-04-21 14:03:01.642Z,1.0520,1.0624,100,100,98.4
2026-04-21 14:03:02.475Z,1.0521,1.0625,100,100,98.4
2026-04-21 14:03:03.294Z,1.0525,1.0615,100,100,85.1
2026-04-21 14:03:04.433Z,1.0514,1.0622,100,100,102.2
2026-04-21 14:03:05.892Z,1.0508,1.0618,100,100,104.1
2026-04-21 14:03:06.081Z,1.0523,1.0605,100,100,77.6
2026-04-21 14:03:07.632Z,1.0500,1.0614,100,100,108.0
2026-04-21 14:03:08.771Z,1.0501,1.0607,100,100,100.4
2026-04-21 14:03:09.541Z,1.0508,1.0604,100,100,90.9
2026-04-21 14:03:10.425Z,1.0497,1.0601,100,100,98.6
2026-04-21 14:03:11.731Z,1.0493,1.0603,100,100,104.3
2026-04-21 14:03:12.733Z,1.0495,1.0601,100,100,100.5
2026-04-21 14:03:13.185Z,1.0503,1.0597,100,100,89.1
2026-04-21 14:03:14.697Z,1.0499,1.0603,100,100,98.6
2026-04-21 14:03:15.498Z,1.0498,1.0612,100,100,108.0
2026-04-21 14:03:16.686Z,1.0505,1.0607,100,100,96.6
2026-04-21 14:03:17.211Z,1.0499,1.0621,100,100,115.5
2026-04-21 14:03:18.781Z,1.0506,1.0610,100,100,98.5
2026-04-21 14:03:19.525Z,1.0508,1.0612,100,100,98.5
2026-04-21 14:03:20.855Z,1.0501,1.0615,100,100,108.0
2026-04-21 14:03:21.891Z,1.0507,1.0615,100,100,102.3
2026-04-21 14:03:22.187Z,1.0503,1.0621,100,100,111.7
2026-04-21 14:03:23.602Z,1.0507,1.0625,100,100,111.7
2026-04-21 14:03:24.308Z,1.0514,1.0614,100,100,94.7
2026-04-21 14:03:25.776Z,1.0516,1.0620,100,100,98.4
2026-04-21 14:03:26.049Z,1.0523,1.0625,100,100,96.5
2026-04-21 14:03:27.457Z,1.0520,1.0624,100,100,98.4
2026-04-21 14:03:28.454Z,1.0519,1.0633,100,100,107.8
2026-04-21 14:03:29.340Z,1.0520,1.0636,100,100,109.7
2026-04-21 14:03:30.008Z,1.0528,1.0632,100,100,98.3
2026-04-21 14:03:31.675Z,1.0540,1.0628,100,100,83.1
2026-04-21 14:03:32.355Z,1.0538,1.0638,100,100,94.4
2026-04-21 14:03:33.072Z,1.0549,1.0635,100,100,81.2
2026-04-21 14:03:34.390Z,1.0537,1.0645,100,100,102.0
2026-04-21 14:03:35.600Z,1.0538,1.0646,100,100,102.0
2026-04-21 14:03:36.245Z,1.0548,1.0642,100,100,88.7
2026-04-21 14:03:37.868Z,1.0551,1.0641,100,100,84.9
2026-04-21 14:03:38.731Z,1.0549,1.0647,100,100,92.5
2026-04-21 14:03:39.437Z,1.0548,1.0640,100,100,86.8
2026-04-21 14:03:40.835Z,1.0539,1.0649,100,100,103.8
2026-04-21 14:03:41.622Z,1.0538,1.0654,100,100,109.5
2026-04-21 14:03:42.859Z,1.0550,1.0634,100,100,79.3
2026-04-21 14:03:43.258Z,1.0550,1.0636,100,100,81.2
2026-04-21 14:03:44.254Z,1.0532,1.0652,100,100,113.3
