TimestampUtc,Price,Size,Exchange
2026-04-21 13:30:00.421Z,1.0907,2066,SYNTH
2026-04-21 13:30:01.041Z,1.0908,2138,SYNTH
2026-04-21 13:30:02.656Z,1.0918,2868,SYNTH
2026-04-21 13:30:03.490Z,1.0921,2658,SYNTH
2026-04-21 13:30:04.049Z,1.0924,2597,SYNTH
2026-04-21 13:30:05.763Z,1.0947,2367,SYNTH
2026-04-21 13:30:06.693Z,1.0945,3337,SYNTH
2026-04-21 13:30:07.003Z,1.0949,2708,SYNTH
2026-04-21 13:30:08.083Z,1.0967,2216,SYNTH
2026-04-21 13:30:09.817Z,1.0977,3209,SYNTH
2026-04-21 13:30:10.409Z,1.0984,1387,SYNTH
2026-04-21 13:30:11.801Z,1.0988,5852,SYNTH
2026-04-21 13:30:12.265Z,1.0981,6497,SYNTH
2026-04-21 13:30:13.166Z,1.0989,5335,SYNTH
2026-04-21 13:30:14.207Z,1.0960,1335,SYNTH
2026-04-21 13:30:15.383Z,1.0962,1179,SYNTH
2026-04-21 13:30:16.807Z,1.0958,2839,SYNTH
2026-04-21 13:30:17.819Z,1.0979,2935,SYNTH
2026-04-21 13:30:18.810Z,1.0954,4931,SYNTH
2026-04-21 13:30:19.428Z,1.0948,3472,SYNTH
2026-04-21 13:30:20.664Z,1.0937,1293,SYNTH
2026-04-21 13:30:21.251Z,1.0937,2032,SYNTH
2026-04-21 13:30:22.070Z,1.0936,2609,SYNTH
2026-04-21 13:30:23.757Z,1.0922,2207,SYNTH
2026-04-21 13:30:24.049Z,1.0924,1400,SYNTH
2026-04-21 13:30:25.022Z,1.0895,1074,SYNTH
2026-04-21 13:30:26.447Z,1.0887,1624,SYNTH
2026-04-21 13:30:27.509Z,1.0885,2465,SYNTH
2026-04-21 13:30:28.139Z,1.0862,2300,SYNTH
2026-04-21 13:30:29.192Z,1.0854,1328,SYNTH
2026-04-21 13:30:30.843Z,1.0844,2082,SYNTH
2026-04-21 13:30:31.821Z,1.0837,1332,SYNTH
2026-04-21 13:30:32.548Z,1.0830,1361,SYNTH
2026-04-21 13:30:33.453Z,1.0812,1107,SYNTH
2026-04-21 13:30:34.401Z,1.0813,2349,SYNTH
2026-04-21 13:30:35.248Z,1.0802,1556,SYNTH
2026-04-21 13:30:36.603Z,1.0790,2533,SYNTH
2026-04-21 13:30:37.681Z,1.0788,5738,SYNTH
2026-04-21 13:30:38.552Z,1.0798,6616,SYNTH
2026-04-21 13:30:39.299Z,1.0791,5833,SYNTH
2026-04-21 13:30:40.043Z,1.0809,4929,SYNTH
2026-04-21 13:30:41.577Z,1.0816,1777,SYNTH
2026-04-21 13:30:42.808Z,1.0813,1666,SYNTH
2026-04-21 13:30:43.285Z,1.0821,1672,SYNTH
2026-04-21 13:30:44.602Z,1.0823,1175,SYNTH
2026-04-21 13:30:45.370Z,1.0827,3689,SYNTH
2026-04-21 13:30:46.220Z,1.0833,1892,SYNTH
2026-04-21 13:30:47.492Z,1.0821,2051,SYNTH
2026-04-21 13:30:48.277Z,1.0828,1298,SYNTH
2026-04-21 13:30:49.720Z,1.0823,3135,SYNTH
2026-04-21 13:30:50.279Z,1.0840,2508,SYNTH
2026-04-21 13:30:51.827Z,1.0840,1637,SYNTH
2026-04-21 13:30:52.899Z,1.0834,2657,SYNTH
2026-04-21 13:30:53.854Z,1.0851,1802,SYNTH
2026-04-21 13:30:54.039Z,1.0854,3470,SYNTH
2026-04-21 13:30:55.127Z,1.0842,3267,SYNTH
2026-04-21 13:30:56.532Z,1.0858,2507,SYNTH
2026-04-21 13:30:57.173Z,1.0831,2527,SYNTH
2026-04-21 13:30:58.365Z,1.0859,2062,SYNTH
2026-04-21 13:30:59.058Z,1.0865,3904,SYNTH
2026-04-21 13:31:00.452Z,1.0865,111,SYNTH
2026-04-21 13:31:01.668Z,1.0868,179,SYNTH
2026-04-21 13:31:02.640Z,1.0851,125,SYNTH
2026-04-21 13:31:03.859Z,1.0848,151,SYNTH
2026-04-21 13:31:04.532Z,1.0868,199,SYNTH
2026-04-21 13:31:05.550Z,1.0848,199,SYNTH
2026-04-21 13:31:06.717Z,1.0869,210,SYNTH
2026-04-21 13:31:07.197Z,1.0833,149,SYNTH
2026-04-21 13:31:08.157Z,1.0853,148,SYNTH
2026-04-21 13:31:09.105Z,1.0848,128,SYNTH
2026-04-21 13:31:10.736Z,1.0864,196,SYNTH
2026-04-21 13:31:11.594Z,1.0845,265,SYNTH
2026-04-21 13:31:12.839Z,1.0857,223,SYNTH
2026-04-21 13:31:13.225Z,1.0848,217,SYNTH
2026-04-21 13:31:14.748Z,1.0849,134,SYNTH
2026-04-21 13:31:15.426Z,1.0868,167,SYNTH
2026-04-21 13:31:16.144Z,1.0841,215,SYNTH
2026-04-21 13:31:17.034Z,1.0865,218,SYNTH
2026-04-21 13:31:18.019Z,1.0832,164,SYNTH
2026-04-21 13:31:19.898Z,1.0872,179,SYNTH
2026-04-21 13:31:20.534Z,1.0829,167,SYNTH
2026-04-21 13:31:21.145Z,1.0840,71,SYNTH
2026-04-21 13:31:22.314Z,1.0862,132,SYNTH
2026-04-21 13:31:23.748Z,1.0855,158,SYNTH
2026-04-21 13:31:24.065Z,1.0865,97,SYNTH
2026-04-21 13:31:25.480Z,1.0845,84,SYNTH
2026-04-21 13:31:26.201Z,1.0852,93,SYNTH
2026-04-21 13:31:27.213Z,1.0865,106,SYNTH
2026-04-21 13:31:28.475Z,1.0864,159,SYNTH
2026-04-21 13:31:29.517Z,1.0831,135,SYNTH
2026-04-21 13:31:30.419Z,1.0851,138,SYNTH
2026-04-21 13:31:31.180Z,1.0865,105,SYNTH
2026-04-21 13:31:32.279Z,1.0849,94,SYNTH
2026-04-21 13:31:33.178Z,1.0832,98,SYNTH
2026-04-21 13:31:34.201Z,1.0854,111,SYNTH
2026-04-21 13:31:35.426Z,1.0830,145,SYNTH
2026-04-21 13:31:36.705Z,1.0867,165,SYNTH
2026-04-21 13:31:37.262Z,1.0861,284,SYNTH
2026-04-21 13:31:38.621Z,1.0851,225,SYNTH
2026-04-21 13:31:39.300Z,1.0855,291,SYNTH
2026-04-21 13:31:40.072Z,1.0855,265,SYNTH
2026-04-21 13:31:41.489Z,1.0871,139,SYNTH
2026-04-21 13:31:42.873Z,1.0841,142,SYNTH
2026-04-21 13:31:43.843Z,1.0861,78,SYNTH
2026-04-21 13:31:44.842Z,1.0843,123,SYNTH
2026-04-21 13:31:45.261Z,1.0853,140,SYNTH
2026-04-21 13:31:46.828Z,1.0856,236,SYNTH
2026-04-21 13:31:47.888Z,1.0846,259,SYNTH
2026-04-21 13:31:48.494Z,1.0869,97,SYNTH
2026-04-21 13:31:49.211Z,1.0842,176,SYNTH
2026-04-21 13:31:50.154Z,1.0839,214,SYNTH
2026-04-21 13:31:51.744Z,1.0860,161,SYNTH
2026-04-21 13:31:52.103Z,1.0850,141,SYNTH
2026-04-21 13:31:53.696Z,1.0839,102,SYNTH
2026-04-21 13:31:54.038Z,1.0870,186,SYNTH
2026-04-21 13:31:55.732Z,1.0840,164,SYNTH
2026-04-21 13:31:56.687Z,1.0859,208,SYNTH
2026-04-21 13:31:57.053Z,1.0857,158,SYNTH
2026-04-21 13:31:58.329Z,1.0842,179,SYNTH
2026-04-21 13:31:59.430Z,1.0853,131,SYNTH
2026-04-21 13:32:00.009Z,1.0875,20,SYNTH
2026-04-21 13:32:01.681Z,1.0847,20,SYNTH
2026-04-21 13:32:02.130Z,1.0875,11,SYNTH
2026-04-21 13:32:03.032Z,1.0850,18,SYNTH
2026-04-21 13:32:04.412Z,1.0836,19,SYNTH
2026-04-21 13:32:05.801Z,1.0866,15,SYNTH
2026-04-21 13:32:06.563Z,1.0863,13,SYNTH
2026-04-21 13:32:07.889Z,1.0851,10,SYNTH
2026-04-21 13:32:08.173Z,1.0866,12,SYNTH
2026-04-21 13:32:09.242Z,1.0845,18,SYNTH
2026-04-21 13:32:10.801Z,1.0867,9,SYNTH
2026-04-21 13:32:11.834Z,1.0837,24,SYNTH
2026-04-21 13:32:12.466Z,1.0835,44,SYNTH
2026-04-21 13:32:13.158Z,1.0864,39,SYNTH
2026-04-21 13:32:14.158Z,1.0876,19,SYNTH
2026-04-21 13:32:15.362Z,1.0878,8,SYNTH
2026-04-21 13:32:16.352Z,1.0865,26,SYNTH
2026-04-21 13:32:17.353Z,1.0843,26,SYNTH
2026-04-21 13:32:18.211Z,1.0842,14,SYNTH
2026-04-21 13:32:19.088Z,1.0868,16,SYNTH
2026-04-21 13:32:20.602Z,1.0878,13,SYNTH
2026-04-21 13:32:21.752Z,1.0865,8,SYNTH
2026-04-21 13:32:22.616Z,1.0852,8,SYNTH
2026-04-21 13:32:23.854Z,1.0875,15,SYNTH
2026-04-21 13:32:24.526Z,1.0840,13,SYNTH
2026-04-21 13:32:25.058Z,1.0849,10,SYNTH
2026-04-21 13:32:26.056Z,1.0875,9,SYNTH
2026-04-21 13:32:27.533Z,1.0851,13,SYNTH
2026-04-21 13:32:28.403Z,1.0867,11,SYNTH
2026-04-21 13:32:29.846Z,1.0876,9,SYNTH
2026-04-21 13:32:30.772Z,1.0837,9,SYNTH
2026-04-21 13:32:31.104Z,1.0878,9,SYNTH
2026-04-21 13:32:32.059Z,1.0847,11,SYNTH
2026-04-21 13:32:33.118Z,1.0862,7,SYNTH
2026-04-21 13:32:34.375Z,1.0874,9,SYNTH
2026-04-21 13:32:35.349Z,1.0842,15,SYNTH
2026-04-21 13:32:36.897Z,1.0836,13,SYNTH
2026-04-21 13:32:37.683Z,1.0877,23,SYNTH
2026-04-21 13:32:38.322Z,1.0838,31,SYNTH
2026-04-21 13:32:39.647Z,1.0863,33,SYNTH
2026-04-21 13:32:40.157Z,1.0853,24,SYNTH
2026-04-21 13:32:41.767Z,1.0876,13,SYNTH
2026-04-21 13:32:42.425Z,1.0837,17,SYNTH
2026-04-21 13:32:43.668Z,1.0867,17,SYNTH
2026-04-21 13:32:44.019Z,1.0871,9,SYNTH
2026-04-21 13:32:45.513Z,1.0873,26,SYNTH
2026-04-21 13:32:46.802Z,1.0873,24,SYNTH
2026-04-21 13:32:47.203Z,1.0876,12,SYNTH
2026-04-21 13:32:48.836Z,1.0840,14,SYNTH
2026-04-21 13:32:49.237Z,1.0838,17,SYNTH
2026-04-21 13:32:50.343Z,1.0871,9,SYNTH
2026-04-21 13:32:51.012Z,1.0876,19,SYNTH
2026-04-21 13:32:52.118Z,1.0872,18,SYNTH
2026-04-21 13:32:53.303Z,1.0837,19,SYNTH
2026-04-21 13:32:54.141Z,1.0867,17,SYNTH
2026-04-21 13:32:55.632Z,1.0854,13,SYNTH
2026-04-21 13:32:56.631Z,1.0867,10,SYNTH
2026-04-21 13:32:57.785Z,1.0845,14,SYNTH
2026-04-21 13:32:58.559Z,1.0862,24,SYNTH
2026-04-21 13:32:59.361Z,1.0862,21,SYNTH
2026-04-21 13:33:00.438Z,1.0854,28,SYNTH
2026-04-21 13:33:01.028Z,1.0871,23,SYNTH
2026-04-21 13:33:02.653Z,1.0845,21,SYNTH
2026-04-21 13:33:03.561Z,1.0857,12,SYNTH
2026-04-21 13:33:04.597Z,1.0838,24,SYNTH
2026-04-21 13:33:05.796Z,1.0862,26,SYNTH
2026-04-21 13:33:06.569Z,1.0868,16,SYNTH
2026-04-21 13:33:07.316Z,1.0844,24,SYNTH
2026-04-21 13:33:08.741Z,1.0866,11,SYNTH
2026-04-21 13:33:09.817Z,1.0861,24,SYNTH
2026-04-21 13:33:10.527Z,1.0855,10,SYNTH
2026-04-21 13:33:11.310Z,1.0841,26,SYNTH
2026-04-21 13:33:12.058Z,1.0866,42,SYNTH
2026-04-21 13:33:13.074Z,1.0863,51,SYNTH
2026-04-21 13:33:14.494Z,1.0864,9,SYNTH
2026-04-21 13:33:15.729Z,1.0870,12,SYNTH
2026-04-21 13:33:16.263Z,1.0834,31,SYNTH
2026-04-21 13:33:17.617Z,1.0858,31,SYNTH
2026-04-21 13:33:18.232Z,1.0838,31,SYNTH
2026-04-21 13:33:19.525Z,1.0845,27,SYNTH
2026-04-21 13:33:20.142Z,1.0865,13,SYNTH
2026-04-21 13:33:21.392Z,1.0845,9,SYNTH
2026-04-21 13:33:22.704Z,1.0854,13,SYNTH
2026-04-21 13:33:23.834Z,1.0857,10,SYNTH
2026-04-21 13:33:24.614Z,1.0859,14,SYNTH
2026-04-21 13:33:25.878Z,1.0833,10,SYNTH
2026-04-21 13:33:26.165Z,1.0857,13,SYNTH
2026-04-21 13:33:27.708Z,1.0838,18,SYNTH
2026-04-21 13:33:28.198Z,1.0863,12,SYNTH
2026-04-21 13:33:29.697Z,1.0845,14,SYNTH
2026-04-21 13:33:30.897Z,1.0833,13,SYNTH
2026-04-21 13:33:31.877Z,1.0847,13,SYNTH
2026-04-21 13:33:32.322Z,1.0866,18,SYNTH
2026-04-21 13:33:33.127Z,1.0866,18,SYNTH
2026-04-21 13:33:34.232Z,1.0861,12,SYNTH
2026-04-21 13:33:35.191Z,1.0834,14,SYNTH
2026-04-21 13:33:36.095Z,1.0831,14,SYNTH
2026-04-21 13:33:37.534Z,1.0855,23,SYNTH
2026-04-21 13:33:38.606Z,1.0846,48,SYNTH
2026-04-21 13:33:39.103Z,1.0870,34,SYNTH
2026-04-21 13:33:40.372Z,1.0832,36,SYNTH
2026-04-21 13:33:41.663Z,1.0867,13,SYNTH
2026-04-21 13:33:42.224Z,1.0830,9,SYNTH
2026-04-21 13:33:43.769Z,1.0861,14,SYNTH
2026-04-21 13:33:44.374Z,1.0847,15,SYNTH
2026-04-21 13:33:45.683Z,1.0863,16,SYNTH
2026-04-21 13:33:46.658Z,1.0833,32,SYNTH
2026-04-21 13:33:47.044Z,1.0856,19,SYNTH
2026-04-21 13:33:48.100Z,1.0844,17,SYNTH
2026-04-21 13:33:49.534Z,1.0856,15,SYNTH
2026-04-21 13:33:50.096Z,1.0845,23,SYNTH
2026-04-21 13:33:51.170Z,1.0860,15,SYNTH
2026-04-21 13:33:52.741Z,1.0835,23,SYNTH
2026-04-21 13:33:53.285Z,1.0870,23,SYNTH
2026-04-21 13:33:54.113Z,1.0831,23,SYNTH
2026-04-21 13:33:55.316Z,1.0858,23,SYNTH
2026-04-21 13:33:56.647Z,1.0871,20,SYNTH
2026-04-21 13:33:57.114Z,1.0846,20,SYNTH
2026-04-21 13:33:58.080Z,1.0869,17,SYNTH
2026-04-21 13:33:59.470Z,1.0839,17,SYNTH
2026-04-21 13:34:00.645Z,1.0819,56,SYNTH
2026-04-21 13:34:01.774Z,1.0819,29,SYNTH
2026-04-21 13:34:02.755Z,1.0790,43,SYNTH
2026-04-21 13:34:03.682Z,1.0808,56,SYNTH
2026-04-21 13:34:04.385Z,1.0796,59,SYNTH
2026-04-21 13:34:05.794Z,1.0785,49,SYNTH
2026-04-21 13:34:06.415Z,1.0810,29,SYNTH
2026-04-21 13:34:07.105Z,1.0813,34,SYNTH
2026-04-21 13:34:08.429Z,1.0792,23,SYNTH
2026-04-21 13:34:09.765Z,1.0814,30,SYNTH
2026-04-21 13:34:10.114Z,1.0788,33,SYNTH
2026-04-21 13:34:11.045Z,1.0817,116,SYNTH
2026-04-21 13:34:12.523Z,1.0792,80,SYNTH
2026-04-21 13:34:13.709Z,1.0813,67,SYNTH
2026-04-21 13:34:14.218Z,1.0779,26,SYNTH
2026-04-21 13:34:15.555Z,1.0812,31,SYNTH
2026-04-21 13:34:16.238Z,1.0798,80,SYNTH
2026-04-21 13:34:17.127Z,1.0781,83,SYNTH
2026-04-21 13:34:18.257Z,1.0802,75,SYNTH
2026-04-21 13:34:19.652Z,1.0785,61,SYNTH
2026-04-21 13:34:20.393Z,1.0797,24,SYNTH
2026-04-21 13:34:21.355Z,1.0777,20,SYNTH
2026-04-21 13:34:22.677Z,1.0785,24,SYNTH
2026-04-21 13:34:23.242Z,1.0774,29,SYNTH
2026-04-21 13:34:24.871Z,1.0773,40,SYNTH
2026-04-21 13:34:25.142Z,1.0774,23,SYNTH
2026-04-21 13:34:26.463Z,1.0746,27,SYNTH
2026-04-21 13:34:27.172Z,1.0748,29,SYNTH
2026-04-21 13:34:28.097Z,1.0740,31,SYNTH
2026-04-21 13:34:29.786Z,1.0735,18,SYNTH
2026-04-21 13:34:30.249Z,1.0726,30,SYNTH
2026-04-21 13:34:31.606Z,1.0724,37,SYNTH
2026-04-21 13:34:32.178Z,1.0706,40,SYNTH
2026-04-21 13:34:33.591Z,1.0717,41,SYNTH
2026-04-21 13:34:34.686Z,1.0697,39,SYNTH
2026-04-21 13:34:35.365Z,1.0694,30,SYNTH
2026-04-21 13:34:36.187Z,1.0696,31,SYNTH
2026-04-21 13:34:37.326Z,1.0717,108,SYNTH
2026-04-21 13:34:38.765Z,1.0693,77,SYNTH
2026-04-21 13:34:39.685Z,1.0711,104,SYNTH
2026-04-21 13:34:40.866Z,1.0724,94,SYNTH
2026-04-21 13:34:41.317Z,1.0689,43,SYNTH
2026-04-21 13:34:42.264Z,1.0726,19,SYNTH
2026-04-21 13:34:43.424Z,1.0704,43,SYNTH
2026-04-21 13:34:44.434Z,1.0720,24,SYNTH
2026-04-21 13:34:45.689Z,1.0715,34,SYNTH
2026-04-21 13:34:46.375Z,1.0724,60,SYNTH
2026-04-21 13:34:47.454Z,1.0695,35,SYNTH
2026-04-21 13:34:48.029Z,1.0735,23,SYNTH
2026-04-21 13:34:49.312Z,1.0707,45,SYNTH
2026-04-21 13:34:50.777Z,1.0716,50,SYNTH
2026-04-21 13:34:51.842Z,1.0699,32,SYNTH
2026-04-21 13:34:52.880Z,1.0726,51,SYNTH
2026-04-21 13:34:53.077Z,1.0695,45,SYNTH
2026-04-21 13:34:54.735Z,1.0695,41,SYNTH
2026-04-21 13:34:55.699Z,1.0684,40,SYNTH
2026-04-21 13:34:56.225Z,1.0705,50,SYNTH
2026-04-21 13:34:57.383Z,1.0724,42,SYNTH
2026-04-21 13:34:58.357Z,1.0702,33,SYNTH
2026-04-21 13:34:59.806Z,1.0707,36,SYNTH
2026-04-21 13:35:00.257Z,1.0711,867,SYNTH
2026-04-21 13:35:01.076Z,1.0715,520,SYNTH
2026-04-21 13:35:02.789Z,1.0689,1018,SYNTH
2026-04-21 13:35:03.526Z,1.0720,555,SYNTH
2026-04-21 13:35:04.385Z,1.0696,921,SYNTH
2026-04-21 13:35:05.466Z,1.0712,752,SYNTH
2026-04-21 13:35:06.778Z,1.0691,905,SYNTH
2026-04-21 13:35:07.315Z,1.0702,818,SYNTH
2026-04-21 13:35:08.863Z,1.0688,473,SYNTH
2026-04-21 13:35:09.223Z,1.0707,669,SYNTH
2026-04-21 13:35:10.468Z,1.0712,506,SYNTH
2026-04-21 13:35:11.751Z,1.0713,866,SYNTH
2026-04-21 13:35:12.192Z,1.0687,1312,SYNTH
2026-04-21 13:35:13.885Z,1.0709,1715,SYNTH
2026-04-21 13:35:14.820Z,1.0710,743,SYNTH
2026-04-21 13:35:15.571Z,1.0692,377,SYNTH
2026-04-21 13:35:16.788Z,1.0711,1098,SYNTH
2026-04-21 13:35:17.464Z,1.0682,1325,SYNTH
2026-04-21 13:35:18.852Z,1.0717,1180,SYNTH
2026-04-21 13:35:19.125Z,1.0695,982,SYNTH
2026-04-21 13:35:20.055Z,1.0719,462,SYNTH
2026-04-21 13:35:21.769Z,1.0718,509,SYNTH
2026-04-21 13:35:22.633Z,1.0712,543,SYNTH
2026-04-21 13:35:23.593Z,1.0727,617,SYNTH
2026-04-21 13:35:24.723Z,1.0725,584,SYNTH
2026-04-21 13:35:25.745Z,1.0732,618,SYNTH
2026-04-21 13:35:26.412Z,1.0752,442,SYNTH
2026-04-21 13:35:27.603Z,1.0742,487,SYNTH
2026-04-21 13:35:28.069Z,1.0765,551,SYNTH
2026-04-21 13:35:29.707Z,1.0775,407,SYNTH
2026-04-21 13:35:30.775Z,1.0769,556,SYNTH
2026-04-21 13:35:31.445Z,1.0773,282,SYNTH
2026-04-21 13:35:32.078Z,1.0793,679,SYNTH
2026-04-21 13:35:33.139Z,1.0782,291,SYNTH
2026-04-21 13:35:34.129Z,1.0789,502,SYNTH
2026-04-21 13:35:35.688Z,1.0809,551,SYNTH
2026-04-21 13:35:36.812Z,1.0798,661,SYNTH
2026-04-21 13:35:37.874Z,1.0803,1073,SYNTH
2026-04-21 13:35:38.480Z,1.0816,1624,SYNTH
2026-04-21 13:35:39.359Z,1.0793,786,SYNTH
2026-04-21 13:35:40.676Z,1.0787,871,SYNTH
2026-04-21 13:35:41.080Z,1.0800,722,SYNTH
2026-04-21 13:35:42.030Z,1.0783,327,SYNTH
2026-04-21 13:35:43.854Z,1.0776,320,SYNTH
2026-04-21 13:35:44.614Z,1.0771,737,SYNTH
2026-04-21 13:35:45.511Z,1.0759,1166,SYNTH
2026-04-21 13:35:46.693Z,1.0788,536,SYNTH
2026-04-21 13:35:47.480Z,1.0786,1205,SYNTH
2026-04-21 13:35:48.479Z,1.0772,699,SYNTH
2026-04-21 13:35:49.059Z,1.0765,373,SYNTH
2026-04-21 13:35:50.188Z,1.0769,373,SYNTH
2026-04-21 13:35:51.825Z,1.0780,602,SYNTH
2026-04-21 13:35:52.141Z,1.0765,878,SYNTH
2026-04-21 13:35:53.464Z,1.0764,720,SYNTH
2026-04-21 13:35:54.326Z,1.0745,840,SYNTH
2026-04-21 13:35:55.151Z,1.0753,732,SYNTH
2026-04-21 13:35:56.501Z,1.0767,972,SYNTH
2026-04-21 13:35:57.781Z,1.0746,432,SYNTH
2026-04-21 13:35:58.338Z,1.0747,464,SYNTH
2026-04-21 13:35:59.318Z,1.0761,708,SYNTH
2026-04-21 13:36:00.747Z,1.0808,218,SYNTH
2026-04-21 13:36:01.239Z,1.0817,217,SYNTH
2026-04-21 13:36:02.678Z,1.0803,208,SYNTH
2026-04-21 13:36:03.072Z,1.0785,272,SYNTH
2026-04-21 13:36:04.356Z,1.0815,225,SYNTH
2026-04-21 13:36:05.144Z,1.0809,158,SYNTH
2026-04-21 13:36:06.735Z,1.0807,227,SYNTH
2026-04-21 13:36:07.402Z,1.0809,221,SYNTH
2026-04-21 13:36:08.015Z,1.0810,183,SYNTH
2026-04-21 13:36:09.861Z,1.0788,135,SYNTH
2026-04-21 13:36:10.397Z,1.0788,122,SYNTH
2026-04-21 13:36:11.805Z,1.0814,448,SYNTH
2026-04-21 13:36:12.567Z,1.0801,476,SYNTH
2026-04-21 13:36:13.417Z,1.0791,334,SYNTH
2026-04-21 13:36:14.435Z,1.0807,152,SYNTH
2026-04-21 13:36:15.233Z,1.0793,145,SYNTH
2026-04-21 13:36:16.079Z,1.0812,212,SYNTH
2026-04-21 13:36:17.136Z,1.0812,335,SYNTH
2026-04-21 13:36:18.656Z,1.0791,240,SYNTH
2026-04-21 13:36:19.390Z,1.0815,243,SYNTH
2026-04-21 13:36:20.606Z,1.0787,207,SYNTH
2026-04-21 13:36:21.524Z,1.0776,140,SYNTH
2026-04-21 13:36:22.290Z,1.0777,222,SYNTH
2026-04-21 13:36:23.786Z,1.0771,149,SYNTH
2026-04-21 13:36:24.747Z,1.0766,204,SYNTH
2026-04-21 13:36:25.257Z,1.0753,87,SYNTH
2026-04-21 13:36:26.808Z,1.0752,172,SYNTH
2026-04-21 13:36:27.265Z,1.0749,184,SYNTH
2026-04-21 13:36:28.126Z,1.0735,98,SYNTH
2026-04-21 13:36:29.053Z,1.0732,185,SYNTH
2026-04-21 13:36:30.761Z,1.0734,134,SYNTH
2026-04-21 13:36:31.676Z,1.0717,97,SYNTH
2026-04-21 13:36:32.629Z,1.0724,161,SYNTH
2026-04-21 13:36:33.419Z,1.0703,146,SYNTH
2026-04-21 13:36:34.362Z,1.0707,113,SYNTH
2026-04-21 13:36:35.248Z,1.0689,189,SYNTH
2026-04-21 13:36:36.392Z,1.0700,159,SYNTH
2026-04-21 13:36:37.186Z,1.0690,493,SYNTH
2026-04-21 13:36:38.835Z,1.0695,432,SYNTH
2026-04-21 13:36:39.104Z,1.0689,447,SYNTH
2026-04-21 13:36:40.027Z,1.0721,433,SYNTH
2026-04-21 13:36:41.264Z,1.0713,225,SYNTH
2026-04-21 13:36:42.728Z,1.0729,238,SYNTH
2026-04-21 13:36:43.544Z,1.0715,220,SYNTH
2026-04-21 13:36:44.525Z,1.0738,210,SYNTH
2026-04-21 13:36:45.386Z,1.0729,346,SYNTH
2026-04-21 13:36:46.885Z,1.0730,292,SYNTH
2026-04-21 13:36:47.250Z,1.0714,306,SYNTH
2026-04-21 13:36:48.728Z,1.0737,216,SYNTH
2026-04-21 13:36:49.739Z,1.0732,242,SYNTH
2026-04-21 13:36:50.674Z,1.0732,140,SYNTH
2026-04-21 13:36:51.400Z,1.0744,114,SYNTH
2026-04-21 13:36:52.615Z,1.0750,211,SYNTH
2026-04-21 13:36:53.081Z,1.0761,144,SYNTH
2026-04-21 13:36:54.458Z,1.0771,285,SYNTH
2026-04-21 13:36:55.778Z,1.0762,235,SYNTH
2026-04-21 13:36:56.428Z,1.0781,256,SYNTH
2026-04-21 13:36:57.777Z,1.0772,198,SYNTH
2026-04-21 13:36:58.448Z,1.0780,318,SYNTH
2026-04-21 13:36:59.875Z,1.0780,262,SYNTH
2026-04-21 13:37:00.802Z,1.0708,342,SYNTH
2026-04-21 13:37:01.657Z,1.0714,503,SYNTH
2026-04-21 13:37:02.525Z,1.0704,509,SYNTH
2026-04-21 13:37:03.804Z,1.0710,373,SYNTH
2026-04-21 13:37:04.013Z,1.0696,539,SYNTH
2026-04-21 13:37:05.850Z,1.0704,482,SYNTH
2026-04-21 13:37:06.328Z,1.0684,494,SYNTH
2026-04-21 13:37:07.073Z,1.0715,391,SYNTH
2026-04-21 13:37:08.499Z,1.0696,284,SYNTH
2026-04-21 13:37:09.276Z,1.0690,247,SYNTH
2026-04-21 13:37:10.850Z,1.0690,548,SYNTH
2026-04-21 13:37:11.499Z,1.0714,729,SYNTH
2026-04-21 13:37:12.498Z,1.0704,821,SYNTH
2026-04-21 13:37:13.785Z,1.0711,1229,SYNTH
2026-04-21 13:37:14.866Z,1.0696,442,SYNTH
2026-04-21 13:37:15.726Z,1.0721,236,SYNTH
2026-04-21 13:37:16.867Z,1.0695,405,SYNTH
2026-04-21 13:37:17.219Z,1.0707,740,SYNTH
2026-04-21 13:37:18.776Z,1.0689,818,SYNTH
2026-04-21 13:37:19.422Z,1.0699,747,SYNTH
2026-04-21 13:37:20.706Z,1.0710,394,SYNTH
2026-04-21 13:37:21.729Z,1.0693,250,SYNTH
2026-04-21 13:37:22.142Z,1.0720,215,SYNTH
2026-04-21 13:37:23.036Z,1.0723,211,SYNTH
2026-04-21 13:37:24.334Z,1.0705,348,SYNTH
2026-04-21 13:37:25.771Z,1.0715,204,SYNTH
2026-04-21 13:37:26.855Z,1.0728,420,SYNTH
2026-04-21 13:37:27.708Z,1.0735,335,SYNTH
2026-04-21 13:37:28.326Z,1.0726,282,SYNTH
2026-04-21 13:37:29.336Z,1.0743,313,SYNTH
2026-04-21 13:37:30.772Z,1.0742,275,SYNTH
2026-04-21 13:37:31.029Z,1.0747,374,SYNTH
2026-04-21 13:37:32.729Z,1.0741,257,SYNTH
2026-04-21 13:37:33.314Z,1.0743,297,SYNTH
2026-04-21 13:37:34.511Z,1.0745,372,SYNTH
2026-04-21 13:37:35.052Z,1.0754,181,SYNTH
2026-04-21 13:37:36.884Z,1.0764,377,SYNTH
2026-04-21 13:37:37.024Z,1.0730,1017,SYNTH
2026-04-21 13:37:38.316Z,1.0769,843,SYNTH
2026-04-21 13:37:39.341Z,1.0741,1016,SYNTH
2026-04-21 13:37:40.170Z,1.0752,713,SYNTH
2026-04-21 13:37:41.574Z,1.0740,238,SYNTH
2026-04-21 13:37:42.224Z,1.0731,341,SYNTH
2026-04-21 13:37:43.326Z,1.0723,431,SYNTH
2026-04-21 13:37:44.890Z,1.0728,403,SYNTH
2026-04-21 13:37:45.818Z,1.0744,505,SYNTH
2026-04-21 13:37:46.805Z,1.0728,349,SYNTH
2026-04-21 13:37:47.807Z,1.0722,500,SYNTH
2026-04-21 13:37:48.303Z,1.0726,387,SYNTH
2026-04-21 13:37:49.587Z,1.0721,297,SYNTH
2026-04-21 13:37:50.869Z,1.0728,457,SYNTH
2026-04-21 13:37:51.857Z,1.0723,534,SYNTH
2026-04-21 13:37:52.454Z,1.0720,320,SYNTH
2026-04-21 13:37:53.864Z,1.0703,243,SYNTH
2026-04-21 13:37:54.238Z,1.0694,413,SYNTH
2026-04-21 13:37:55.674Z,1.0699,414,SYNTH
2026-04-21 13:37:56.127Z,1.0699,286,SYNTH
2026-04-21 13:37:57.835Z,1.0694,278,SYNTH
2026-04-21 13:37:58.223Z,1.0722,651,SYNTH
2026-04-21 13:37:59.892Z,1.0693,540,SYNTH
2026-04-21 13:38:00.117Z,1.0608,2546,SYNTH
2026-04-21 13:38:01.259Z,1.0615,1389,SYNTH
2026-04-21 13:38:02.841Z,1.0622,1165,SYNTH
2026-04-21 13:38:03.623Z,1.0619,1803,SYNTH
2026-04-21 13:38:04.838Z,1.0644,2417,SYNTH
2026-04-21 13:38:05.238Z,1.0644,2381,SYNTH
2026-04-21 13:38:06.453Z,1.0661,1372,SYNTH
2026-04-21 13:38:07.592Z,1.0667,2189,SYNTH
2026-04-21 13:38:08.223Z,1.0692,940,SYNTH
2026-04-21 13:38:09.385Z,1.0703,2153,SYNTH
2026-04-21 13:38:10.264Z,1.0708,1470,SYNTH
2026-04-21 13:38:11.566Z,1.0701,2381,SYNTH
2026-04-21 13:38:12.848Z,1.0689,3060,SYNTH
2026-04-21 13:38:13.755Z,1.0717,5063,SYNTH
2026-04-21 13:38:14.474Z,1.0676,1476,SYNTH
2026-04-21 13:38:15.631Z,1.0664,1219,SYNTH
2026-04-21 13:38:16.689Z,1.0661,1497,SYNTH
2026-04-21 13:38:17.441Z,1.0666,2806,SYNTH
2026-04-21 13:38:18.757Z,1.0688,2228,SYNTH
2026-04-21 13:38:19.434Z,1.0647,3040,SYNTH
2026-04-21 13:38:20.567Z,1.0641,1359,SYNTH
2026-04-21 13:38:21.554Z,1.0636,724,SYNTH
2026-04-21 13:38:22.219Z,1.0637,882,SYNTH
2026-04-21 13:38:23.553Z,1.0622,844,SYNTH
2026-04-21 13:38:24.802Z,1.0627,1273,SYNTH
2026-04-21 13:38:25.685Z,1.0613,801,SYNTH
2026-04-21 13:38:26.304Z,1.0587,781,SYNTH
2026-04-21 13:38:27.576Z,1.0590,871,SYNTH
2026-04-21 13:38:28.691Z,1.0568,1400,SYNTH
2026-04-21 13:38:29.339Z,1.0570,718,SYNTH
2026-04-21 13:38:30.068Z,1.0546,1520,SYNTH
2026-04-21 13:38:31.468Z,1.0540,1539,SYNTH
2026-04-21 13:38:32.608Z,1.0527,1651,SYNTH
2026-04-21 13:38:33.608Z,1.0524,1343,SYNTH
2026-04-21 13:38:34.520Z,1.0500,831,SYNTH
2026-04-21 13:38:35.073Z,1.0501,1720,SYNTH
2026-04-21 13:38:36.462Z,1.0501,1305,SYNTH
2026-04-21 13:38:37.061Z,1.0522,3705,SYNTH
2026-04-21 13:38:38.606Z,1.0488,4276,SYNTH
2026-04-21 13:38:39.653Z,1.0517,3328,SYNTH
2026-04-21 13:38:40.171Z,1.0518,2262,SYNTH
2026-04-21 13:38:41.386Z,1.0510,1483,SYNTH
2026-04-21 13:38:42.519Z,1.0527,1740,SYNTH
2026-04-21 13:38:43.785Z,1.0524,942,SYNTH
2026-04-21 13:38:44.696Z,1.0544,1242,SYNTH
2026-04-21 13:38:45.788Z,1.0547,1227,SYNTH
2026-04-21 13:38:46.478Z,1.0543,1982,SYNTH
2026-04-21 13:38:47.096Z,1.0548,2255,SYNTH
2026-04-21 13:38:48.202Z,1.0543,1097,SYNTH
2026-04-21 13:38:49.781Z,1.0537,1592,SYNTH
2026-04-21 13:38:50.835Z,1.0543,919,SYNTH
2026-04-21 13:38:51.543Z,1.0557,2194,SYNTH
2026-04-21 13:38:52.435Z,1.0569,1570,SYNTH
2026-04-21 13:38:53.330Z,1.0572,1725,SYNTH
2026-04-21 13:38:54.092Z,1.0580,1446,SYNTH
2026-04-21 13:38:55.597Z,1.0600,1387,SYNTH
2026-04-21 13:38:56.568Z,1.0598,2344,SYNTH
2026-04-21 13:38:57.735Z,1.0600,1966,SYNTH
2026-04-21 13:38:58.293Z,1.0609,1929,SYNTH
2026-04-21 13:38:59.430Z,1.0598,1587,SYNTH
2026-04-21 13:39:00.003Z,1.0607,278,SYNTH
2026-04-21 13:39:01.713Z,1.0589,409,SYNTH
2026-04-21 13:39:02.653Z,1.0617,287,SYNTH
2026-04-21 13:39:03.570Z,1.0615,357,SYNTH
2026-04-21 13:39:04.318Z,1.0589,371,SYNTH
2026-04-21 13:39:05.320Z,1.0599,370,SYNTH
2026-04-21 13:39:06.779Z,1.0610,259,SYNTH
2026-04-21 13:39:07.514Z,1.0595,355,SYNTH
2026-04-21 13:39:08.279Z,1.0616,242,SYNTH
2026-04-21 13:39:09.066Z,1.0582,188,SYNTH
2026-04-21 13:39:10.550Z,1.0607,320,SYNTH
2026-04-21 13:39:11.483Z,1.0594,557,SYNTH
2026-04-21 13:39:12.067Z,1.0610,400,SYNTH
2026-04-21 13:39:13.313Z,1.0622,544,SYNTH
2026-04-21 13:39:14.117Z,1.0598,160,SYNTH
2026-04-21 13:39:15.039Z,1.0613,215,SYNTH
2026-04-21 13:39:16.445Z,1.0583,399,SYNTH
2026-04-21 13:39:17.560Z,1.0622,457,SYNTH
2026-04-21 13:39:18.428Z,1.0582,252,SYNTH
2026-04-21 13:39:19.338Z,1.0582,237,SYNTH
2026-04-21 13:39:20.476Z,1.0588,276,SYNTH
2026-04-21 13:39:21.088Z,1.0607,142,SYNTH
2026-04-21 13:39:22.659Z,1.0580,267,SYNTH
2026-04-21 13:39:23.442Z,1.0574,245,SYNTH
2026-04-21 13:39:24.666Z,1.0568,151,SYNTH
2026-04-21 13:39:25.757Z,1.0563,230,SYNTH
2026-04-21 13:39:26.209Z,1.0548,133,SYNTH
2026-04-21 13:39:27.240Z,1.0552,269,SYNTH
2026-04-21 13:39:28.331Z,1.0537,138,SYNTH
2026-04-21 13:39:29.217Z,1.0543,179,SYNTH
2026-04-21 13:39:30.246Z,1.0522,248,SYNTH
2026-04-21 13:39:31.392Z,1.0529,234,SYNTH
2026-04-21 13:39:32.579Z,1.0525,152,SYNTH
2026-04-21 13:39:33.250Z,1.0515,171,SYNTH
2026-04-21 13:39:34.247Z,1.0504,260,SYNTH
2026-04-21 13:39:35.024Z,1.0496,268,SYNTH
2026-04-21 13:39:36.272Z,1.0498,251,SYNTH
2026-04-21 13:39:37.812Z,1.0503,491,SYNTH
2026-04-21 13:39:38.702Z,1.0520,343,SYNTH
2026-04-21 13:39:39.347Z,1.0497,612,SYNTH
2026-04-21 13:39:40.362Z,1.0516,655,SYNTH
2026-04-21 13:39:41.275Z,1.0492,184,SYNTH
2026-04-21 13:39:42.673Z,1.0528,125,SYNTH
2026-04-21 13:39:43.403Z,1.0514,202,SYNTH
2026-04-21 13:39:44.004Z,1.0525,156,SYNTH
2026-04-21 13:39:45.437Z,1.0517,415,SYNTH
2026-04-21 13:39:46.634Z,1.0530,422,SYNTH
2026-04-21 13:39:47.419Z,1.0527,393,SYNTH
2026-04-21 13:39:48.150Z,1.0536,303,SYNTH
2026-04-21 13:39:49.210Z,1.0506,314,SYNTH
2026-04-21 13:39:50.545Z,1.0514,249,SYNTH
2026-04-21 13:39:51.769Z,1.0522,293,SYNTH
2026-04-21 13:39:52.181Z,1.0511,340,SYNTH
2026-04-21 13:39:53.306Z,1.0534,292,SYNTH
2026-04-21 13:39:54.632Z,1.0534,357,SYNTH
2026-04-21 13:39:55.548Z,1.0499,203,SYNTH
2026-04-21 13:39:56.413Z,1.0495,342,SYNTH
2026-04-21 13:39:57.035Z,1.0527,405,SYNTH
2026-04-21 13:39:58.699Z,1.0509,274,SYNTH
2026-04-21 13:39:59.121Z,1.0531,291,SYNTH
2026-04-21 13:40:00.795Z,1.0603,319,SYNTH
2026-04-21 13:40:01.505Z,1.0602,414,SYNTH
2026-04-21 13:40:02.551Z,1.0583,330,SYNTH
2026-04-21 13:40:03.385Z,1.0604,455,SYNTH
2026-04-21 13:40:04.651Z,1.0622,355,SYNTH
2026-04-21 13:40:05.386Z,1.0581,420,SYNTH
2026-04-21 13:40:06.585Z,1.0607,208,SYNTH
2026-04-21 13:40:07.082Z,1.0613,200,SYNTH
2026-04-21 13:40:08.099Z,1.0607,418,SYNTH
2026-04-21 13:40:09.176Z,1.0590,247,SYNTH
2026-04-21 13:40:10.486Z,1.0621,244,SYNTH
2026-04-21 13:40:11.666Z,1.0612,742,SYNTH
2026-04-21 13:40:12.655Z,1.0614,815,SYNTH
2026-04-21 13:40:13.035Z,1.0585,958,SYNTH
2026-04-21 13:40:14.115Z,1.0615,308,SYNTH
2026-04-21 13:40:15.749Z,1.0622,204,SYNTH
2026-04-21 13:40:16.679Z,1.0592,701,SYNTH
2026-04-21 13:40:17.362Z,1.0592,408,SYNTH
2026-04-21 13:40:18.460Z,1.0606,573,SYNTH
2026-04-21 13:40:19.490Z,1.0614,463,SYNTH
2026-04-21 13:40:20.303Z,1.0611,158,SYNTH
2026-04-21 13:40:21.588Z,1.0604,163,SYNTH
2026-04-21 13:40:22.588Z,1.0619,243,SYNTH
2026-04-21 13:40:23.318Z,1.0616,258,SYNTH
2026-04-21 13:40:24.839Z,1.0627,151,SYNTH
2026-04-21 13:40:25.328Z,1.0628,255,SYNTH
2026-04-21 13:40:26.194Z,1.0649,337,SYNTH
2026-04-21 13:40:27.350Z,1.0655,318,SYNTH
2026-04-21 13:40:28.093Z,1.0650,207,SYNTH
2026-04-21 13:40:29.555Z,1.0652,213,SYNTH
2026-04-21 13:40:30.873Z,1.0659,170,SYNTH
2026-04-21 13:40:31.830Z,1.0662,144,SYNTH
2026-04-21 13:40:32.794Z,1.0667,201,SYNTH
2026-04-21 13:40:33.074Z,1.0686,273,SYNTH
2026-04-21 13:40:34.611Z,1.0682,236,SYNTH
2026-04-21 13:40:35.641Z,1.0698,172,SYNTH
2026-04-21 13:40:36.038Z,1.0699,317,SYNTH
2026-04-21 13:40:37.368Z,1.0694,457,SYNTH
2026-04-21 13:40:38.573Z,1.0690,533,SYNTH
2026-04-21 13:40:39.083Z,1.0676,462,SYNTH
2026-04-21 13:40:40.081Z,1.0669,931,SYNTH
2026-04-21 13:40:41.016Z,1.0680,178,SYNTH
2026-04-21 13:40:42.039Z,1.0676,172,SYNTH
2026-04-21 13:40:43.318Z,1.0666,271,SYNTH
2026-04-21 13:40:44.318Z,1.0654,278,SYNTH
2026-04-21 13:40:45.481Z,1.0654,567,SYNTH
2026-04-21 13:40:46.011Z,1.0690,446,SYNTH
2026-04-21 13:40:47.233Z,1.0661,265,SYNTH
2026-04-21 13:40:48.795Z,1.0694,234,SYNTH
2026-04-21 13:40:49.815Z,1.0680,395,SYNTH
2026-04-21 13:40:50.197Z,1.0664,337,SYNTH
2026-04-21 13:40:51.523Z,1.0694,383,SYNTH
2026-04-21 13:40:52.653Z,1.0684,214,SYNTH
2026-04-21 13:40:53.071Z,1.0699,227,SYNTH
2026-04-21 13:40:54.001Z,1.0699,342,SYNTH
2026-04-21 13:40:55.868Z,1.0687,350,SYNTH
2026-04-21 13:40:56.130Z,1.0698,481,SYNTH
2026-04-21 13:40:57.398Z,1.0687,431,SYNTH
2026-04-21 13:40:58.004Z,1.0697,281,SYNTH
2026-04-21 13:40:59.796Z,1.0693,448,SYNTH
2026-04-21 13:41:00.470Z,1.0708,11,SYNTH
2026-04-21 13:41:01.852Z,1.0708,15,SYNTH
2026-04-21 13:41:02.737Z,1.0712,20,SYNTH
2026-04-21 13:41:03.555Z,1.0716,20,SYNTH
2026-04-21 13:41:04.528Z,1.0684,19,SYNTH
2026-04-21 13:41:05.147Z,1.0684,15,SYNTH
2026-04-21 13:41:06.440Z,1.0715,17,SYNTH
2026-04-21 13:41:07.589Z,1.0697,17,SYNTH
2026-04-21 13:41:08.187Z,1.0695,9,SYNTH
2026-04-21 13:41:09.701Z,1.0702,14,SYNTH
2026-04-21 13:41:10.014Z,1.0713,11,SYNTH
2026-04-21 13:41:11.537Z,1.0692,46,SYNTH
2026-04-21 13:41:12.127Z,1.0714,40,SYNTH
2026-04-21 13:41:13.870Z,1.0680,44,SYNTH
2026-04-21 13:41:14.386Z,1.0707,9,SYNTH
2026-04-21 13:41:15.743Z,1.0706,10,SYNTH
2026-04-21 13:41:16.251Z,1.0688,19,SYNTH
2026-04-21 13:41:17.145Z,1.0711,14,SYNTH
2026-04-21 13:41:18.140Z,1.0698,27,SYNTH
2026-04-21 13:41:19.107Z,1.0707,30,SYNTH
2026-04-21 13:41:20.648Z,1.0682,11,SYNTH
2026-04-21 13:41:21.285Z,1.0700,15,SYNTH
2026-04-21 13:41:22.516Z,1.0705,11,SYNTH
2026-04-21 13:41:23.322Z,1.0681,14,SYNTH
2026-04-21 13:41:24.280Z,1.0676,9,SYNTH
2026-04-21 13:41:25.053Z,1.0676,10,SYNTH
2026-04-21 13:41:26.082Z,1.0671,15,SYNTH
2026-04-21 13:41:27.677Z,1.0673,11,SYNTH
2026-04-21 13:41:28.235Z,1.0662,10,SYNTH
2026-04-21 13:41:29.175Z,1.0664,12,SYNTH
2026-04-21 13:41:30.771Z,1.0664,14,SYNTH
2026-04-21 13:41:31.726Z,1.0646,6,SYNTH
2026-04-21 13:41:32.777Z,1.0645,11,SYNTH
2026-04-21 13:41:33.464Z,1.0649,13,SYNTH
2026-04-21 13:41:34.022Z,1.0651,7,SYNTH
2026-04-21 13:41:35.461Z,1.0650,15,SYNTH
2026-04-21 13:41:36.104Z,1.0635,11,SYNTH
2026-04-21 13:41:37.714Z,1.0631,40,SYNTH
2026-04-21 13:41:38.301Z,1.0653,33,SYNTH
2026-04-21 13:41:39.113Z,1.0657,33,SYNTH
2026-04-21 13:41:40.416Z,1.0637,36,SYNTH
2026-04-21 13:41:41.845Z,1.0662,15,SYNTH
2026-04-21 13:41:42.193Z,1.0658,16,SYNTH
2026-04-21 13:41:43.402Z,1.0650,13,SYNTH
2026-04-21 13:41:44.635Z,1.0673,12,SYNTH
2026-04-21 13:41:45.020Z,1.0645,11,SYNTH
2026-04-21 13:41:46.092Z,1.0671,25,SYNTH
2026-04-21 13:41:47.585Z,1.0654,12,SYNTH
2026-04-21 13:41:48.197Z,1.0667,12,SYNTH
2026-04-21 13:41:49.331Z,1.0648,18,SYNTH
2026-04-21 13:41:50.115Z,1.0652,10,SYNTH
2026-04-21 13:41:51.677Z,1.0671,20,SYNTH
2026-04-21 13:41:52.802Z,1.0664,17,SYNTH
2026-04-21 13:41:53.316Z,1.0636,14,SYNTH
2026-04-21 13:41:54.248Z,1.0663,15,SYNTH
2026-04-21 13:41:55.696Z,1.0648,21,SYNTH
2026-04-21 13:41:56.048Z,1.0660,15,SYNTH
2026-04-21 13:41:57.100Z,1.0654,13,SYNTH
2026-04-21 13:41:58.085Z,1.0632,22,SYNTH
2026-04-21 13:41:59.858Z,1.0640,21,SYNTH
2026-04-21 13:42:00.208Z,1.0660,385,SYNTH
2026-04-21 13:42:01.639Z,1.0639,291,SYNTH
2026-04-21 13:42:02.520Z,1.0657,381,SYNTH
2026-04-21 13:42:03.183Z,1.0647,348,SYNTH
2026-04-21 13:42:04.694Z,1.0653,369,SYNTH
2026-04-21 13:42:05.663Z,1.0637,289,SYNTH
2026-04-21 13:42:06.352Z,1.0644,443,SYNTH
2026-04-21 13:42:07.544Z,1.0631,225,SYNTH
2026-04-21 13:42:08.827Z,1.0648,479,SYNTH
2026-04-21 13:42:09.270Z,1.0625,398,SYNTH
2026-04-21 13:42:10.274Z,1.0633,318,SYNTH
2026-04-21 13:42:11.857Z,1.0649,730,SYNTH
2026-04-21 13:42:12.500Z,1.0632,936,SYNTH
2026-04-21 13:42:13.735Z,1.0647,538,SYNTH
2026-04-21 13:42:14.816Z,1.0626,401,SYNTH
2026-04-21 13:42:15.126Z,1.0649,279,SYNTH
2026-04-21 13:42:16.374Z,1.0639,708,SYNTH
2026-04-21 13:42:17.795Z,1.0649,599,SYNTH
2026-04-21 13:42:18.204Z,1.0646,612,SYNTH
2026-04-21 13:42:19.268Z,1.0651,600,SYNTH
2026-04-21 13:42:20.559Z,1.0650,233,SYNTH
2026-04-21 13:42:21.586Z,1.0673,341,SYNTH
2026-04-21 13:42:22.422Z,1.0673,228,SYNTH
2026-04-21 13:42:23.579Z,1.0671,331,SYNTH
2026-04-21 13:42:24.157Z,1.0696,275,SYNTH
2026-04-21 13:42:25.851Z,1.0704,286,SYNTH
2026-04-21 13:42:26.235Z,1.0711,193,SYNTH
2026-04-21 13:42:27.413Z,1.0722,314,SYNTH
2026-04-21 13:42:28.304Z,1.0719,372,SYNTH
2026-04-21 13:42:29.481Z,1.0748,313,SYNTH
2026-04-21 13:42:30.391Z,1.0759,276,SYNTH
2026-04-21 13:42:31.797Z,1.0758,285,SYNTH
2026-04-21 13:42:32.398Z,1.0766,333,SYNTH
2026-04-21 13:42:33.632Z,1.0778,195,SYNTH
2026-04-21 13:42:34.663Z,1.0788,249,SYNTH
2026-04-21 13:42:35.512Z,1.0791,297,SYNTH
2026-04-21 13:42:36.855Z,1.0801,288,SYNTH
2026-04-21 13:42:37.372Z,1.0796,706,SYNTH
2026-04-21 13:42:38.669Z,1.0800,499,SYNTH
2026-04-21 13:42:39.184Z,1.0801,654,SYNTH
2026-04-21 13:42:40.256Z,1.0788,694,SYNTH
2026-04-21 13:42:41.450Z,1.0782,403,SYNTH
2026-04-21 13:42:42.587Z,1.0773,335,SYNTH
2026-04-21 13:42:43.006Z,1.0767,255,SYNTH
2026-04-21 13:42:44.089Z,1.0776,265,SYNTH
2026-04-21 13:42:45.111Z,1.0768,380,SYNTH
2026-04-21 13:42:46.861Z,1.0796,318,SYNTH
2026-04-21 13:42:47.393Z,1.0790,309,SYNTH
2026-04-21 13:42:48.170Z,1.0797,426,SYNTH
2026-04-21 13:42:49.013Z,1.0791,404,SYNTH
2026-04-21 13:42:50.591Z,1.0789,355,SYNTH
2026-04-21 13:42:51.234Z,1.0791,426,SYNTH
2026-04-21 13:42:52.482Z,1.0794,330,SYNTH
2026-04-21 13:42:53.507Z,1.0801,489,SYNTH
2026-04-21 13:42:54.513Z,1.0791,275,SYNTH
2026-04-21 13:42:55.584Z,1.0808,248,SYNTH
2026-04-21 13:42:56.004Z,1.0805,418,SYNTH
2026-04-21 13:42:57.393Z,1.0813,550,SYNTH
2026-04-21 13:42:58.696Z,1.0806,332,SYNTH
2026-04-21 13:42:59.254Z,1.0807,484,SYNTH
2026-04-21 13:44:00.625Z,1.0715,153,SYNTH
2026-04-21 13:44:01.076Z,1.0718,79,SYNTH
2026-04-21 13:44:02.138Z,1.0686,78,SYNTH
2026-04-21 13:44:03.286Z,1.0695,66,SYNTH
2026-04-21 13:44:04.449Z,1.0686,138,SYNTH
2026-04-21 13:44:05.820Z,1.0718,81,SYNTH
2026-04-21 13:44:06.785Z,1.0688,81,SYNTH
2026-04-21 13:44:07.588Z,1.0707,86,SYNTH
2026-04-21 13:44:08.433Z,1.0717,97,SYNTH
2026-04-21 13:44:09.042Z,1.0698,102,SYNTH
2026-04-21 13:44:10.748Z,1.0685,110,SYNTH
2026-04-21 13:44:11.731Z,1.0698,289,SYNTH
2026-04-21 13:44:12.825Z,1.0718,190,SYNTH
2026-04-21 13:44:13.478Z,1.0703,269,SYNTH
2026-04-21 13:44:14.507Z,1.0693,86,SYNTH
2026-04-21 13:44:15.892Z,1.0692,93,SYNTH
2026-04-21 13:44:16.478Z,1.0705,179,SYNTH
2026-04-21 13:44:17.720Z,1.0712,96,SYNTH
2026-04-21 13:44:18.855Z,1.0699,159,SYNTH
2026-04-21 13:44:19.740Z,1.0708,153,SYNTH
2026-04-21 13:44:20.619Z,1.0682,92,SYNTH
2026-04-21 13:44:21.864Z,1.0698,93,SYNTH
2026-04-21 13:44:22.198Z,1.0708,71,SYNTH
2026-04-21 13:44:23.160Z,1.0684,41,SYNTH
2026-04-21 13:44:24.043Z,1.0706,78,SYNTH
2026-04-21 13:44:25.414Z,1.0707,75,SYNTH
2026-04-21 13:44:26.653Z,1.0692,61,SYNTH
2026-04-21 13:44:27.842Z,1.0719,81,SYNTH
2026-04-21 13:44:28.144Z,1.0692,54,SYNTH
2026-04-21 13:44:29.371Z,1.0707,45,SYNTH
2026-04-21 13:44:30.841Z,1.0685,63,SYNTH
2026-04-21 13:44:31.889Z,1.0712,82,SYNTH
2026-04-21 13:44:32.507Z,1.0707,84,SYNTH
2026-04-21 13:44:33.677Z,1.0691,86,SYNTH
2026-04-21 13:44:34.143Z,1.0690,96,SYNTH
2026-04-21 13:44:35.589Z,1.0705,41,SYNTH
2026-04-21 13:44:36.245Z,1.0689,71,SYNTH
2026-04-21 13:44:37.419Z,1.0706,181,SYNTH
2026-04-21 13:44:38.227Z,1.0693,217,SYNTH
2026-04-21 13:44:39.105Z,1.0699,195,SYNTH
2026-04-21 13:44:40.173Z,1.0717,114,SYNTH
2026-04-21 13:44:41.095Z,1.0709,99,SYNTH
2026-04-21 13:44:42.155Z,1.0722,107,SYNTH
2026-04-21 13:44:43.467Z,1.0693,69,SYNTH
2026-04-21 13:44:44.666Z,1.0713,55,SYNTH
2026-04-21 13:44:45.493Z,1.0700,104,SYNTH
2026-04-21 13:44:46.509Z,1.0690,131,SYNTH
2026-04-21 13:44:47.292Z,1.0705,101,SYNTH
2026-04-21 13:44:48.840Z,1.0722,94,SYNTH
2026-04-21 13:44:49.816Z,1.0704,53,SYNTH
2026-04-21 13:44:50.210Z,1.0690,81,SYNTH
2026-04-21 13:44:51.636Z,1.0687,126,SYNTH
2026-04-21 13:44:52.378Z,1.0680,108,SYNTH
2026-04-21 13:44:53.318Z,1.0710,98,SYNTH
2026-04-21 13:44:54.869Z,1.0696,107,SYNTH
2026-04-21 13:44:55.178Z,1.0714,120,SYNTH
2026-04-21 13:44:56.498Z,1.0697,135,SYNTH
2026-04-21 13:44:57.388Z,1.0702,84,SYNTH
2026-04-21 13:44:58.689Z,1.0711,102,SYNTH
2026-04-21 13:44:59.093Z,1.0714,112,SYNTH
2026-04-21 13:45:00.473Z,1.0615,378,SYNTH
2026-04-21 13:45:01.673Z,1.0583,210,SYNTH
2026-04-21 13:45:02.415Z,1.0606,464,SYNTH
2026-04-21 13:45:03.750Z,1.0613,361,SYNTH
2026-04-21 13:45:04.148Z,1.0590,214,SYNTH
2026-04-21 13:45:05.458Z,1.0607,461,SYNTH
2026-04-21 13:45:06.607Z,1.0583,368,SYNTH
2026-04-21 13:45:07.657Z,1.0604,234,SYNTH
2026-04-21 13:45:08.591Z,1.0582,299,SYNTH
2026-04-21 13:45:09.063Z,1.0609,315,SYNTH
2026-04-21 13:45:10.494Z,1.0595,251,SYNTH
2026-04-21 13:45:11.323Z,1.0606,534,SYNTH
2026-04-21 13:45:12.082Z,1.0587,406,SYNTH
2026-04-21 13:45:13.725Z,1.0617,560,SYNTH
2026-04-21 13:45:14.039Z,1.0588,316,SYNTH
2026-04-21 13:45:15.047Z,1.0584,275,SYNTH
2026-04-21 13:45:16.503Z,1.0619,452,SYNTH
2026-04-21 13:45:17.045Z,1.0595,408,SYNTH
2026-04-21 13:45:18.218Z,1.0600,624,SYNTH
2026-04-21 13:45:19.331Z,1.0584,632,SYNTH
2026-04-21 13:45:20.053Z,1.0616,294,SYNTH
2026-04-21 13:45:21.120Z,1.0593,276,SYNTH
2026-04-21 13:45:22.236Z,1.0624,240,SYNTH
2026-04-21 13:45:23.084Z,1.0622,163,SYNTH
2026-04-21 13:45:24.341Z,1.0621,293,SYNTH
2026-04-21 13:45:25.310Z,1.0614,332,SYNTH
2026-04-21 13:45:26.687Z,1.0626,259,SYNTH
2026-04-21 13:45:27.819Z,1.0637,173,SYNTH
2026-04-21 13:45:28.748Z,1.0630,212,SYNTH
2026-04-21 13:45:29.729Z,1.0634,330,SYNTH
2026-04-21 13:45:30.764Z,1.0652,141,SYNTH
2026-04-21 13:45:31.153Z,1.0641,316,SYNTH
2026-04-21 13:45:32.856Z,1.0640,299,SYNTH
2026-04-21 13:45:33.454Z,1.0642,253,SYNTH
2026-04-21 13:45:34.096Z,1.0658,275,SYNTH
2026-04-21 13:45:35.892Z,1.0655,192,SYNTH
2026-04-21 13:45:36.481Z,1.0660,230,SYNTH
2026-04-21 13:45:37.703Z,1.0640,392,SYNTH
2026-04-21 13:45:38.302Z,1.0662,400,SYNTH
2026-04-21 13:45:39.855Z,1.0632,871,SYNTH
2026-04-21 13:45:40.103Z,1.0647,446,SYNTH
2026-04-21 13:45:41.268Z,1.0653,207,SYNTH
2026-04-21 13:45:42.761Z,1.0634,225,SYNTH
2026-04-21 13:45:43.154Z,1.0663,243,SYNTH
2026-04-21 13:45:44.493Z,1.0643,228,SYNTH
2026-04-21 13:45:45.088Z,1.0630,549,SYNTH
2026-04-21 13:45:46.004Z,1.0660,487,SYNTH
2026-04-21 13:45:47.743Z,1.0654,477,SYNTH
2026-04-21 13:45:48.368Z,1.0658,385,SYNTH
2026-04-21 13:45:49.163Z,1.0662,192,SYNTH
2026-04-21 13:45:50.356Z,1.0629,345,SYNTH
2026-04-21 13:45:51.221Z,1.0664,270,SYNTH
2026-04-21 13:45:52.452Z,1.0647,279,SYNTH
2026-04-21 13:45:53.325Z,1.0661,291,SYNTH
2026-04-21 13:45:54.007Z,1.0658,274,SYNTH
2026-04-21 13:45:55.829Z,1.0633,467,SYNTH
2026-04-21 13:45:56.149Z,1.0645,324,SYNTH
2026-04-21 13:45:57.048Z,1.0665,465,SYNTH
2026-04-21 13:45:58.246Z,1.0630,372,SYNTH
2026-04-21 13:45:59.587Z,1.0663,523,SYNTH
2026-04-21 13:46:00.736Z,1.0652,555,SYNTH
2026-04-21 13:46:01.422Z,1.0657,1156,SYNTH
2026-04-21 13:46:02.085Z,1.0670,812,SYNTH
2026-04-21 13:46:03.642Z,1.0667,748,SYNTH
2026-04-21 13:46:04.860Z,1.0671,1023,SYNTH
2026-04-21 13:46:05.559Z,1.0673,585,SYNTH
2026-04-21 13:46:06.186Z,1.0693,717,SYNTH
2026-04-21 13:46:07.700Z,1.0681,667,SYNTH
2026-04-21 13:46:08.303Z,1.0693,638,SYNTH
2026-04-21 13:46:09.485Z,1.0705,803,SYNTH
2026-04-21 13:46:10.236Z,1.0710,711,SYNTH
2026-04-21 13:46:11.746Z,1.0713,1589,SYNTH
2026-04-21 13:46:12.141Z,1.0679,2360,SYNTH
2026-04-21 13:46:13.514Z,1.0691,1563,SYNTH
2026-04-21 13:46:14.801Z,1.0709,720,SYNTH
2026-04-21 13:46:15.393Z,1.0687,496,SYNTH
2026-04-21 13:46:16.071Z,1.0683,1122,SYNTH
2026-04-21 13:46:17.525Z,1.0682,1339,SYNTH
2026-04-21 13:46:18.820Z,1.0695,780,SYNTH
2026-04-21 13:46:19.158Z,1.0668,1522,SYNTH
2026-04-21 13:46:20.663Z,1.0672,612,SYNTH
2026-04-21 13:46:21.259Z,1.0666,481,SYNTH
2026-04-21 13:46:22.348Z,1.0663,391,SYNTH
2026-04-21 13:46:23.055Z,1.0652,347,SYNTH
2026-04-21 13:46:24.390Z,1.0639,569,SYNTH
2026-04-21 13:46:25.837Z,1.0628,451,SYNTH
2026-04-21 13:46:26.058Z,1.0631,467,SYNTH
2026-04-21 13:46:27.869Z,1.0611,425,SYNTH
2026-04-21 13:46:28.778Z,1.0599,405,SYNTH
2026-04-21 13:46:29.236Z,1.0598,373,SYNTH
2026-04-21 13:46:30.221Z,1.0597,454,SYNTH
2026-04-21 13:46:31.223Z,1.0586,740,SYNTH
2026-04-21 13:46:32.892Z,1.0570,363,SYNTH
2026-04-21 13:46:33.743Z,1.0562,457,SYNTH
2026-04-21 13:46:34.661Z,1.0549,693,SYNTH
2026-04-21 13:46:35.093Z,1.0554,716,SYNTH
2026-04-21 13:46:36.155Z,1.0543,665,SYNTH
2026-04-21 13:46:37.846Z,1.0550,1351,SYNTH
2026-04-21 13:46:38.645Z,1.0553,1613,SYNTH
2026-04-21 13:46:39.258Z,1.0530,1903,SYNTH
2026-04-21 13:46:40.735Z,1.0553,1294,SYNTH
2026-04-21 13:46:41.174Z,1.0562,503,SYNTH
2026-04-21 13:46:42.214Z,1.0548,675,SYNTH
2026-04-21 13:46:43.402Z,1.0571,507,SYNTH
2026-04-21 13:46:44.476Z,1.0563,816,SYNTH
2026-04-21 13:46:45.623Z,1.0575,949,SYNTH
2026-04-21 13:46:46.198Z,1.0554,1025,SYNTH
2026-04-21 13:46:47.447Z,1.0573,1301,SYNTH
2026-04-21 13:46:48.518Z,1.0543,885,SYNTH
2026-04-21 13:46:49.217Z,1.0539,756,SYNTH
2026-04-21 13:46:50.665Z,1.0564,936,SYNTH
2026-04-21 13:46:51.822Z,1.0550,527,SYNTH
2026-04-21 13:46:52.603Z,1.0562,909,SYNTH
2026-04-21 13:46:53.755Z,1.0539,863,SYNTH
2026-04-21 13:46:54.336Z,1.0544,471,SYNTH
2026-04-21 13:46:55.898Z,1.0540,1076,SYNTH
2026-04-21 13:46:56.173Z,1.0548,542,SYNTH
2026-04-21 13:46:57.382Z,1.0566,847,SYNTH
2026-04-21 13:46:58.528Z,1.0550,507,SYNTH
2026-04-21 13:46:59.730Z,1.0558,1072,SYNTH
2026-04-21 13:47:00.286Z,1.0610,287,SYNTH
2026-04-21 13:47:01.776Z,1.0612,338,SYNTH
2026-04-21 13:47:02.213Z,1.0579,245,SYNTH
2026-04-21 13:47:03.722Z,1.0607,335,SYNTH
2026-04-21 13:47:04.598Z,1.0602,201,SYNTH
2026-04-21 13:47:05.179Z,1.0605,305,SYNTH
2026-04-21 13:47:06.387Z,1.0592,161,SYNTH
2026-04-21 13:47:07.364Z,1.0608,284,SYNTH
2026-04-21 13:47:08.138Z,1.0607,175,SYNTH
2026-04-21 13:47:09.077Z,1.0605,239,SYNTH
2026-04-21 13:47:10.896Z,1.0595,211,SYNTH
2026-04-21 13:47:11.627Z,1.0601,671,SYNTH
2026-04-21 13:47:12.095Z,1.0605,455,SYNTH
2026-04-21 13:47:13.806Z,1.0582,642,SYNTH
2026-04-21 13:47:14.546Z,1.0615,232,SYNTH
2026-04-21 13:47:15.060Z,1.0590,187,SYNTH
2026-04-21 13:47:16.232Z,1.0607,270,SYNTH
2026-04-21 13:47:17.523Z,1.0581,391,SYNTH
2026-04-21 13:47:18.575Z,1.0600,223,SYNTH
2026-04-21 13:47:19.228Z,1.0610,310,SYNTH
2026-04-21 13:47:20.525Z,1.0579,172,SYNTH
2026-04-21 13:47:21.344Z,1.0575,169,SYNTH
2026-04-21 13:47:22.005Z,1.0611,108,SYNTH
2026-04-21 13:47:23.067Z,1.0579,164,SYNTH
2026-04-21 13:47:24.285Z,1.0576,188,SYNTH
2026-04-21 13:47:25.018Z,1.0569,181,SYNTH
2026-04-21 13:47:26.818Z,1.0557,142,SYNTH
2026-04-21 13:47:27.539Z,1.0559,180,SYNTH
2026-04-21 13:47:28.405Z,1.0546,144,SYNTH
2026-04-21 13:47:29.634Z,1.0537,154,SYNTH
2026-04-21 13:47:30.747Z,1.0529,211,SYNTH
2026-04-21 13:47:31.396Z,1.0523,176,SYNTH
2026-04-21 13:47:32.644Z,1.0521,181,SYNTH
2026-04-21 13:47:33.229Z,1.0509,155,SYNTH
2026-04-21 13:47:34.704Z,1.0502,181,SYNTH
2026-04-21 13:47:35.313Z,1.0492,217,SYNTH
2026-04-21 13:47:36.722Z,1.0513,215,SYNTH
2026-04-21 13:47:37.550Z,1.0488,402,SYNTH
2026-04-21 13:47:38.020Z,1.0485,295,SYNTH
2026-04-21 13:47:39.044Z,1.0482,461,SYNTH
2026-04-21 13:47:40.633Z,1.0513,332,SYNTH
2026-04-21 13:47:41.159Z,1.0526,245,SYNTH
2026-04-21 13:47:42.001Z,1.0515,231,SYNTH
2026-04-21 13:47:43.462Z,1.0523,192,SYNTH
2026-04-21 13:47:44.606Z,1.0532,254,SYNTH
2026-04-21 13:47:45.821Z,1.0522,195,SYNTH
2026-04-21 13:47:46.140Z,1.0535,299,SYNTH
2026-04-21 13:47:47.589Z,1.0539,381,SYNTH
2026-04-21 13:47:48.092Z,1.0519,284,SYNTH
2026-04-21 13:47:49.216Z,1.0542,270,SYNTH
2026-04-21 13:47:50.300Z,1.0538,146,SYNTH
2026-04-21 13:47:51.548Z,1.0549,248,SYNTH
2026-04-21 13:47:52.291Z,1.0552,297,SYNTH
2026-04-21 13:47:53.515Z,1.0556,200,SYNTH
2026-04-21 13:47:54.470Z,1.0552,318,SYNTH
2026-04-21 13:47:55.191Z,1.0562,240,SYNTH
2026-04-21 13:47:56.766Z,1.0570,178,SYNTH
2026-04-21 13:47:57.249Z,1.0573,220,SYNTH
2026-04-21 13:47:58.164Z,1.0573,175,SYNTH
2026-04-21 13:47:59.135Z,1.0566,309,SYNTH
2026-04-21 13:48:00.675Z,1.0580,30,SYNTH
2026-04-21 13:48:01.693Z,1.0582,33,SYNTH
2026-04-21 13:48:02.752Z,1.0562,28,SYNTH
2026-04-21 13:48:03.221Z,1.0595,56,SYNTH
2026-04-21 13:48:04.036Z,1.0585,55,SYNTH
2026-04-21 13:48:05.264Z,1.0567,59,SYNTH
2026-04-21 13:48:06.586Z,1.0590,25,SYNTH
2026-04-21 13:48:07.368Z,1.0596,26,SYNTH
2026-04-21 13:48:08.549Z,1.0568,40,SYNTH
2026-04-21 13:48:09.073Z,1.0593,31,SYNTH
2026-04-21 13:48:10.708Z,1.0584,27,SYNTH
2026-04-21 13:48:11.386Z,1.0568,116,SYNTH
2026-04-21 13:48:12.318Z,1.0583,94,SYNTH
2026-04-21 13:48:13.411Z,1.0599,73,SYNTH
2026-04-21 13:48:14.001Z,1.0577,46,SYNTH
2026-04-21 13:48:15.676Z,1.0559,34,SYNTH
2026-04-21 13:48:16.347Z,1.0594,42,SYNTH
2026-04-21 13:48:17.675Z,1.0558,80,SYNTH
2026-04-21 13:48:18.397Z,1.0595,67,SYNTH
2026-04-21 13:48:19.217Z,1.0591,69,SYNTH
2026-04-21 13:48:20.595Z,1.0565,20,SYNTH
2026-04-21 13:48:21.107Z,1.0594,24,SYNTH
2026-04-21 13:48:22.622Z,1.0572,31,SYNTH
2026-04-21 13:48:23.832Z,1.0569,36,SYNTH
2026-04-21 13:48:24.475Z,1.0592,28,SYNTH
2026-04-21 13:48:25.728Z,1.0553,21,SYNTH
2026-04-21 13:48:26.464Z,1.0557,42,SYNTH
2026-04-21 13:48:27.759Z,1.0553,34,SYNTH
2026-04-21 13:48:28.220Z,1.0580,33,SYNTH
2026-04-21 13:48:29.827Z,1.0549,21,SYNTH
2026-04-21 13:48:30.814Z,1.0546,23,SYNTH
2026-04-21 13:48:31.632Z,1.0566,18,SYNTH
2026-04-21 13:48:32.898Z,1.0551,23,SYNTH
2026-04-21 13:48:33.095Z,1.0547,26,SYNTH
2026-04-21 13:48:34.581Z,1.0546,37,SYNTH
2026-04-21 13:48:35.681Z,1.0567,17,SYNTH
2026-04-21 13:48:36.219Z,1.0552,31,SYNTH
2026-04-21 13:48:37.872Z,1.0562,83,SYNTH
2026-04-21 13:48:38.399Z,1.0546,47,SYNTH
2026-04-21 13:48:39.443Z,1.0542,87,SYNTH
2026-04-21 13:48:40.143Z,1.0563,57,SYNTH
2026-04-21 13:48:41.890Z,1.0532,25,SYNTH
2026-04-21 13:48:42.606Z,1.0561,39,SYNTH
2026-04-21 13:48:43.792Z,1.0552,39,SYNTH
2026-04-21 13:48:44.598Z,1.0551,26,SYNTH
2026-04-21 13:48:45.610Z,1.0562,59,SYNTH
2026-04-21 13:48:46.533Z,1.0543,56,SYNTH
2026-04-21 13:48:47.062Z,1.0541,76,SYNTH
2026-04-21 13:48:48.177Z,1.0557,40,SYNTH
2026-04-21 13:48:49.229Z,1.0533,34,SYNTH
2026-04-21 13:48:50.254Z,1.0563,30,SYNTH
2026-04-21 13:48:51.483Z,1.0562,42,SYNTH
2026-04-21 13:48:52.564Z,1.0543,29,SYNTH
2026-04-21 13:48:53.720Z,1.0562,47,SYNTH
2026-04-21 13:48:54.227Z,1.0537,36,SYNTH
2026-04-21 13:48:55.014Z,1.0531,49,SYNTH
2026-04-21 13:48:56.079Z,1.0564,47,SYNTH
2026-04-21 13:48:57.660Z,1.0565,27,SYNTH
2026-04-21 13:48:58.266Z,1.0546,28,SYNTH
2026-04-21 13:48:59.786Z,1.0570,51,SYNTH
2026-04-21 13:49:00.109Z,1.0618,298,SYNTH
2026-04-21 13:49:01.728Z,1.0583,439,SYNTH
2026-04-21 13:49:02.434Z,1.0612,424,SYNTH
2026-04-21 13:49:03.440Z,1.0605,399,SYNTH
2026-04-21 13:49:04.512Z,1.0610,200,SYNTH
2026-04-21 13:49:05.034Z,1.0584,216,SYNTH
2026-04-21 13:49:06.535Z,1.0616,344,SYNTH
2026-04-21 13:49:07.896Z,1.0593,396,SYNTH
2026-04-21 13:49:08.247Z,1.0594,294,SYNTH
2026-04-21 13:49:09.317Z,1.0604,243,SYNTH
2026-04-21 13:49:10.770Z,1.0597,325,SYNTH
2026-04-21 13:49:11.237Z,1.0617,891,SYNTH
2026-04-21 13:49:12.071Z,1.0620,771,SYNTH
2026-04-21 13:49:13.426Z,1.0604,895,SYNTH
2026-04-21 13:49:14.537Z,1.0605,262,SYNTH
2026-04-21 13:49:15.612Z,1.0600,185,SYNTH
2026-04-21 13:49:16.426Z,1.0588,587,SYNTH
2026-04-21 13:49:17.279Z,1.0616,353,SYNTH
2026-04-21 13:49:18.579Z,1.0587,441,SYNTH
2026-04-21 13:49:19.726Z,1.0612,379,SYNTH
2026-04-21 13:49:20.636Z,1.0613,289,SYNTH
2026-04-21 13:49:21.427Z,1.0579,283,SYNTH
2026-04-21 13:49:22.034Z,1.0577,272,SYNTH
2026-04-21 13:49:23.463Z,1.0607,273,SYNTH
2026-04-21 13:49:24.214Z,1.0584,216,SYNTH
2026-04-21 13:49:25.348Z,1.0578,195,SYNTH
2026-04-21 13:49:26.050Z,1.0571,165,SYNTH
2026-04-21 13:49:27.001Z,1.0559,278,SYNTH
2026-04-21 13:49:28.267Z,1.0561,293,SYNTH
2026-04-21 13:49:29.252Z,1.0564,188,SYNTH
2026-04-21 13:49:30.419Z,1.0564,156,SYNTH
2026-04-21 13:49:31.156Z,1.0546,234,SYNTH
2026-04-21 13:49:32.791Z,1.0541,138,SYNTH
2026-04-21 13:49:33.456Z,1.0566,254,SYNTH
2026-04-21 13:49:34.188Z,1.0538,229,SYNTH
2026-04-21 13:49:35.578Z,1.0552,141,SYNTH
2026-04-21 13:49:36.039Z,1.0555,268,SYNTH
2026-04-21 13:49:37.608Z,1.0541,410,SYNTH
2026-04-21 13:49:38.414Z,1.0558,740,SYNTH
2026-04-21 13:49:39.339Z,1.0561,338,SYNTH
2026-04-21 13:49:40.833Z,1.0536,666,SYNTH
2026-04-21 13:49:41.485Z,1.0558,154,SYNTH
2026-04-21 13:49:42.372Z,1.0570,206,SYNTH
2026-04-21 13:49:43.395Z,1.0534,180,SYNTH
2026-04-21 13:49:44.585Z,1.0560,299,SYNTH
2026-04-21 13:49:45.439Z,1.0545,337,SYNTH
2026-04-21 13:49:46.832Z,1.0564,270,SYNTH
2026-04-21 13:49:47.035Z,1.0540,420,SYNTH
2026-04-21 13:49:48.672Z,1.0564,201,SYNTH
2026-04-21 13:49:49.085Z,1.0564,196,SYNTH
2026-04-21 13:49:50.628Z,1.0575,229,SYNTH
2026-04-21 13:49:51.516Z,1.0540,245,SYNTH
2026-04-21 13:49:52.816Z,1.0558,347,SYNTH
2026-04-21 13:49:53.718Z,1.0544,221,SYNTH
2026-04-21 13:49:54.245Z,1.0554,245,SYNTH
2026-04-21 13:49:55.257Z,1.0541,396,SYNTH
2026-04-21 13:49:56.363Z,1.0569,217,SYNTH
2026-04-21 13:49:57.859Z,1.0544,372,SYNTH
2026-04-21 13:49:58.105Z,1.0551,452,SYNTH
2026-04-21 13:49:59.718Z,1.0562,432,SYNTH
2026-04-21 13:50:00.051Z,1.0563,143,SYNTH
2026-04-21 13:50:01.562Z,1.0530,174,SYNTH
2026-04-21 13:50:02.841Z,1.0537,166,SYNTH
2026-04-21 13:50:03.272Z,1.0540,155,SYNTH
2026-04-21 13:50:04.408Z,1.0517,141,SYNTH
2026-04-21 13:50:05.714Z,1.0531,156,SYNTH
2026-04-21 13:50:06.098Z,1.0506,171,SYNTH
2026-04-21 13:50:07.488Z,1.0516,116,SYNTH
2026-04-21 13:50:08.690Z,1.0490,119,SYNTH
2026-04-21 13:50:09.252Z,1.0486,81,SYNTH
2026-04-21 13:50:10.251Z,1.0483,120,SYNTH
2026-04-21 13:50:11.697Z,1.0490,250,SYNTH
2026-04-21 13:50:12.899Z,1.0482,360,SYNTH
2026-04-21 13:50:13.026Z,1.0504,277,SYNTH
2026-04-21 13:50:14.054Z,1.0513,137,SYNTH
2026-04-21 13:50:15.193Z,1.0518,153,SYNTH
2026-04-21 13:50:16.865Z,1.0529,196,SYNTH
2026-04-21 13:50:17.304Z,1.0517,121,SYNTH
2026-04-21 13:50:18.061Z,1.0533,145,SYNTH
2026-04-21 13:50:19.280Z,1.0537,160,SYNTH
2026-04-21 13:50:20.439Z,1.0534,66,SYNTH
2026-04-21 13:50:21.314Z,1.0540,105,SYNTH
2026-04-21 13:50:22.112Z,1.0531,103,SYNTH
2026-04-21 13:50:23.655Z,1.0541,75,SYNTH
2026-04-21 13:50:24.863Z,1.0544,147,SYNTH
2026-04-21 13:50:25.386Z,1.0555,81,SYNTH
2026-04-21 13:50:26.824Z,1.0552,133,SYNTH
2026-04-21 13:50:27.721Z,1.0563,104,SYNTH
2026-04-21 13:50:28.363Z,1.0574,142,SYNTH
2026-04-21 13:50:29.155Z,1.0577,91,SYNTH
2026-04-21 13:50:30.799Z,1.0577,64,SYNTH
2026-04-21 13:50:31.382Z,1.0580,111,SYNTH
2026-04-21 13:50:32.524Z,1.0579,120,SYNTH
2026-04-21 13:50:33.046Z,1.0593,60,SYNTH
2026-04-21 13:50:34.811Z,1.0611,104,SYNTH
2026-04-21 13:50:35.697Z,1.0612,130,SYNTH
2026-04-21 13:50:36.102Z,1.0598,135,SYNTH
2026-04-21 13:50:37.091Z,1.0614,216,SYNTH
2026-04-21 13:50:38.377Z,1.0615,334,SYNTH
2026-04-21 13:50:39.626Z,1.0580,313,SYNTH
2026-04-21 13:50:40.158Z,1.0609,348,SYNTH
2026-04-21 13:50:41.739Z,1.0599,129,SYNTH
2026-04-21 13:50:42.720Z,1.0587,67,SYNTH
2026-04-21 13:50:43.090Z,1.0588,145,SYNTH
2026-04-21 13:50:44.565Z,1.0597,154,SYNTH
2026-04-21 13:50:45.059Z,1.0589,153,SYNTH
2026-04-21 13:50:46.306Z,1.0572,191,SYNTH
2026-04-21 13:50:47.500Z,1.0601,150,SYNTH
2026-04-21 13:50:48.236Z,1.0605,178,SYNTH
2026-04-21 13:50:49.385Z,1.0581,150,SYNTH
2026-04-21 13:50:50.313Z,1.0598,152,SYNTH
2026-04-21 13:50:51.012Z,1.0578,127,SYNTH
2026-04-21 13:50:52.891Z,1.0578,149,SYNTH
2026-04-21 13:50:53.723Z,1.0604,83,SYNTH
2026-04-21 13:50:54.483Z,1.0615,142,SYNTH
2026-04-21 13:50:55.130Z,1.0598,101,SYNTH
2026-04-21 13:50:56.700Z,1.0600,174,SYNTH
2026-04-21 13:50:57.775Z,1.0594,112,SYNTH
2026-04-21 13:50:58.745Z,1.0614,180,SYNTH
2026-04-21 13:50:59.079Z,1.0606,120,SYNTH
2026-04-21 13:51:00.717Z,1.0593,25,SYNTH
2026-04-21 13:51:01.120Z,1.0587,15,SYNTH
2026-04-21 13:51:02.836Z,1.0579,14,SYNTH
2026-04-21 13:51:03.285Z,1.0601,11,SYNTH
2026-04-21 13:51:04.666Z,1.0588,17,SYNTH
2026-04-21 13:51:05.429Z,1.0577,13,SYNTH
2026-04-21 13:51:06.583Z,1.0596,22,SYNTH
2026-04-21 13:51:07.450Z,1.0563,19,SYNTH
2026-04-21 13:51:08.335Z,1.0594,20,SYNTH
2026-04-21 13:51:09.896Z,1.0566,20,SYNTH
2026-04-21 13:51:10.702Z,1.0587,15,SYNTH
2026-04-21 13:51:11.413Z,1.0586,40,SYNTH
2026-04-21 13:51:12.739Z,1.0567,45,SYNTH
2026-04-21 13:51:13.233Z,1.0591,36,SYNTH
2026-04-21 13:51:14.633Z,1.0579,8,SYNTH
2026-04-21 13:51:15.554Z,1.0589,8,SYNTH
2026-04-21 13:51:16.586Z,1.0587,31,SYNTH
2026-04-21 13:51:17.664Z,1.0597,22,SYNTH
2026-04-21 13:51:18.715Z,1.0588,27,SYNTH
2026-04-21 13:51:19.351Z,1.0581,21,SYNTH
2026-04-21 13:51:20.128Z,1.0575,16,SYNTH
2026-04-21 13:51:21.711Z,1.0584,10,SYNTH
2026-04-21 13:51:22.325Z,1.0576,7,SYNTH
2026-04-21 13:51:23.344Z,1.0593,10,SYNTH
2026-04-21 13:51:24.334Z,1.0565,14,SYNTH
2026-04-21 13:51:25.829Z,1.0581,11,SYNTH
2026-04-21 13:51:26.445Z,1.0556,17,SYNTH
2026-04-21 13:51:27.130Z,1.0554,13,SYNTH
2026-04-21 13:51:28.284Z,1.0559,13,SYNTH
2026-04-21 13:51:29.477Z,1.0570,16,SYNTH
2026-04-21 13:51:30.596Z,1.0553,11,SYNTH
2026-04-21 13:51:31.427Z,1.0550,16,SYNTH
2026-04-21 13:51:32.057Z,1.0550,9,SYNTH
2026-04-21 13:51:33.710Z,1.0540,13,SYNTH
2026-04-21 13:51:34.008Z,1.0538,14,SYNTH
2026-04-21 13:51:35.452Z,1.0559,13,SYNTH
2026-04-21 13:51:36.614Z,1.0538,8,SYNTH
2026-04-21 13:51:37.171Z,1.0534,41,SYNTH
2026-04-21 13:51:38.690Z,1.0534,22,SYNTH
2026-04-21 13:51:39.858Z,1.0556,33,SYNTH
2026-04-21 13:51:40.711Z,1.0568,21,SYNTH
2026-04-21 13:51:41.182Z,1.0544,9,SYNTH
2026-04-21 13:51:42.059Z,1.0552,18,SYNTH
2026-04-21 13:51:43.371Z,1.0566,12,SYNTH
2026-04-21 13:51:44.459Z,1.0538,18,SYNTH
2026-04-21 13:51:45.419Z,1.0554,27,SYNTH
2026-04-21 13:51:46.740Z,1.0563,20,SYNTH
2026-04-21 13:51:47.611Z,1.0540,20,SYNTH
2026-04-21 13:51:48.280Z,1.0573,17,SYNTH
2026-04-21 13:51:49.806Z,1.0563,18,SYNTH
2026-04-21 13:51:50.008Z,1.0558,9,SYNTH
2026-04-21 13:51:51.694Z,1.0569,19,SYNTH
2026-04-21 13:51:52.408Z,1.0532,10,SYNTH
2026-04-21 13:51:53.822Z,1.0559,18,SYNTH
2026-04-21 13:51:54.373Z,1.0535,16,SYNTH
2026-04-21 13:51:55.468Z,1.0556,17,SYNTH
2026-04-21 13:51:56.106Z,1.0535,25,SYNTH
2026-04-21 13:51:57.658Z,1.0554,14,SYNTH
2026-04-21 13:51:58.518Z,1.0539,13,SYNTH
2026-04-21 13:51:59.083Z,1.0554,12,SYNTH
2026-04-21 13:52:00.559Z,1.0614,254,SYNTH
2026-04-21 13:52:01.450Z,1.0613,153,SYNTH
2026-04-21 13:52:02.575Z,1.0579,292,SYNTH
2026-04-21 13:52:03.287Z,1.0606,160,SYNTH
2026-04-21 13:52:04.569Z,1.0600,182,SYNTH
2026-04-21 13:52:05.847Z,1.0597,271,SYNTH
2026-04-21 13:52:06.606Z,1.0609,150,SYNTH
2026-04-21 13:52:07.241Z,1.0608,209,SYNTH
2026-04-21 13:52:08.601Z,1.0593,261,SYNTH
2026-04-21 13:52:09.467Z,1.0610,224,SYNTH
2026-04-21 13:52:10.134Z,1.0605,173,SYNTH
2026-04-21 13:52:11.011Z,1.0597,447,SYNTH
2026-04-21 13:52:12.451Z,1.0609,423,SYNTH
2026-04-21 13:52:13.089Z,1.0611,492,SYNTH
2026-04-21 13:52:14.870Z,1.0614,207,SYNTH
2026-04-21 13:52:15.335Z,1.0594,130,SYNTH
2026-04-21 13:52:16.453Z,1.0579,315,SYNTH
2026-04-21 13:52:17.010Z,1.0611,176,SYNTH
2026-04-21 13:52:18.654Z,1.0614,365,SYNTH
2026-04-21 13:52:19.074Z,1.0594,285,SYNTH
2026-04-21 13:52:20.876Z,1.0610,200,SYNTH
2026-04-21 13:52:21.660Z,1.0580,197,SYNTH
2026-04-21 13:52:22.423Z,1.0580,217,SYNTH
2026-04-21 13:52:23.797Z,1.0577,173,SYNTH
2026-04-21 13:52:24.685Z,1.0572,169,SYNTH
2026-04-21 13:52:25.849Z,1.0558,187,SYNTH
2026-04-21 13:52:26.738Z,1.0547,183,SYNTH
2026-04-21 13:52:27.624Z,1.0539,140,SYNTH
2026-04-21 13:52:28.808Z,1.0550,112,SYNTH
2026-04-21 13:52:29.622Z,1.0530,137,SYNTH
2026-04-21 13:52:30.031Z,1.0530,183,SYNTH
2026-04-21 13:52:31.731Z,1.0529,181,SYNTH
2026-04-21 13:52:32.889Z,1.0523,182,SYNTH
2026-04-21 13:52:33.204Z,1.0504,94,SYNTH
2026-04-21 13:52:34.464Z,1.0505,161,SYNTH
2026-04-21 13:52:35.573Z,1.0504,94,SYNTH
2026-04-21 13:52:36.179Z,1.0495,122,SYNTH
2026-04-21 13:52:37.032Z,1.0492,385,SYNTH
2026-04-21 13:52:38.761Z,1.0509,343,SYNTH
2026-04-21 13:52:39.275Z,1.0512,253,SYNTH
2026-04-21 13:52:40.031Z,1.0503,460,SYNTH
2026-04-21 13:52:41.553Z,1.0511,160,SYNTH
2026-04-21 13:52:42.222Z,1.0528,134,SYNTH
2026-04-21 13:52:43.798Z,1.0518,146,SYNTH
2026-04-21 13:52:44.627Z,1.0523,117,SYNTH
2026-04-21 13:52:45.139Z,1.0522,356,SYNTH
2026-04-21 13:52:46.078Z,1.0536,153,SYNTH
2026-04-21 13:52:47.026Z,1.0541,206,SYNTH
2026-04-21 13:52:48.119Z,1.0542,260,SYNTH
2026-04-21 13:52:49.544Z,1.0538,239,SYNTH
2026-04-21 13:52:50.888Z,1.0538,251,SYNTH
2026-04-21 13:52:51.250Z,1.0543,202,SYNTH
2026-04-21 13:52:52.808Z,1.0545,248,SYNTH
2026-04-21 13:52:53.036Z,1.0570,239,SYNTH
2026-04-21 13:52:54.431Z,1.0571,131,SYNTH
2026-04-21 13:52:55.625Z,1.0581,223,SYNTH
2026-04-21 13:52:56.727Z,1.0583,157,SYNTH
2026-04-21 13:52:57.619Z,1.0580,311,SYNTH
2026-04-21 13:52:58.507Z,1.0595,203,SYNTH
2026-04-21 13:52:59.511Z,1.0563,151,SYNTH
2026-04-21 13:53:00.387Z,1.0617,382,SYNTH
2026-04-21 13:53:01.602Z,1.0608,546,SYNTH
2026-04-21 13:53:02.799Z,1.0582,426,SYNTH
2026-04-21 13:53:03.144Z,1.0605,555,SYNTH
2026-04-21 13:53:04.160Z,1.0586,526,SYNTH
2026-04-21 13:53:05.712Z,1.0605,301,SYNTH
2026-04-21 13:53:06.710Z,1.0608,447,SYNTH
2026-04-21 13:53:07.413Z,1.0603,309,SYNTH
2026-04-21 13:53:08.730Z,1.0615,355,SYNTH
2026-04-21 13:53:09.269Z,1.0585,294,SYNTH
2026-04-21 13:53:10.001Z,1.0622,442,SYNTH
2026-04-21 13:53:11.853Z,1.0592,934,SYNTH
2026-04-21 13:53:12.156Z,1.0620,1131,SYNTH
2026-04-21 13:53:13.301Z,1.0589,648,SYNTH
2026-04-21 13:53:14.844Z,1.0611,365,SYNTH
2026-04-21 13:53:15.624Z,1.0592,384,SYNTH
2026-04-21 13:53:16.866Z,1.0603,473,SYNTH
2026-04-21 13:53:17.465Z,1.0612,514,SYNTH
2026-04-21 13:53:18.219Z,1.0584,516,SYNTH
2026-04-21 13:53:19.371Z,1.0593,758,SYNTH
2026-04-21 13:53:20.337Z,1.0585,316,SYNTH
2026-04-21 13:53:21.695Z,1.0576,310,SYNTH
2026-04-21 13:53:22.619Z,1.0579,223,SYNTH
2026-04-21 13:53:23.429Z,1.0567,225,SYNTH
2026-04-21 13:53:24.257Z,1.0567,180,SYNTH
2026-04-21 13:53:25.239Z,1.0563,377,SYNTH
2026-04-21 13:53:26.163Z,1.0549,300,SYNTH
2026-04-21 13:53:27.627Z,1.0537,197,SYNTH
2026-04-21 13:53:28.516Z,1.0530,257,SYNTH
2026-04-21 13:53:29.588Z,1.0544,211,SYNTH
2026-04-21 13:53:30.636Z,1.0521,280,SYNTH
2026-04-21 13:53:31.566Z,1.0526,294,SYNTH
2026-04-21 13:53:32.775Z,1.0517,191,SYNTH
2026-04-21 13:53:33.352Z,1.0515,387,SYNTH
2026-04-21 13:53:34.180Z,1.0511,179,SYNTH
2026-04-21 13:53:35.187Z,1.0486,318,SYNTH
2026-04-21 13:53:36.797Z,1.0504,357,SYNTH
2026-04-21 13:53:37.122Z,1.0482,943,SYNTH
2026-04-21 13:53:38.133Z,1.0498,802,SYNTH
2026-04-21 13:53:39.558Z,1.0510,674,SYNTH
2026-04-21 13:53:40.055Z,1.0518,675,SYNTH
2026-04-21 13:53:41.136Z,1.0505,386,SYNTH
2026-04-21 13:53:42.746Z,1.0515,251,SYNTH
2026-04-21 13:53:43.054Z,1.0509,242,SYNTH
2026-04-21 13:53:44.643Z,1.0527,255,SYNTH
2026-04-21 13:53:45.544Z,1.0526,531,SYNTH
2026-04-21 13:53:46.884Z,1.0521,443,SYNTH
2026-04-21 13:53:47.048Z,1.0536,476,SYNTH
2026-04-21 13:53:48.276Z,1.0528,428,SYNTH
2026-04-21 13:53:49.858Z,1.0531,466,SYNTH
2026-04-21 13:53:50.099Z,1.0548,501,SYNTH
2026-04-21 13:53:51.449Z,1.0544,498,SYNTH
2026-04-21 13:53:52.367Z,1.0564,518,SYNTH
2026-04-21 13:53:53.133Z,1.0579,479,SYNTH
2026-04-21 13:53:54.737Z,1.0588,435,SYNTH
2026-04-21 13:53:55.206Z,1.0591,287,SYNTH
2026-04-21 13:53:56.701Z,1.0600,247,SYNTH
2026-04-21 13:53:57.634Z,1.0608,490,SYNTH
2026-04-21 13:53:58.523Z,1.0613,448,SYNTH
2026-04-21 13:53:59.206Z,1.0612,501,SYNTH
2026-04-21 13:54:00.219Z,1.0505,63,SYNTH
2026-04-21 13:54:01.835Z,1.0486,69,SYNTH
2026-04-21 13:54:02.074Z,1.0505,57,SYNTH
2026-04-21 13:54:03.623Z,1.0505,71,SYNTH
2026-04-21 13:54:04.091Z,1.0511,48,SYNTH
2026-04-21 13:54:05.838Z,1.0493,66,SYNTH
2026-04-21 13:54:06.304Z,1.0483,45,SYNTH
2026-04-21 13:54:07.644Z,1.0502,49,SYNTH
2026-04-21 13:54:08.730Z,1.0515,73,SYNTH
2026-04-21 13:54:09.608Z,1.0501,32,SYNTH
2026-04-21 13:54:10.211Z,1.0516,63,SYNTH
2026-04-21 13:54:11.310Z,1.0524,93,SYNTH
2026-04-21 13:54:12.040Z,1.0493,112,SYNTH
2026-04-21 13:54:13.612Z,1.0520,140,SYNTH
2026-04-21 13:54:14.015Z,1.0497,67,SYNTH
2026-04-21 13:54:15.029Z,1.0516,54,SYNTH
2026-04-21 13:54:16.424Z,1.0511,86,SYNTH
2026-04-21 13:54:17.025Z,1.0499,108,SYNTH
2026-04-21 13:54:18.582Z,1.0490,106,SYNTH
2026-04-21 13:54:19.032Z,1.0514,92,SYNTH
2026-04-21 13:54:20.075Z,1.0489,47,SYNTH
2026-04-21 13:54:21.794Z,1.0531,48,SYNTH
2026-04-21 13:54:22.230Z,1.0529,47,SYNTH
2026-04-21 13:54:23.309Z,1.0531,57,SYNTH
2026-04-21 13:54:24.760Z,1.0539,51,SYNTH
2026-04-21 13:54:25.625Z,1.0538,39,SYNTH
2026-04-21 13:54:26.884Z,1.0555,26,SYNTH
2026-04-21 13:54:27.050Z,1.0552,47,SYNTH
2026-04-21 13:54:28.349Z,1.0568,45,SYNTH
2026-04-21 13:54:29.402Z,1.0566,51,SYNTH
2026-04-21 13:54:30.219Z,1.0583,41,SYNTH
2026-04-21 13:54:31.758Z,1.0575,54,SYNTH
2026-04-21 13:54:32.282Z,1.0593,52,SYNTH
2026-04-21 13:54:33.067Z,1.0584,50,SYNTH
2026-04-21 13:54:34.767Z,1.0594,32,SYNTH
2026-04-21 13:54:35.458Z,1.0606,33,SYNTH
2026-04-21 13:54:36.425Z,1.0596,62,SYNTH
2026-04-21 13:54:37.566Z,1.0608,137,SYNTH
2026-04-21 13:54:38.117Z,1.0607,113,SYNTH
2026-04-21 13:54:39.050Z,1.0604,112,SYNTH
2026-04-21 13:54:40.531Z,1.0591,136,SYNTH
2026-04-21 13:54:41.408Z,1.0583,31,SYNTH
2026-04-21 13:54:42.478Z,1.0587,53,SYNTH
2026-04-21 13:54:43.710Z,1.0590,39,SYNTH
2026-04-21 13:54:44.737Z,1.0609,61,SYNTH
2026-04-21 13:54:45.439Z,1.0603,76,SYNTH
2026-04-21 13:54:46.522Z,1.0586,77,SYNTH
2026-04-21 13:54:47.195Z,1.0598,53,SYNTH
2026-04-21 13:54:48.095Z,1.0604,46,SYNTH
2026-04-21 13:54:49.682Z,1.0587,47,SYNTH
2026-04-21 13:54:50.258Z,1.0578,35,SYNTH
2026-04-21 13:54:51.781Z,1.0599,56,SYNTH
2026-04-21 13:54:52.653Z,1.0596,49,SYNTH
2026-04-21 13:54:53.565Z,1.0613,33,SYNTH
2026-04-21 13:54:54.422Z,1.0604,62,SYNTH
2026-04-21 13:54:55.202Z,1.0580,75,SYNTH
2026-04-21 13:54:56.403Z,1.0606,38,SYNTH
2026-04-21 13:54:57.365Z,1.0592,41,SYNTH
2026-04-21 13:54:58.708Z,1.0585,72,SYNTH
2026-04-21 13:54:59.720Z,1.0615,50,SYNTH
2026-04-21 13:55:00.471Z,1.0618,375,SYNTH
2026-04-21 13:55:01.280Z,1.0589,538,SYNTH
2026-04-21 13:55:02.432Z,1.0589,272,SYNTH
2026-04-21 13:55:03.588Z,1.0611,240,SYNTH
2026-04-21 13:55:04.379Z,1.0615,490,SYNTH
2026-04-21 13:55:05.378Z,1.0590,269,SYNTH
2026-04-21 13:55:06.556Z,1.0599,301,SYNTH
2026-04-21 13:55:07.242Z,1.0615,208,SYNTH
2026-04-21 13:55:08.250Z,1.0608,410,SYNTH
2026-04-21 13:55:09.404Z,1.0591,342,SYNTH
2026-04-21 13:55:10.151Z,1.0593,437,SYNTH
2026-04-21 13:55:11.406Z,1.0604,664,SYNTH
2026-04-21 13:55:12.510Z,1.0592,717,SYNTH
2026-04-21 13:55:13.183Z,1.0620,880,SYNTH
2026-04-21 13:55:14.160Z,1.0605,287,SYNTH
2026-04-21 13:55:15.610Z,1.0585,289,SYNTH
2026-04-21 13:55:16.298Z,1.0616,659,SYNTH
2026-04-21 13:55:17.639Z,1.0591,513,SYNTH
2026-04-21 13:55:18.887Z,1.0596,293,SYNTH
2026-04-21 13:55:19.866Z,1.0595,448,SYNTH
2026-04-21 13:55:20.616Z,1.0591,304,SYNTH
2026-04-21 13:55:21.834Z,1.0592,165,SYNTH
2026-04-21 13:55:22.496Z,1.0592,188,SYNTH
2026-04-21 13:55:23.868Z,1.0586,203,SYNTH
2026-04-21 13:55:24.024Z,1.0565,297,SYNTH
2026-04-21 13:55:25.166Z,1.0560,295,SYNTH
2026-04-21 13:55:26.393Z,1.0570,332,SYNTH
2026-04-21 13:55:27.300Z,1.0545,275,SYNTH
2026-04-21 13:55:28.074Z,1.0540,198,SYNTH
2026-04-21 13:55:29.613Z,1.0550,337,SYNTH
2026-04-21 13:55:30.515Z,1.0529,265,SYNTH
2026-04-21 13:55:31.281Z,1.0541,211,SYNTH
2026-04-21 13:55:32.268Z,1.0529,226,SYNTH
2026-04-21 13:55:33.421Z,1.0524,300,SYNTH
2026-04-21 13:55:34.788Z,1.0528,340,SYNTH
2026-04-21 13:55:35.536Z,1.0515,277,SYNTH
2026-04-21 13:55:36.549Z,1.0523,215,SYNTH
2026-04-21 13:55:37.003Z,1.0521,400,SYNTH
2026-04-21 13:55:38.227Z,1.0536,766,SYNTH
2026-04-21 13:55:39.261Z,1.0499,488,SYNTH
2026-04-21 13:55:40.182Z,1.0524,633,SYNTH
2026-04-21 13:55:41.357Z,1.0534,339,SYNTH
2026-04-21 13:55:42.805Z,1.0535,335,SYNTH
2026-04-21 13:55:43.744Z,1.0528,182,SYNTH
2026-04-21 13:55:44.690Z,1.0537,298,SYNTH
2026-04-21 13:55:45.457Z,1.0528,275,SYNTH
2026-04-21 13:55:46.391Z,1.0537,477,SYNTH
2026-04-21 13:55:47.768Z,1.0523,310,SYNTH
2026-04-21 13:55:48.613Z,1.0534,317,SYNTH
2026-04-21 13:55:49.595Z,1.0549,228,SYNTH
2026-04-21 13:55:50.461Z,1.0525,229,SYNTH
2026-04-21 13:55:51.001Z,1.0542,312,SYNTH
2026-04-21 13:55:52.273Z,1.0526,472,SYNTH
2026-04-21 13:55:53.194Z,1.0520,377,SYNTH
2026-04-21 13:55:54.655Z,1.0518,431,SYNTH
2026-04-21 13:55:55.422Z,1.0516,357,SYNTH
2026-04-21 13:55:56.768Z,1.0539,277,SYNTH
2026-04-21 13:55:57.488Z,1.0534,294,SYNTH
2026-04-21 13:55:58.009Z,1.0535,454,SYNTH
2026-04-21 13:55:59.078Z,1.0507,304,SYNTH
2026-04-21 13:56:00.441Z,1.0601,340,SYNTH
2026-04-21 13:56:01.543Z,1.0585,169,SYNTH
2026-04-21 13:56:02.221Z,1.0590,388,SYNTH
2026-04-21 13:56:03.285Z,1.0587,250,SYNTH
2026-04-21 13:56:04.436Z,1.0586,271,SYNTH
2026-04-21 13:56:05.557Z,1.0562,181,SYNTH
2026-04-21 13:56:06.869Z,1.0562,325,SYNTH
2026-04-21 13:56:07.806Z,1.0563,343,SYNTH
2026-04-21 13:56:08.438Z,1.0551,271,SYNTH
2026-04-21 13:56:09.093Z,1.0549,224,SYNTH
2026-04-21 13:56:10.555Z,1.0540,232,SYNTH
2026-04-21 13:56:11.518Z,1.0541,755,SYNTH
2026-04-21 13:56:12.068Z,1.0531,444,SYNTH
2026-04-21 13:56:13.178Z,1.0563,539,SYNTH
2026-04-21 13:56:14.221Z,1.0571,245,SYNTH
2026-04-21 13:56:15.231Z,1.0576,304,SYNTH
2026-04-21 13:56:16.241Z,1.0577,421,SYNTH
2026-04-21 13:56:17.477Z,1.0565,518,SYNTH
2026-04-21 13:56:18.124Z,1.0554,276,SYNTH
2026-04-21 13:56:19.094Z,1.0574,369,SYNTH
2026-04-21 13:56:20.394Z,1.0551,215,SYNTH
2026-04-21 13:56:21.643Z,1.0564,245,SYNTH
2026-04-21 13:56:22.574Z,1.0565,177,SYNTH
2026-04-21 13:56:23.565Z,1.0578,198,SYNTH
2026-04-21 13:56:24.082Z,1.0574,175,SYNTH
2026-04-21 13:56:25.894Z,1.0581,167,SYNTH
2026-04-21 13:56:26.483Z,1.0582,259,SYNTH
2026-04-21 13:56:27.823Z,1.0585,149,SYNTH
2026-04-21 13:56:28.055Z,1.0580,219,SYNTH
2026-04-21 13:56:29.300Z,1.0602,224,SYNTH
2026-04-21 13:56:30.466Z,1.0604,156,SYNTH
2026-04-21 13:56:31.284Z,1.0605,143,SYNTH
2026-04-21 13:56:32.457Z,1.0602,121,SYNTH
2026-04-21 13:56:33.240Z,1.0596,188,SYNTH
2026-04-21 13:56:34.673Z,1.0615,178,SYNTH
2026-04-21 13:56:35.358Z,1.0595,175,SYNTH
2026-04-21 13:56:36.655Z,1.0615,216,SYNTH
2026-04-21 13:56:37.882Z,1.0609,355,SYNTH
2026-04-21 13:56:38.012Z,1.0616,452,SYNTH
2026-04-21 13:56:39.404Z,1.0609,587,SYNTH
2026-04-21 13:56:40.584Z,1.0581,575,SYNTH
2026-04-21 13:56:41.883Z,1.0605,232,SYNTH
2026-04-21 13:56:42.035Z,1.0611,155,SYNTH
2026-04-21 13:56:43.678Z,1.0619,232,SYNTH
2026-04-21 13:56:44.044Z,1.0594,214,SYNTH
2026-04-21 13:56:45.152Z,1.0621,251,SYNTH
2026-04-21 13:56:46.316Z,1.0595,237,SYNTH
2026-04-21 13:56:47.179Z,1.0606,316,SYNTH
2026-04-21 13:56:48.660Z,1.0610,236,SYNTH
2026-04-21 13:56:49.626Z,1.0582,239,SYNTH
2026-04-21 13:56:50.742Z,1.0619,263,SYNTH
2026-04-21 13:56:51.478Z,1.0580,250,SYNTH
2026-04-21 13:56:52.635Z,1.0613,314,SYNTH
2026-04-21 13:56:53.409Z,1.0612,172,SYNTH
2026-04-21 13:56:54.729Z,1.0608,271,SYNTH
2026-04-21 13:56:55.840Z,1.0581,284,SYNTH
2026-04-21 13:56:56.485Z,1.0586,272,SYNTH
2026-04-21 13:56:57.376Z,1.0619,331,SYNTH
2026-04-21 13:56:58.748Z,1.0616,194,SYNTH
2026-04-21 13:56:59.417Z,1.0591,231,SYNTH
2026-04-21 13:57:00.654Z,1.0551,589,SYNTH
2026-04-21 13:57:01.803Z,1.0561,378,SYNTH
2026-04-21 13:57:02.108Z,1.0543,337,SYNTH
2026-04-21 13:57:03.459Z,1.0524,498,SYNTH
2026-04-21 13:57:04.700Z,1.0536,349,SYNTH
2026-04-21 13:57:05.485Z,1.0512,495,SYNTH
2026-04-21 13:57:06.616Z,1.0506,334,SYNTH
2026-04-21 13:57:07.050Z,1.0516,666,SYNTH
2026-04-21 13:57:08.840Z,1.0494,465,SYNTH
2026-04-21 13:57:09.825Z,1.0490,477,SYNTH
2026-04-21 13:57:10.337Z,1.0492,460,SYNTH
2026-04-21 13:57:11.160Z,1.0480,1493,SYNTH
2026-04-21 13:57:12.192Z,1.0512,702,SYNTH
2026-04-21 13:57:13.896Z,1.0486,1309,SYNTH
2026-04-21 13:57:14.822Z,1.0510,453,SYNTH
2026-04-21 13:57:15.772Z,1.0510,472,SYNTH
2026-04-21 13:57:16.684Z,1.0529,835,SYNTH
2026-04-21 13:57:17.133Z,1.0513,849,SYNTH
2026-04-21 13:57:18.808Z,1.0527,977,SYNTH
2026-04-21 13:57:19.892Z,1.0523,700,SYNTH
2026-04-21 13:57:20.578Z,1.0521,499,SYNTH
2026-04-21 13:57:21.682Z,1.0521,268,SYNTH
2026-04-21 13:57:22.160Z,1.0529,463,SYNTH
2026-04-21 13:57:23.254Z,1.0532,285,SYNTH
2026-04-21 13:57:24.714Z,1.0539,267,SYNTH
2026-04-21 13:57:25.698Z,1.0544,232,SYNTH
2026-04-21 13:57:26.274Z,1.0550,468,SYNTH
2026-04-21 13:57:27.165Z,1.0557,324,SYNTH
2026-04-21 13:57:28.560Z,1.0566,346,SYNTH
2026-04-21 13:57:29.847Z,1.0570,405,SYNTH
2026-04-21 13:57:30.790Z,1.0587,425,SYNTH
2026-04-21 13:57:31.391Z,1.0584,422,SYNTH
2026-04-21 13:57:32.657Z,1.0586,329,SYNTH
2026-04-21 13:57:33.652Z,1.0596,447,SYNTH
2026-04-21 13:57:34.482Z,1.0597,399,SYNTH
2026-04-21 13:57:35.434Z,1.0610,528,SYNTH
2026-04-21 13:57:36.565Z,1.0609,454,SYNTH
2026-04-21 13:57:37.256Z,1.0603,1314,SYNTH
2026-04-21 13:57:38.217Z,1.0597,1111,SYNTH
2026-04-21 13:57:39.659Z,1.0617,1364,SYNTH
2026-04-21 13:57:40.492Z,1.0588,1276,SYNTH
2026-04-21 13:57:41.064Z,1.0600,365,SYNTH
2026-04-21 13:57:42.140Z,1.0576,457,SYNTH
2026-04-21 13:57:43.695Z,1.0578,602,SYNTH
2026-04-21 13:57:44.688Z,1.0581,539,SYNTH
2026-04-21 13:57:45.006Z,1.0567,928,SYNTH
2026-04-21 13:57:46.496Z,1.0606,470,SYNTH
2026-04-21 13:57:47.762Z,1.0580,471,SYNTH
2026-04-21 13:57:48.003Z,1.0574,381,SYNTH
2026-04-21 13:57:49.518Z,1.0578,420,SYNTH
2026-04-21 13:57:50.738Z,1.0579,564,SYNTH
2026-04-21 13:57:51.117Z,1.0558,523,SYNTH
2026-04-21 13:57:52.523Z,1.0561,721,SYNTH
2026-04-21 13:57:53.278Z,1.0551,538,SYNTH
2026-04-21 13:57:54.414Z,1.0558,333,SYNTH
2026-04-21 13:57:55.636Z,1.0546,414,SYNTH
2026-04-21 13:57:56.731Z,1.0535,422,SYNTH
2026-04-21 13:57:57.448Z,1.0543,778,SYNTH
2026-04-21 13:57:58.789Z,1.0541,717,SYNTH
2026-04-21 13:57:59.298Z,1.0556,823,SYNTH
2026-04-21 13:58:00.184Z,1.0606,13,SYNTH
2026-04-21 13:58:01.872Z,1.0593,15,SYNTH
2026-04-21 13:58:02.153Z,1.0605,25,SYNTH
2026-04-21 13:58:03.610Z,1.0610,21,SYNTH
2026-04-21 13:58:04.694Z,1.0582,23,SYNTH
2026-04-21 13:58:05.473Z,1.0619,25,SYNTH
2026-04-21 13:58:06.461Z,1.0613,16,SYNTH
2026-04-21 13:58:07.166Z,1.0618,14,SYNTH
2026-04-21 13:58:08.773Z,1.0602,23,SYNTH
2026-04-21 13:58:09.682Z,1.0607,13,SYNTH
2026-04-21 13:58:10.542Z,1.0580,17,SYNTH
2026-04-21 13:58:11.504Z,1.0590,26,SYNTH
2026-04-21 13:58:12.203Z,1.0603,53,SYNTH
2026-04-21 13:58:13.382Z,1.0602,39,SYNTH
2026-04-21 13:58:14.861Z,1.0589,12,SYNTH
2026-04-21 13:58:15.645Z,1.0608,11,SYNTH
2026-04-21 13:58:16.360Z,1.0607,18,SYNTH
2026-04-21 13:58:17.529Z,1.0582,37,SYNTH
2026-04-21 13:58:18.530Z,1.0606,29,SYNTH
2026-04-21 13:58:19.553Z,1.0590,30,SYNTH
2026-04-21 13:58:20.609Z,1.0614,14,SYNTH
2026-04-21 13:58:21.487Z,1.0618,16,SYNTH
2026-04-21 13:58:22.545Z,1.0593,15,SYNTH
2026-04-21 13:58:23.021Z,1.0615,11,SYNTH
2026-04-21 13:58:24.316Z,1.0604,8,SYNTH
2026-04-21 13:58:25.227Z,1.0578,9,SYNTH
2026-04-21 13:58:26.624Z,1.0595,11,SYNTH
2026-04-21 13:58:27.105Z,1.0573,11,SYNTH
2026-04-21 13:58:28.209Z,1.0597,11,SYNTH
2026-04-21 13:58:29.107Z,1.0574,18,SYNTH
2026-04-21 13:58:30.018Z,1.0588,17,SYNTH
2026-04-21 13:58:31.643Z,1.0588,14,SYNTH
2026-04-21 13:58:32.023Z,1.0579,12,SYNTH
2026-04-21 13:58:33.597Z,1.0574,8,SYNTH
2026-04-21 13:58:34.596Z,1.0587,19,SYNTH
2026-04-21 13:58:35.652Z,1.0562,18,SYNTH
2026-04-21 13:58:36.397Z,1.0562,18,SYNTH
2026-04-21 13:58:37.053Z,1.0588,43,SYNTH
2026-04-21 13:58:38.069Z,1.0582,48,SYNTH
2026-04-21 13:58:39.116Z,1.0561,41,SYNTH
2026-04-21 13:58:40.609Z,1.0580,41,SYNTH
2026-04-21 13:58:41.196Z,1.0558,13,SYNTH
2026-04-21 13:58:42.076Z,1.0588,11,SYNTH
2026-04-21 13:58:43.018Z,1.0563,13,SYNTH
2026-04-21 13:58:44.896Z,1.0580,18,SYNTH
2026-04-21 13:58:45.215Z,1.0560,28,SYNTH
2026-04-21 13:58:46.637Z,1.0598,20,SYNTH
2026-04-21 13:58:47.803Z,1.0567,18,SYNTH
2026-04-21 13:58:48.173Z,1.0598,19,SYNTH
2026-04-21 13:58:49.055Z,1.0566,22,SYNTH
2026-04-21 13:58:50.364Z,1.0590,20,SYNTH
2026-04-21 13:58:51.343Z,1.0594,19,SYNTH
2026-04-21 13:58:52.276Z,1.0564,23,SYNTH
2026-04-21 13:58:53.355Z,1.0574,15,SYNTH
2026-04-21 13:58:54.527Z,1.0582,24,SYNTH
2026-04-21 13:58:55.834Z,1.0560,20,SYNTH
2026-04-21 13:58:56.032Z,1.0560,17,SYNTH
2026-04-21 13:58:57.321Z,1.0583,15,SYNTH
2026-04-21 13:58:58.788Z,1.0561,25,SYNTH
2026-04-21 13:58:59.353Z,1.0571,14,SYNTH
2026-04-21 14:00:00.765Z,1.0580,37,SYNTH
2026-04-21 14:00:01.730Z,1.0583,41,SYNTH
2026-04-21 14:00:02.285Z,1.0551,21,SYNTH
2026-04-21 14:00:03.355Z,1.0567,40,SYNTH
2026-04-21 14:00:04.400Z,1.0574,16,SYNTH
2026-04-21 14:00:05.797Z,1.0577,26,SYNTH
2026-04-21 14:00:06.728Z,1.0580,34,SYNTH
2026-04-21 14:00:07.235Z,1.0557,15,SYNTH
2026-04-21 14:00:08.414Z,1.0591,31,SYNTH
2026-04-21 14:00:09.414Z,1.0561,26,SYNTH
2026-04-21 14:00:10.161Z,1.0586,30,SYNTH
2026-04-21 14:00:11.276Z,1.0567,62,SYNTH
2026-04-21 14:00:12.656Z,1.0571,51,SYNTH
2026-04-21 14:00:13.621Z,1.0583,68,SYNTH
2026-04-21 14:00:14.842Z,1.0555,24,SYNTH
2026-04-21 14:00:15.558Z,1.0571,30,SYNTH
2026-04-21 14:00:16.444Z,1.0581,38,SYNTH
2026-04-21 14:00:17.376Z,1.0567,23,SYNTH
2026-04-21 14:00:18.455Z,1.0581,34,SYNTH
2026-04-21 14:00:19.271Z,1.0580,34,SYNTH
2026-04-21 14:00:20.468Z,1.0590,12,SYNTH
2026-04-21 14:00:21.199Z,1.0591,13,SYNTH
2026-04-21 14:00:22.651Z,1.0571,11,SYNTH
2026-04-21 14:00:23.103Z,1.0585,21,SYNTH
2026-04-21 14:00:24.697Z,1.0562,24,SYNTH
2026-04-21 14:00:25.841Z,1.0580,23,SYNTH
2026-04-21 14:00:26.139Z,1.0587,26,SYNTH
2026-04-21 14:00:27.376Z,1.0567,25,SYNTH
2026-04-21 14:00:28.198Z,1.0591,17,SYNTH
2026-04-21 14:00:29.261Z,1.0602,15,SYNTH
2026-04-21 14:00:30.687Z,1.0585,15,SYNTH
2026-04-21 14:00:31.368Z,1.0604,27,SYNTH
2026-04-21 14:00:32.717Z,1.0605,26,SYNTH
2026-04-21 14:00:33.352Z,1.0605,14,SYNTH
2026-04-21 14:00:34.874Z,1.0609,23,SYNTH
2026-04-21 14:00:35.536Z,1.0586,15,SYNTH
2026-04-21 14:00:36.134Z,1.0599,22,SYNTH
2026-04-21 14:00:37.084Z,1.0600,35,SYNTH
2026-04-21 14:00:38.885Z,1.0610,39,SYNTH
2026-04-21 14:00:39.381Z,1.0595,31,SYNTH
2026-04-21 14:00:40.487Z,1.0605,55,SYNTH
2026-04-21 14:00:41.375Z,1.0588,17,SYNTH
2026-04-21 14:00:42.233Z,1.0577,21,SYNTH
2026-04-21 14:00:43.013Z,1.0580,17,SYNTH
2026-04-21 14:00:44.786Z,1.0611,29,SYNTH
2026-04-21 14:00:45.801Z,1.0602,20,SYNTH
2026-04-21 14:00:46.370Z,1.0614,33,SYNTH
2026-04-21 14:00:47.560Z,1.0585,31,SYNTH
2026-04-21 14:00:48.533Z,1.0611,30,SYNTH
2026-04-21 14:00:49.494Z,1.0608,31,SYNTH
2026-04-21 14:00:50.685Z,1.0614,33,SYNTH
2026-04-21 14:00:51.328Z,1.0605,29,SYNTH
2026-04-21 14:00:52.181Z,1.0606,18,SYNTH
2026-04-21 14:00:53.136Z,1.0586,28,SYNTH
2026-04-21 14:00:54.327Z,1.0609,26,SYNTH
2026-04-21 14:00:55.893Z,1.0610,35,SYNTH
2026-04-21 14:00:56.393Z,1.0584,28,SYNTH
2026-04-21 14:00:57.436Z,1.0607,31,SYNTH
2026-04-21 14:00:58.491Z,1.0609,37,SYNTH
2026-04-21 14:00:59.396Z,1.0584,40,SYNTH
2026-04-21 14:01:00.331Z,1.0609,28,SYNTH
2026-04-21 14:01:01.714Z,1.0600,31,SYNTH
2026-04-21 14:01:02.090Z,1.0580,47,SYNTH
2026-04-21 14:01:03.356Z,1.0605,38,SYNTH
2026-04-21 14:01:04.547Z,1.0602,26,SYNTH
2026-04-21 14:01:05.460Z,1.0617,38,SYNTH
2026-04-21 14:01:06.812Z,1.0601,40,SYNTH
2026-04-21 14:01:07.130Z,1.0605,39,SYNTH
2026-04-21 14:01:08.224Z,1.0598,39,SYNTH
2026-04-21 14:01:09.778Z,1.0611,33,SYNTH
2026-04-21 14:01:10.415Z,1.0579,23,SYNTH
2026-04-21 14:01:11.459Z,1.0617,73,SYNTH
2026-04-21 14:01:12.780Z,1.0598,47,SYNTH
2026-04-21 14:01:13.888Z,1.0603,76,SYNTH
2026-04-21 14:01:14.208Z,1.0590,28,SYNTH
2026-04-21 14:01:15.687Z,1.0609,26,SYNTH
2026-04-21 14:01:16.480Z,1.0598,56,SYNTH
2026-04-21 14:01:17.576Z,1.0618,38,SYNTH
2026-04-21 14:01:18.063Z,1.0593,44,SYNTH
2026-04-21 14:01:19.366Z,1.0618,56,SYNTH
2026-04-21 14:01:20.088Z,1.0579,17,SYNTH
2026-04-21 14:01:21.205Z,1.0574,27,SYNTH
2026-04-21 14:01:22.724Z,1.0596,15,SYNTH
2026-04-21 14:01:23.897Z,1.0587,25,SYNTH
2026-04-21 14:01:24.770Z,1.0585,17,SYNTH
2026-04-21 14:01:25.577Z,1.0567,16,SYNTH
2026-04-21 14:01:26.318Z,1.0565,19,SYNTH
2026-04-21 14:01:27.406Z,1.0565,23,SYNTH
2026-04-21 14:01:28.680Z,1.0570,14,SYNTH
2026-04-21 14:01:29.161Z,1.0560,29,SYNTH
2026-04-21 14:01:30.250Z,1.0563,20,SYNTH
2026-04-21 14:01:31.122Z,1.0566,26,SYNTH
2026-04-21 14:01:32.546Z,1.0544,27,SYNTH
2026-04-21 14:01:33.097Z,1.0545,21,SYNTH
2026-04-21 14:01:34.534Z,1.0551,25,SYNTH
2026-04-21 14:01:35.382Z,1.0572,30,SYNTH
2026-04-21 14:01:36.749Z,1.0550,21,SYNTH
2026-04-21 14:01:37.632Z,1.0548,61,SYNTH
2026-04-21 14:01:38.512Z,1.0550,84,SYNTH
2026-04-21 14:01:39.684Z,1.0545,81,SYNTH
2026-04-21 14:01:40.636Z,1.0557,75,SYNTH
2026-04-21 14:01:41.178Z,1.0534,21,SYNTH
2026-04-21 14:01:42.630Z,1.0565,33,SYNTH
2026-04-21 14:01:43.767Z,1.0569,30,SYNTH
2026-04-21 14:01:44.420Z,1.0572,34,SYNTH
2026-04-21 14:01:45.886Z,1.0548,30,SYNTH
2026-04-21 14:01:46.649Z,1.0566,48,SYNTH
2026-04-21 14:01:47.151Z,1.0557,53,SYNTH
2026-04-21 14:01:48.373Z,1.0558,22,SYNTH
2026-04-21 14:01:49.458Z,1.0564,39,SYNTH
2026-04-21 14:01:50.399Z,1.0550,40,SYNTH
2026-04-21 14:01:51.090Z,1.0556,27,SYNTH
2026-04-21 14:01:52.379Z,1.0564,42,SYNTH
2026-04-21 14:01:53.472Z,1.0537,26,SYNTH
2026-04-21 14:01:54.516Z,1.0557,44,SYNTH
2026-04-21 14:01:55.613Z,1.0533,35,SYNTH
2026-04-21 14:01:56.670Z,1.0557,27,SYNTH
2026-04-21 14:01:57.320Z,1.0555,24,SYNTH
2026-04-21 14:01:58.136Z,1.0557,28,SYNTH
2026-04-21 14:01:59.355Z,1.0549,42,SYNTH
2026-04-21 14:02:00.592Z,1.0606,118,SYNTH
2026-04-21 14:02:01.465Z,1.0603,68,SYNTH
2026-04-21 14:02:02.235Z,1.0581,130,SYNTH
2026-04-21 14:02:03.804Z,1.0605,131,SYNTH
2026-04-21 14:02:04.800Z,1.0597,93,SYNTH
2026-04-21 14:02:05.555Z,1.0613,122,SYNTH
2026-04-21 14:02:06.401Z,1.0616,109,SYNTH
2026-04-21 14:02:07.054Z,1.0591,66,SYNTH
2026-04-21 14:02:08.141Z,1.0600,81,SYNTH
2026-04-21 14:02:09.243Z,1.0602,65,SYNTH
2026-04-21 14:02:10.244Z,1.0616,49,SYNTH
2026-04-21 14:02:11.632Z,1.0618,126,SYNTH
2026-04-21 14:02:12.558Z,1.0590,188,SYNTH
2026-04-21 14:02:13.717Z,1.0611,139,SYNTH
2026-04-21 14:02:14.659Z,1.0583,67,SYNTH
2026-04-21 14:02:15.002Z,1.0602,98,SYNTH
2026-04-21 14:02:16.169Z,1.0590,102,SYNTH
2026-04-21 14:02:17.637Z,1.0600,124,SYNTH
2026-04-21 14:02:18.375Z,1.0611,153,SYNTH
2026-04-21 14:02:19.240Z,1.0617,123,SYNTH
2026-04-21 14:02:20.048Z,1.0592,64,SYNTH
2026-04-21 14:02:21.776Z,1.0589,87,SYNTH
2026-04-21 14:02:22.835Z,1.0601,67,SYNTH
2026-04-21 14:02:23.827Z,1.0577,64,SYNTH
2026-04-21 14:02:24.819Z,1.0596,39,SYNTH
2026-04-21 14:02:25.715Z,1.0579,63,SYNTH
2026-04-21 14:02:26.491Z,1.0606,57,SYNTH
2026-04-21 14:02:27.643Z,1.0574,85,SYNTH
2026-04-21 14:02:28.683Z,1.0582,48,SYNTH
2026-04-21 14:02:29.806Z,1.0579,69,SYNTH
2026-04-21 14:02:30.251Z,1.0574,63,SYNTH
2026-04-21 14:02:31.313Z,1.0562,82,SYNTH
2026-04-21 14:02:32.254Z,1.0579,48,SYNTH
2026-04-21 14:02:33.501Z,1.0569,44,SYNTH
2026-04-21 14:02:34.328Z,1.0555,75,SYNTH
2026-04-21 14:02:35.746Z,1.0584,79,SYNTH
2026-04-21 14:02:36.867Z,1.0559,70,SYNTH
2026-04-21 14:02:37.849Z,1.0573,235,SYNTH
2026-04-21 14:02:38.316Z,1.0560,111,SYNTH
2026-04-21 14:02:39.524Z,1.0575,243,SYNTH
2026-04-21 14:02:40.447Z,1.0560,218,SYNTH
2026-04-21 14:02:41.539Z,1.0559,92,SYNTH
2026-04-21 14:02:42.792Z,1.0589,44,SYNTH
2026-04-21 14:02:43.083Z,1.0561,57,SYNTH
2026-04-21 14:02:44.715Z,1.0574,87,SYNTH
2026-04-21 14:02:45.171Z,1.0576,134,SYNTH
2026-04-21 14:02:46.486Z,1.0566,113,SYNTH
2026-04-21 14:02:47.644Z,1.0589,87,SYNTH
2026-04-21 14:02:48.760Z,1.0567,59,SYNTH
2026-04-21 14:02:49.733Z,1.0553,59,SYNTH
2026-04-21 14:02:50.856Z,1.0578,74,SYNTH
2026-04-21 14:02:51.636Z,1.0573,102,SYNTH
2026-04-21 14:02:52.301Z,1.0566,101,SYNTH
2026-04-21 14:02:53.817Z,1.0590,92,SYNTH
2026-04-21 14:02:54.301Z,1.0560,106,SYNTH
2026-04-21 14:02:55.841Z,1.0575,104,SYNTH
2026-04-21 14:02:56.370Z,1.0587,57,SYNTH
2026-04-21 14:02:57.881Z,1.0567,79,SYNTH
2026-04-21 14:02:58.600Z,1.0577,114,SYNTH
2026-04-21 14:02:59.755Z,1.0562,139,SYNTH
2026-04-21 14:03:00.890Z,1.0577,20,SYNTH
2026-04-21 14:03:01.642Z,1.0565,29,SYNTH
2026-04-21 14:03:02.475Z,1.0581,43,SYNTH
2026-04-21 14:03:03.294Z,1.0564,38,SYNTH
2026-04-21 14:03:04.433Z,1.0562,38,SYNTH
2026-04-21 14:03:05.892Z,1.0551,19,SYNTH
2026-04-21 14:03:06.081Z,1.0568,30,SYNTH
2026-04-21 14:03:07.632Z,1.0552,40,SYNTH
2026-04-21 14:03:08.771Z,1.0539,23,SYNTH
2026-04-21 14:03:09.541Z,1.0566,22,SYNTH
2026-04-21 14:03:10.425Z,1.0543,27,SYNTH
2026-04-21 14:03:11.731Z,1.0538,55,SYNTH
2026-04-21 14:03:12.733Z,1.0552,78,SYNTH
2026-04-21 14:03:13.185Z,1.0561,77,SYNTH
2026-04-21 14:03:14.697Z,1.0571,28,SYNTH
2026-04-21 14:03:15.498Z,1.0570,32,SYNTH
2026-04-21 14:03:16.686Z,1.0570,29,SYNTH
2026-04-21 14:03:17.211Z,1.0567,54,SYNTH
2026-04-21 14:03:18.781Z,1.0543,39,SYNTH
2026-04-21 14:03:19.525Z,1.0574,53,SYNTH
2026-04-21 14:03:20.855Z,1.0548,26,SYNTH
2026-04-21 14:03:21.891Z,1.0563,13,SYNTH
2026-04-21 14:03:22.187Z,1.0567,21,SYNTH
2026-04-21 14:03:23.602Z,1.0569,13,SYNTH
2026-04-21 14:03:24.308Z,1.0549,27,SYNTH
2026-04-21 14:03:25.776Z,1.0582,14,SYNTH
2026-04-21 14:03:26.049Z,1.0579,20,SYNTH
2026-04-21 14:03:27.457Z,1.0570,28,SYNTH
2026-04-21 14:03:28.454Z,1.0584,29,SYNTH
2026-04-21 14:03:29.340Z,1.0585,20,SYNTH
2026-04-21 14:03:30.008Z,1.0599,18,SYNTH
2026-04-21 14:03:31.675Z,1.0598,22,SYNTH
2026-04-21 14:03:32.355Z,1.0601,20,SYNTH
2026-04-21 14:03:33.072Z,1.0600,27,SYNTH
2026-04-21 14:03:34.390Z,1.0581,30,SYNTH
2026-04-21 14:03:35.600Z,1.0599,15,SYNTH
2026-04-21 14:03:36.245Z,1.0597,21,SYNTH
2026-04-21 14:03:37.868Z,1.0610,65,SYNTH
2026-04-21 14:03:38.731Z,1.0616,61,SYNTH
2026-04-21 14:03:39.437Z,1.0581,35,SYNTH
2026-04-21 14:03:40.835Z,1.0594,51,SYNTH
2026-04-21 14:03:41.622Z,1.0597,25,SYNTH
2026-04-21 14:03:42.859Z,1.0584,28,SYNTH
2026-04-21 14:03:43.258Z,1.0610,20,SYNTH
2026-04-21 14:03:44.254Z,1.0577,18,SYNTH
2026-04-21 14:03:45.802Z,1.0612,52,SYNTH
2026-04-21 14:03:46.765Z,1.0605,45,SYNTH
2026-04-21 14:03:47.671Z,1.0590,47,SYNTH
2026-04-21 14:03:48.398Z,1.0602,15,SYNTH
2026-04-21 14:03:49.341Z,1.0611,17,SYNTH
2026-04-21 14:03:50.135Z,1.0606,36,SYNTH
2026-04-21 14:03:51.478Z,1.0580,30,SYNTH
2026-04-21 14:03:52.034Z,1.0597,34,SYNTH
2026-04-21 14:03:53.248Z,1.0597,36,SYNTH
2026-04-21 14:03:54.038Z,1.0584,35,SYNTH
2026-04-21 14:03:55.880Z,1.0604,36,SYNTH
2026-04-21 14:03:56.868Z,1.0603,28,SYNTH
2026-04-21 14:03:57.869Z,1.0595,37,SYNTH
2026-04-21 14:03:58.178Z,1.0613,26,SYNTH
2026-04-21 14:03:59.049Z,1.0609,45,SYNTH
2026-04-21 14:04:00.893Z,1.0607,207,SYNTH
2026-04-21 14:04:01.099Z,1.0597,188,SYNTH
2026-04-21 14:04:02.138Z,1.0586,167,SYNTH
2026-04-21 14:04:03.832Z,1.0572,142,SYNTH
2026-04-21 14:04:04.866Z,1.0577,112,SYNTH
2026-04-21 14:04:05.311Z,1.0560,138,SYNTH
2026-04-21 14:04:06.870Z,1.0551,161,SYNTH
2026-04-21 14:04:07.117Z,1.0553,101,SYNTH
2026-04-21 14:04:08.728Z,1.0546,118,SYNTH
2026-04-21 14:04:09.760Z,1.0549,113,SYNTH
2026-04-21 14:04:10.010Z,1.0567,108,SYNTH
2026-04-21 14:04:11.748Z,1.0541,383,SYNTH
2026-04-21 14:04:12.010Z,1.0546,236,SYNTH
2026-04-21 14:04:13.154Z,1.0562,390,SYNTH
2026-04-21 14:04:14.289Z,1.0567,134,SYNTH
2026-04-21 14:04:15.771Z,1.0577,128,SYNTH
2026-04-21 14:04:16.553Z,1.0566,122,SYNTH
2026-04-21 14:04:17.343Z,1.0588,261,SYNTH
2026-04-21 14:04:18.643Z,1.0578,139,SYNTH
2026-04-21 14:04:19.555Z,1.0558,183,SYNTH
2026-04-21 14:04:20.835Z,1.0557,105,SYNTH
2026-04-21 14:04:21.432Z,1.0583,124,SYNTH
2026-04-21 14:04:22.280Z,1.0575,92,SYNTH
2026-04-21 14:04:23.042Z,1.0580,88,SYNTH
2026-04-21 14:04:24.356Z,1.0587,59,SYNTH
2026-04-21 14:04:25.406Z,1.0571,127,SYNTH
2026-04-21 14:04:26.210Z,1.0597,93,SYNTH
2026-04-21 14:04:27.735Z,1.0578,80,SYNTH
2026-04-21 14:04:28.197Z,1.0602,91,SYNTH
2026-04-21 14:04:29.115Z,1.0573,87,SYNTH
2026-04-21 14:04:30.897Z,1.0607,78,SYNTH
2026-04-21 14:04:31.475Z,1.0584,112,SYNTH
2026-04-21 14:04:32.370Z,1.0611,79,SYNTH
2026-04-21 14:04:33.812Z,1.0598,103,SYNTH
2026-04-21 14:04:34.492Z,1.0600,95,SYNTH
2026-04-21 14:04:35.564Z,1.0598,94,SYNTH
2026-04-21 14:04:36.573Z,1.0575,121,SYNTH
2026-04-21 14:04:37.680Z,1.0606,170,SYNTH
2026-04-21 14:04:38.023Z,1.0588,334,SYNTH
2026-04-21 14:04:39.445Z,1.0609,263,SYNTH
2026-04-21 14:04:40.631Z,1.0588,174,SYNTH
2026-04-21 14:04:41.572Z,1.0611,126,SYNTH
2026-04-21 14:04:42.131Z,1.0591,95,SYNTH
2026-04-21 14:04:43.114Z,1.0606,109,SYNTH
2026-04-21 14:04:44.324Z,1.0609,72,SYNTH
2026-04-21 14:04:45.529Z,1.0592,181,SYNTH
2026-04-21 14:04:46.511Z,1.0576,220,SYNTH
2026-04-21 14:04:47.760Z,1.0604,225,SYNTH
2026-04-21 14:04:48.295Z,1.0599,144,SYNTH
2026-04-21 14:04:49.407Z,1.0599,126,SYNTH
2026-04-21 14:04:50.121Z,1.0588,78,SYNTH
2026-04-21 14:04:51.525Z,1.0612,76,SYNTH
2026-04-21 14:04:52.270Z,1.0580,144,SYNTH
2026-04-21 14:04:53.128Z,1.0615,113,SYNTH
2026-04-21 14:04:54.160Z,1.0588,144,SYNTH
2026-04-21 14:04:55.255Z,1.0596,177,SYNTH
2026-04-21 14:04:56.247Z,1.0586,140,SYNTH
2026-04-21 14:04:57.671Z,1.0604,89,SYNTH
2026-04-21 14:04:58.199Z,1.0580,119,SYNTH
2026-04-21 14:04:59.655Z,1.0599,99,SYNTH
2026-04-21 14:05:00.610Z,1.0559,7,SYNTH
2026-04-21 14:05:01.256Z,1.0558,7,SYNTH
2026-04-21 14:05:02.275Z,1.0547,5,SYNTH
2026-04-21 14:05:03.667Z,1.0549,7,SYNTH
2026-04-21 14:05:04.267Z,1.0534,6,SYNTH
2026-04-21 14:05:05.813Z,1.0556,6,SYNTH
2026-04-21 14:05:06.762Z,1.0538,6,SYNTH
2026-04-21 14:05:07.085Z,1.0555,9,SYNTH
2026-04-21 14:05:08.190Z,1.0571,8,SYNTH
2026-04-21 14:05:09.436Z,1.0539,5,SYNTH
2026-04-21 14:05:10.037Z,1.0546,5,SYNTH
2026-04-21 14:05:11.511Z,1.0567,11,SYNTH
2026-04-21 14:05:12.262Z,1.0545,12,SYNTH
2026-04-21 14:05:13.228Z,1.0565,18,SYNTH
2026-04-21 14:05:14.287Z,1.0560,4,SYNTH
2026-04-21 14:05:15.267Z,1.0545,6,SYNTH
2026-04-21 14:05:16.742Z,1.0555,11,SYNTH
2026-04-21 14:05:17.287Z,1.0544,9,SYNTH
2026-04-21 14:05:18.566Z,1.0556,6,SYNTH
2026-04-21 14:05:19.324Z,1.0562,8,SYNTH
2026-04-21 14:05:20.490Z,1.0570,6,SYNTH
2026-04-21 14:05:21.453Z,1.0530,6,SYNTH
2026-04-21 14:05:22.264Z,1.0542,6,SYNTH
2026-04-21 14:05:23.681Z,1.0559,5,SYNTH
2026-04-21 14:05:24.678Z,1.0555,4,SYNTH
2026-04-21 14:05:25.182Z,1.0572,3,SYNTH
2026-04-21 14:05:26.215Z,1.0534,7,SYNTH
2026-04-21 14:05:27.339Z,1.0544,6,SYNTH
2026-04-21 14:05:28.877Z,1.0552,3,SYNTH
2026-04-21 14:05:29.854Z,1.0547,3,SYNTH
2026-04-21 14:05:30.777Z,1.0560,6,SYNTH
2026-04-21 14:05:31.560Z,1.0530,6,SYNTH
2026-04-21 14:05:32.157Z,1.0561,4,SYNTH
2026-04-21 14:05:33.784Z,1.0538,5,SYNTH
2026-04-21 14:05:34.213Z,1.0568,4,SYNTH
2026-04-21 14:05:35.559Z,1.0553,3,SYNTH
2026-04-21 14:05:36.435Z,1.0537,3,SYNTH
2026-04-21 14:05:37.250Z,1.0541,9,SYNTH
2026-04-21 14:05:38.888Z,1.0553,15,SYNTH
2026-04-21 14:05:39.678Z,1.0566,12,SYNTH
2026-04-21 14:05:40.366Z,1.0536,14,SYNTH
2026-04-21 14:05:41.433Z,1.0548,5,SYNTH
2026-04-21 14:05:42.500Z,1.0561,5,SYNTH
2026-04-21 14:05:43.063Z,1.0567,3,SYNTH
2026-04-21 14:05:44.804Z,1.0544,6,SYNTH
2026-04-21 14:05:45.532Z,1.0567,5,SYNTH
2026-04-21 14:05:46.643Z,1.0559,10,SYNTH
2026-04-21 14:05:47.495Z,1.0554,7,SYNTH
2026-04-21 14:05:48.710Z,1.0533,5,SYNTH
2026-04-21 14:05:49.174Z,1.0548,6,SYNTH
2026-04-21 14:05:50.255Z,1.0552,4,SYNTH
2026-04-21 14:05:51.124Z,1.0553,7,SYNTH
2026-04-21 14:05:52.861Z,1.0530,7,SYNTH
2026-04-21 14:05:53.741Z,1.0556,7,SYNTH
2026-04-21 14:05:54.443Z,1.0555,8,SYNTH
2026-04-21 14:05:55.769Z,1.0556,7,SYNTH
2026-04-21 14:05:56.465Z,1.0531,7,SYNTH
2026-04-21 14:05:57.765Z,1.0534,7,SYNTH
2026-04-21 14:05:58.380Z,1.0567,8,SYNTH
2026-04-21 14:05:59.789Z,1.0530,9,SYNTH
2026-04-21 14:06:00.159Z,1.0564,12,SYNTH
2026-04-21 14:06:01.813Z,1.0560,16,SYNTH
2026-04-21 14:06:02.249Z,1.0529,19,SYNTH
2026-04-21 14:06:03.549Z,1.0562,19,SYNTH
2026-04-21 14:06:04.288Z,1.0531,15,SYNTH
2026-04-21 14:06:05.745Z,1.0554,13,SYNTH
2026-04-21 14:06:06.029Z,1.0549,12,SYNTH
2026-04-21 14:06:07.544Z,1.0537,12,SYNTH
2026-04-21 14:06:08.323Z,1.0544,16,SYNTH
2026-04-21 14:06:09.548Z,1.0553,15,SYNTH
2026-04-21 14:06:10.692Z,1.0569,18,SYNTH
2026-04-21 14:06:11.882Z,1.0544,36,SYNTH
2026-04-21 14:06:12.077Z,1.0535,43,SYNTH
2026-04-21 14:06:13.344Z,1.0563,40,SYNTH
2026-04-21 14:06:14.625Z,1.0534,14,SYNTH
2026-04-21 14:06:15.852Z,1.0564,16,SYNTH
2026-04-21 14:06:16.557Z,1.0532,29,SYNTH
2026-04-21 14:06:17.322Z,1.0555,16,SYNTH
2026-04-21 14:06:18.688Z,1.0538,30,SYNTH
2026-04-21 14:06:19.637Z,1.0565,27,SYNTH
2026-04-21 14:06:20.623Z,1.0555,14,SYNTH
2026-04-21 14:06:21.675Z,1.0556,9,SYNTH
2026-04-21 14:06:22.888Z,1.0572,12,SYNTH
2026-04-21 14:06:23.669Z,1.0564,10,SYNTH
2026-04-21 14:06:24.559Z,1.0577,12,SYNTH
2026-04-21 14:06:25.346Z,1.0572,10,SYNTH
2026-04-21 14:06:26.280Z,1.0589,12,SYNTH
2026-04-21 14:06:27.682Z,1.0577,13,SYNTH
2026-04-21 14:06:28.260Z,1.0581,10,SYNTH
2026-04-21 14:06:29.153Z,1.0596,12,SYNTH
2026-04-21 14:06:30.576Z,1.0584,9,SYNTH
2026-04-21 14:06:31.342Z,1.0588,6,SYNTH
2026-04-21 14:06:32.469Z,1.0603,16,SYNTH
2026-04-21 14:06:33.774Z,1.0605,11,SYNTH
2026-04-21 14:06:34.738Z,1.0593,9,SYNTH
2026-04-21 14:06:35.465Z,1.0603,11,SYNTH
2026-04-21 14:06:36.529Z,1.0610,16,SYNTH
2026-04-21 14:06:37.412Z,1.0615,27,SYNTH
2026-04-21 14:06:38.291Z,1.0621,35,SYNTH
2026-04-21 14:06:39.869Z,1.0613,24,SYNTH
2026-04-21 14:06:40.806Z,1.0585,32,SYNTH
2026-04-21 14:06:41.348Z,1.0605,14,SYNTH
2026-04-21 14:06:42.530Z,1.0592,12,SYNTH
2026-04-21 14:06:43.886Z,1.0613,11,SYNTH
2026-04-21 14:06:44.742Z,1.0590,17,SYNTH
2026-04-21 14:06:45.249Z,1.0600,26,SYNTH
2026-04-21 14:06:46.275Z,1.0611,15,SYNTH
2026-04-21 14:06:47.354Z,1.0615,19,SYNTH
2026-04-21 14:06:48.709Z,1.0608,16,SYNTH
2026-04-21 14:06:49.583Z,1.0589,17,SYNTH
2026-04-21 14:06:50.407Z,1.0586,14,SYNTH
2026-04-21 14:06:51.245Z,1.0612,13,SYNTH
2026-04-21 14:06:52.642Z,1.0594,13,SYNTH
2026-04-21 14:06:53.771Z,1.0605,15,SYNTH
2026-04-21 14:06:54.434Z,1.0608,11,SYNTH
2026-04-21 14:06:55.678Z,1.0579,20,SYNTH
2026-04-21 14:06:56.115Z,1.0612,16,SYNTH
2026-04-21 14:06:57.616Z,1.0614,22,SYNTH
2026-04-21 14:06:58.762Z,1.0587,15,SYNTH
2026-04-21 14:06:59.303Z,1.0612,11,SYNTH
2026-04-21 14:07:00.158Z,1.0552,18,SYNTH
2026-04-21 14:07:01.101Z,1.0558,11,SYNTH
2026-04-21 14:07:02.619Z,1.0520,16,SYNTH
2026-04-21 14:07:03.387Z,1.0518,12,SYNTH
2026-04-21 14:07:04.033Z,1.0543,15,SYNTH
2026-04-21 14:07:05.457Z,1.0526,11,SYNTH
2026-04-21 14:07:06.829Z,1.0537,16,SYNTH
2026-04-21 14:07:07.214Z,1.0550,8,SYNTH
2026-04-21 14:07:08.433Z,1.0525,13,SYNTH
2026-04-21 14:07:09.233Z,1.0551,13,SYNTH
2026-04-21 14:07:10.570Z,1.0520,16,SYNTH
2026-04-21 14:07:11.513Z,1.0531,40,SYNTH
2026-04-21 14:07:12.530Z,1.0554,32,SYNTH
2026-04-21 14:07:13.588Z,1.0520,30,SYNTH
2026-04-21 14:07:14.709Z,1.0549,14,SYNTH
2026-04-21 14:07:15.249Z,1.0540,14,SYNTH
2026-04-21 14:07:16.522Z,1.0557,24,SYNTH
2026-04-21 14:07:17.624Z,1.0517,22,SYNTH
2026-04-21 14:07:18.293Z,1.0550,18,SYNTH
2026-04-21 14:07:19.395Z,1.0542,19,SYNTH
2026-04-21 14:07:20.018Z,1.0559,13,SYNTH
2026-04-21 14:07:21.337Z,1.0520,9,SYNTH
2026-04-21 14:07:22.388Z,1.0551,12,SYNTH
2026-04-21 14:07:23.433Z,1.0557,11,SYNTH
2026-04-21 14:07:24.604Z,1.0533,12,SYNTH
2026-04-21 14:07:25.284Z,1.0520,8,SYNTH
2026-04-21 14:07:26.674Z,1.0526,9,SYNTH
2026-04-21 14:07:27.355Z,1.0549,11,SYNTH
2026-04-21 14:07:28.895Z,1.0554,13,SYNTH
2026-04-21 14:07:29.164Z,1.0553,12,SYNTH
2026-04-21 14:07:30.028Z,1.0532,12,SYNTH
2026-04-21 14:07:31.630Z,1.0540,10,SYNTH
2026-04-21 14:07:32.371Z,1.0550,6,SYNTH
2026-04-21 14:07:33.545Z,1.0533,12,SYNTH
2026-04-21 14:07:34.828Z,1.0539,12,SYNTH
2026-04-21 14:07:35.543Z,1.0545,13,SYNTH
2026-04-21 14:07:36.858Z,1.0533,9,SYNTH
2026-04-21 14:07:37.060Z,1.0550,17,SYNTH
2026-04-21 14:07:38.872Z,1.0531,17,SYNTH
2026-04-21 14:07:39.563Z,1.0550,39,SYNTH
2026-04-21 14:07:40.364Z,1.0520,24,SYNTH
2026-04-21 14:07:41.796Z,1.0517,13,SYNTH
2026-04-21 14:07:42.618Z,1.0550,16,SYNTH
2026-04-21 14:07:43.120Z,1.0541,14,SYNTH
2026-04-21 14:07:44.080Z,1.0535,13,SYNTH
2026-04-21 14:07:45.563Z,1.0549,12,SYNTH
2026-04-21 14:07:46.608Z,1.0548,14,SYNTH
2026-04-21 14:07:47.885Z,1.0540,25,SYNTH
2026-04-21 14:07:48.104Z,1.0554,11,SYNTH
2026-04-21 14:07:49.449Z,1.0527,16,SYNTH
2026-04-21 14:07:50.556Z,1.0542,13,SYNTH
2026-04-21 14:07:51.765Z,1.0543,10,SYNTH
2026-04-21 14:07:52.178Z,1.0524,10,SYNTH
2026-04-21 14:07:53.713Z,1.0550,9,SYNTH
2026-04-21 14:07:54.642Z,1.0544,14,SYNTH
2026-04-21 14:07:55.371Z,1.0530,12,SYNTH
2026-04-21 14:07:56.499Z,1.0555,22,SYNTH
2026-04-21 14:07:57.450Z,1.0526,20,SYNTH
2026-04-21 14:07:58.790Z,1.0551,14,SYNTH
2026-04-21 14:07:59.278Z,1.0554,24,SYNTH
2026-04-21 14:08:00.566Z,1.0557,15,SYNTH
2026-04-21 14:08:01.739Z,1.0553,14,SYNTH
2026-04-21 14:08:02.167Z,1.0547,25,SYNTH
2026-04-21 14:08:03.216Z,1.0558,26,SYNTH
2026-04-21 14:08:04.710Z,1.0546,24,SYNTH
2026-04-21 14:08:05.263Z,1.0566,15,SYNTH
2026-04-21 14:08:06.082Z,1.0534,20,SYNTH
2026-04-21 14:08:07.154Z,1.0557,15,SYNTH
2026-04-21 14:08:08.776Z,1.0564,13,SYNTH
2026-04-21 14:08:09.437Z,1.0559,22,SYNTH
2026-04-21 14:08:10.628Z,1.0560,24,SYNTH
2026-04-21 14:08:11.875Z,1.0559,56,SYNTH
2026-04-21 14:08:12.871Z,1.0548,48,SYNTH
2026-04-21 14:08:13.423Z,1.0565,35,SYNTH
2026-04-21 14:08:14.413Z,1.0553,14,SYNTH
2026-04-21 14:08:15.121Z,1.0542,22,SYNTH
2026-04-21 14:08:16.620Z,1.0554,34,SYNTH
2026-04-21 14:08:17.377Z,1.0542,18,SYNTH
2026-04-21 14:08:18.668Z,1.0539,30,SYNTH
2026-04-21 14:08:19.174Z,1.0555,26,SYNTH
2026-04-21 14:08:20.535Z,1.0548,14,SYNTH
2026-04-21 14:08:21.713Z,1.0533,11,SYNTH
2026-04-21 14:08:22.687Z,1.0542,20,SYNTH
2026-04-21 14:08:23.598Z,1.0558,10,SYNTH
2026-04-21 14:08:24.815Z,1.0535,9,SYNTH
2026-04-21 14:08:25.687Z,1.0569,18,SYNTH
2026-04-21 14:08:26.387Z,1.0558,10,SYNTH
2026-04-21 14:08:27.267Z,1.0539,18,SYNTH
2026-04-21 14:08:28.836Z,1.0556,11,SYNTH
2026-04-21 14:08:29.518Z,1.0562,12,SYNTH
2026-04-21 14:08:30.026Z,1.0560,17,SYNTH
2026-04-21 14:08:31.638Z,1.0531,12,SYNTH
2026-04-21 14:08:32.000Z,1.0559,17,SYNTH
2026-04-21 14:08:33.518Z,1.0553,15,SYNTH
2026-04-21 14:08:34.650Z,1.0552,12,SYNTH
2026-04-21 14:08:35.702Z,1.0558,10,SYNTH
2026-04-21 14:08:36.021Z,1.0537,8,SYNTH
2026-04-21 14:08:37.516Z,1.0548,49,SYNTH
2026-04-21 14:08:38.811Z,1.0565,42,SYNTH
2026-04-21 14:08:39.413Z,1.0561,23,SYNTH
2026-04-21 14:08:40.729Z,1.0535,50,SYNTH
2026-04-21 14:08:41.037Z,1.0553,11,SYNTH
2026-04-21 14:08:42.848Z,1.0567,22,SYNTH
2026-04-21 14:08:43.206Z,1.0534,9,SYNTH
2026-04-21 14:08:44.179Z,1.0563,14,SYNTH
2026-04-21 14:08:45.139Z,1.0533,15,SYNTH
2026-04-21 14:08:46.739Z,1.0550,24,SYNTH
2026-04-21 14:08:47.008Z,1.0536,24,SYNTH
2026-04-21 14:08:48.691Z,1.0558,11,SYNTH
2026-04-21 14:08:49.533Z,1.0536,16,SYNTH
2026-04-21 14:08:50.482Z,1.0556,14,SYNTH
2026-04-21 14:08:51.687Z,1.0538,18,SYNTH
2026-04-21 14:08:52.741Z,1.0549,22,SYNTH
2026-04-21 14:08:53.332Z,1.0553,18,SYNTH
2026-04-21 14:08:54.578Z,1.0560,22,SYNTH
2026-04-21 14:08:55.278Z,1.0539,20,SYNTH
2026-04-21 14:08:56.000Z,1.0568,17,SYNTH
2026-04-21 14:08:57.157Z,1.0539,26,SYNTH
2026-04-21 14:08:58.492Z,1.0569,30,SYNTH
2026-04-21 14:08:59.608Z,1.0553,18,SYNTH
2026-04-21 14:09:00.307Z,1.0560,15,SYNTH
2026-04-21 14:09:01.400Z,1.0552,13,SYNTH
2026-04-21 14:09:02.135Z,1.0566,12,SYNTH
2026-04-21 14:09:03.619Z,1.0537,19,SYNTH
2026-04-21 14:09:04.516Z,1.0559,16,SYNTH
2026-04-21 14:09:05.815Z,1.0558,11,SYNTH
2026-04-21 14:09:06.318Z,1.0565,12,SYNTH
2026-04-21 14:09:07.497Z,1.0547,16,SYNTH
2026-04-21 14:09:08.445Z,1.0549,11,SYNTH
2026-04-21 14:09:09.680Z,1.0556,18,SYNTH
2026-04-21 14:09:10.825Z,1.0551,10,SYNTH
2026-04-21 14:09:11.187Z,1.0548,44,SYNTH
2026-04-21 14:09:12.394Z,1.0563,19,SYNTH
2026-04-21 14:09:13.371Z,1.0552,32,SYNTH
2026-04-21 14:09:14.876Z,1.0535,8,SYNTH
2026-04-21 14:09:15.612Z,1.0567,11,SYNTH
2026-04-21 14:09:16.687Z,1.0542,17,SYNTH
2026-04-21 14:09:17.056Z,1.0531,14,SYNTH
2026-04-21 14:09:18.460Z,1.0558,24,SYNTH
2026-04-21 14:09:19.485Z,1.0552,28,SYNTH
2026-04-21 14:09:20.269Z,1.0565,7,SYNTH
2026-04-21 14:09:21.243Z,1.0536,7,SYNTH
2026-04-21 14:09:22.497Z,1.0554,8,SYNTH
2026-04-21 14:09:23.872Z,1.0556,10,SYNTH
2026-04-21 14:09:24.352Z,1.0545,7,SYNTH
2026-04-21 14:09:25.444Z,1.0558,8,SYNTH
2026-04-21 14:09:26.470Z,1.0533,9,SYNTH
2026-04-21 14:09:27.033Z,1.0567,10,SYNTH
2026-04-21 14:09:28.510Z,1.0540,9,SYNTH
2026-04-21 14:09:29.421Z,1.0562,13,SYNTH
2026-04-21 14:09:30.576Z,1.0535,7,SYNTH
2026-04-21 14:09:31.674Z,1.0548,15,SYNTH
2026-04-21 14:09:32.337Z,1.0542,14,SYNTH
2026-04-21 14:09:33.842Z,1.0557,10,SYNTH
2026-04-21 14:09:34.772Z,1.0547,7,SYNTH
2026-04-21 14:09:35.145Z,1.0557,14,SYNTH
2026-04-21 14:09:36.818Z,1.0536,7,SYNTH
2026-04-21 14:09:37.101Z,1.0558,39,SYNTH
2026-04-21 14:09:38.401Z,1.0569,28,SYNTH
2026-04-21 14:09:39.683Z,1.0533,34,SYNTH
2026-04-21 14:09:40.382Z,1.0560,37,SYNTH
2026-04-21 14:09:41.308Z,1.0547,14,SYNTH
2026-04-21 14:09:42.556Z,1.0551,9,SYNTH
2026-04-21 14:09:43.717Z,1.0557,15,SYNTH
2026-04-21 14:09:44.405Z,1.0533,14,SYNTH
2026-04-21 14:09:45.596Z,1.0553,12,SYNTH
2026-04-21 14:09:46.216Z,1.0546,16,SYNTH
2026-04-21 14:09:47.211Z,1.0559,24,SYNTH
2026-04-21 14:09:48.111Z,1.0551,11,SYNTH
2026-04-21 14:09:49.489Z,1.0570,18,SYNTH
2026-04-21 14:09:50.602Z,1.0535,15,SYNTH
2026-04-21 14:09:51.467Z,1.0567,18,SYNTH
2026-04-21 14:09:52.641Z,1.0572,10,SYNTH
2026-04-21 14:09:53.585Z,1.0570,12,SYNTH
2026-04-21 14:09:54.047Z,1.0542,20,SYNTH
2026-04-21 14:09:55.730Z,1.0561,18,SYNTH
2026-04-21 14:09:56.295Z,1.0542,19,SYNTH
2026-04-21 14:09:57.116Z,1.0554,16,SYNTH
2026-04-21 14:09:58.399Z,1.0562,18,SYNTH
2026-04-21 14:09:59.561Z,1.0536,18,SYNTH
2026-04-21 14:11:00.280Z,1.0551,26,SYNTH
2026-04-21 14:11:01.345Z,1.0534,35,SYNTH
2026-04-21 14:11:02.876Z,1.0540,19,SYNTH
2026-04-21 14:11:03.173Z,1.0519,31,SYNTH
2026-04-21 14:11:04.120Z,1.0544,21,SYNTH
2026-04-21 14:11:05.689Z,1.0541,23,SYNTH
2026-04-21 14:11:06.793Z,1.0554,27,SYNTH
2026-04-21 14:11:07.205Z,1.0520,16,SYNTH
2026-04-21 14:11:08.603Z,1.0545,28,SYNTH
2026-04-21 14:11:09.711Z,1.0524,22,SYNTH
2026-04-21 14:11:10.357Z,1.0550,18,SYNTH
2026-04-21 14:11:11.121Z,1.0547,73,SYNTH
2026-04-21 14:11:12.708Z,1.0518,79,SYNTH
2026-04-21 14:11:13.749Z,1.0525,61,SYNTH
2026-04-21 14:11:14.084Z,1.0536,16,SYNTH
2026-04-21 14:11:15.399Z,1.0544,15,SYNTH
2026-04-21 14:11:16.525Z,1.0530,38,SYNTH
2026-04-21 14:11:17.690Z,1.0558,33,SYNTH
2026-04-21 14:11:18.519Z,1.0534,28,SYNTH
2026-04-21 14:11:19.467Z,1.0548,40,SYNTH
2026-04-21 14:11:20.707Z,1.0547,23,SYNTH
2026-04-21 14:11:21.477Z,1.0544,29,SYNTH
2026-04-21 14:11:22.513Z,1.0548,23,SYNTH
2026-04-21 14:11:23.505Z,1.0529,29,SYNTH
2026-04-21 14:11:24.232Z,1.0527,23,SYNTH
2026-04-21 14:11:25.759Z,1.0547,12,SYNTH
2026-04-21 14:11:26.201Z,1.0549,14,SYNTH
2026-04-21 14:11:27.496Z,1.0544,26,SYNTH
2026-04-21 14:11:28.505Z,1.0530,18,SYNTH
2026-04-21 14:11:29.373Z,1.0547,14,SYNTH
2026-04-21 14:11:30.799Z,1.0531,27,SYNTH
2026-04-21 14:11:31.336Z,1.0550,27,SYNTH
2026-04-21 14:11:32.605Z,1.0544,13,SYNTH
2026-04-21 14:11:33.686Z,1.0551,15,SYNTH
2026-04-21 14:11:34.481Z,1.0517,21,SYNTH
2026-04-21 14:11:35.732Z,1.0548,28,SYNTH
2026-04-21 14:11:36.032Z,1.0555,19,SYNTH
2026-04-21 14:11:37.219Z,1.0547,61,SYNTH
2026-04-21 14:11:38.018Z,1.0535,68,SYNTH
2026-04-21 14:11:39.738Z,1.0543,76,SYNTH
2026-04-21 14:11:40.209Z,1.0545,58,SYNTH
2026-04-21 14:11:41.484Z,1.0522,27,SYNTH
2026-04-21 14:11:42.683Z,1.0530,18,SYNTH
2026-04-21 14:11:43.057Z,1.0547,25,SYNTH
2026-04-21 14:11:44.217Z,1.0524,18,SYNTH
2026-04-21 14:11:45.093Z,1.0551,32,SYNTH
2026-04-21 14:11:46.387Z,1.0556,47,SYNTH
2026-04-21 14:11:47.503Z,1.0534,39,SYNTH
2026-04-21 14:11:48.563Z,1.0554,24,SYNTH
2026-04-21 14:11:49.347Z,1.0544,29,SYNTH
2026-04-21 14:11:50.646Z,1.0527,18,SYNTH
2026-04-21 14:11:51.360Z,1.0543,19,SYNTH
2026-04-21 14:11:52.097Z,1.0524,29,SYNTH
2026-04-21 14:11:53.060Z,1.0545,20,SYNTH
2026-04-21 14:11:54.080Z,1.0535,27,SYNTH
2026-04-21 14:11:55.107Z,1.0519,33,SYNTH
2026-04-21 14:11:56.377Z,1.0544,29,SYNTH
2026-04-21 14:11:57.115Z,1.0554,29,SYNTH
2026-04-21 14:11:58.612Z,1.0534,35,SYNTH
2026-04-21 14:11:59.260Z,1.0555,30,SYNTH
2026-04-21 14:13:00.101Z,1.0558,20,SYNTH
2026-04-21 14:13:01.865Z,1.0564,26,SYNTH
2026-04-21 14:13:02.412Z,1.0546,27,SYNTH
2026-04-21 14:13:03.882Z,1.0550,31,SYNTH
2026-04-21 14:13:04.376Z,1.0559,25,SYNTH
2026-04-21 14:13:05.724Z,1.0550,16,SYNTH
2026-04-21 14:13:06.399Z,1.0556,27,SYNTH
2026-04-21 14:13:07.130Z,1.0529,32,SYNTH
2026-04-21 14:13:08.498Z,1.0562,20,SYNTH
2026-04-21 14:13:09.386Z,1.0538,29,SYNTH
2026-04-21 14:13:10.356Z,1.0552,18,SYNTH
2026-04-21 14:13:11.628Z,1.0556,67,SYNTH
2026-04-21 14:13:12.111Z,1.0547,75,SYNTH
2026-04-21 14:13:13.256Z,1.0552,39,SYNTH
2026-04-21 14:13:14.455Z,1.0535,25,SYNTH
2026-04-21 14:13:15.286Z,1.0553,21,SYNTH
2026-04-21 14:13:16.843Z,1.0558,48,SYNTH
2026-04-21 14:13:17.086Z,1.0539,21,SYNTH
2026-04-21 14:13:18.251Z,1.0561,34,SYNTH
2026-04-21 14:13:19.701Z,1.0544,38,SYNTH
2026-04-21 14:13:20.322Z,1.0538,19,SYNTH
2026-04-21 14:13:21.271Z,1.0551,12,SYNTH
2026-04-21 14:13:22.443Z,1.0567,20,SYNTH
2026-04-21 14:13:23.883Z,1.0558,22,SYNTH
2026-04-21 14:13:24.635Z,1.0541,12,SYNTH
2026-04-21 14:13:25.855Z,1.0539,10,SYNTH
2026-04-21 14:13:26.257Z,1.0564,15,SYNTH
2026-04-21 14:13:27.877Z,1.0536,21,SYNTH
2026-04-21 14:13:28.098Z,1.0551,21,SYNTH
2026-04-21 14:13:29.377Z,1.0556,11,SYNTH
2026-04-21 14:13:30.408Z,1.0549,16,SYNTH
2026-04-21 14:13:31.433Z,1.0545,13,SYNTH
2026-04-21 14:13:32.669Z,1.0568,21,SYNTH
2026-04-21 14:13:33.088Z,1.0548,21,SYNTH
2026-04-21 14:13:34.795Z,1.0564,14,SYNTH
2026-04-21 14:13:35.380Z,1.0540,18,SYNTH
2026-04-21 14:13:36.593Z,1.0566,11,SYNTH
2026-04-21 14:13:37.770Z,1.0564,60,SYNTH
2026-04-21 14:13:38.769Z,1.0538,31,SYNTH
2026-04-21 14:13:39.567Z,1.0564,43,SYNTH
2026-04-21 14:13:40.542Z,1.0537,60,SYNTH
2026-04-21 14:13:41.498Z,1.0547,20,SYNTH
2026-04-21 14:13:42.232Z,1.0565,13,SYNTH
2026-04-21 14:13:43.871Z,1.0530,20,SYNTH
2026-04-21 14:13:44.296Z,1.0552,26,SYNTH
2026-04-21 14:13:45.578Z,1.0537,34,SYNTH
2026-04-21 14:13:46.078Z,1.0573,19,SYNTH
2026-04-21 14:13:47.263Z,1.0540,23,SYNTH
2026-04-21 14:13:48.245Z,1.0541,13,SYNTH
2026-04-21 14:13:49.130Z,1.0552,29,SYNTH
2026-04-21 14:13:50.576Z,1.0555,25,SYNTH
2026-04-21 14:13:51.166Z,1.0564,19,SYNTH
2026-04-21 14:13:52.892Z,1.0548,23,SYNTH
2026-04-21 14:13:53.468Z,1.0542,34,SYNTH
2026-04-21 14:13:54.751Z,1.0557,33,SYNTH
2026-04-21 14:13:55.102Z,1.0547,16,SYNTH
2026-04-21 14:13:56.574Z,1.0553,26,SYNTH
2026-04-21 14:13:57.550Z,1.0559,20,SYNTH
2026-04-21 14:13:58.498Z,1.0564,17,SYNTH
2026-04-21 14:13:59.590Z,1.0543,28,SYNTH
2026-04-21 14:14:00.706Z,1.0566,74,SYNTH
2026-04-21 14:14:01.878Z,1.0536,87,SYNTH
2026-04-21 14:14:02.591Z,1.0550,63,SYNTH
2026-04-21 14:14:03.810Z,1.0523,67,SYNTH
2026-04-21 14:14:04.780Z,1.0522,42,SYNTH
2026-04-21 14:14:05.171Z,1.0515,49,SYNTH
2026-04-21 14:14:06.664Z,1.0515,63,SYNTH
