TimestampUtc,Price,Size,Exchange
2026-03-09 13:30:00.706Z,0.7502,74,SYNTH
2026-03-09 13:30:01.794Z,0.7504,54,SYNTH
2026-03-09 13:30:02.777Z,0.7502,54,SYNTH
2026-03-09 13:30:03.653Z,0.7506,69,SYNTH
2026-03-09 13:30:04.439Z,0.7510,63,SYNTH
2026-03-09 13:30:05.700Z,0.7504,90,SYNTH
2026-03-09 13:30:06.272Z,0.7497,60,SYNTH
2026-03-09 13:30:07.390Z,0.7510,81,SYNTH
2026-03-09 13:30:08.147Z,0.7509,84,SYNTH
2026-03-09 13:30:09.095Z,0.7497,61,SYNTH
2026-03-09 13:30:10.046Z,0.7503,81,SYNTH
2026-03-09 13:30:11.406Z,0.7505,164,SYNTH
2026-03-09 13:30:12.618Z,0.7502,148,SYNTH
2026-03-09 13:30:13.592Z,0.7498,202,SYNTH
2026-03-09 13:30:14.826Z,0.7505,60,SYNTH
2026-03-09 13:30:15.699Z,0.7498,44,SYNTH
2026-03-09 13:30:16.345Z,0.7502,108,SYNTH
2026-03-09 13:30:17.111Z,0.7502,110,SYNTH
2026-03-09 13:30:18.563Z,0.7503,122,SYNTH
2026-03-09 13:30:19.836Z,0.7504,125,SYNTH
2026-03-09 13:30:20.498Z,0.7517,33,SYNTH
2026-03-09 13:30:21.554Z,0.7520,46,SYNTH
2026-03-09 13:30:22.268Z,0.7532,44,SYNTH
2026-03-09 13:30:23.893Z,0.7540,75,SYNTH
2026-03-09 13:30:24.335Z,0.7546,38,SYNTH
2026-03-09 13:30:25.085Z,0.7560,50,SYNTH
2026-03-09 13:30:26.557Z,0.7573,74,SYNTH
2026-03-09 13:30:27.392Z,0.7591,36,SYNTH
2026-03-09 13:30:28.090Z,0.7609,38,SYNTH
2026-03-09 13:30:29.672Z,0.7615,30,SYNTH
2026-03-09 13:30:30.220Z,0.7637,40,SYNTH
2026-03-09 13:30:31.668Z,0.7649,69,SYNTH
2026-03-09 13:30:32.869Z,0.7664,33,SYNTH
2026-03-09 13:30:33.176Z,0.7670,38,SYNTH
2026-03-09 13:30:34.296Z,0.7685,48,SYNTH
2026-03-09 13:30:35.616Z,0.7688,36,SYNTH
2026-03-09 13:30:36.480Z,0.7693,46,SYNTH
2026-03-09 13:30:37.088Z,0.7704,145,SYNTH
2026-03-09 13:30:38.615Z,0.7707,136,SYNTH
2026-03-09 13:30:39.115Z,0.7708,140,SYNTH
2026-03-09 13:30:40.382Z,0.7694,150,SYNTH
2026-03-09 13:30:41.183Z,0.7684,47,SYNTH
2026-03-09 13:30:42.378Z,0.7682,48,SYNTH
2026-03-09 13:30:43.170Z,0.7684,65,SYNTH
2026-03-09 13:30:44.279Z,0.7678,73,SYNTH
2026-03-09 13:30:45.472Z,0.7686,99,SYNTH
2026-03-09 13:30:46.430Z,0.7674,127,SYNTH
2026-03-09 13:30:47.588Z,0.7675,106,SYNTH
2026-03-09 13:30:48.147Z,0.7678,80,SYNTH
2026-03-09 13:30:49.434Z,0.7684,74,SYNTH
2026-03-09 13:30:50.086Z,0.7685,41,SYNTH
2026-03-09 13:30:51.209Z,0.7687,66,SYNTH
2026-03-09 13:30:52.026Z,0.7692,82,SYNTH
2026-03-09 13:30:53.723Z,0.7694,93,SYNTH
2026-03-09 13:30:54.616Z,0.7700,73,SYNTH
2026-03-09 13:30:55.439Z,0.7698,46,SYNTH
2026-03-09 13:30:56.356Z,0.7700,98,SYNTH
2026-03-09 13:30:57.767Z,0.7704,54,SYNTH
2026-03-09 13:30:58.578Z,0.7709,60,SYNTH
2026-03-09 13:30:59.474Z,0.7702,109,SYNTH
2026-03-09 13:31:00.275Z,0.7703,70,SYNTH
2026-03-09 13:31:01.868Z,0.7697,140,SYNTH
2026-03-09 13:31:02.291Z,0.7701,125,SYNTH
2026-03-09 13:31:03.833Z,0.7692,110,SYNTH
2026-03-09 13:31:04.208Z,0.7692,131,SYNTH
2026-03-09 13:31:05.757Z,0.7705,126,SYNTH
2026-03-09 13:31:06.415Z,0.7695,59,SYNTH
2026-03-09 13:31:07.504Z,0.7706,86,SYNTH
2026-03-09 13:31:08.691Z,0.7705,108,SYNTH
2026-03-09 13:31:09.770Z,0.7700,99,SYNTH
2026-03-09 13:31:10.215Z,0.7698,97,SYNTH
2026-03-09 13:31:11.271Z,0.7704,143,SYNTH
2026-03-09 13:31:12.167Z,0.7705,294,SYNTH
2026-03-09 13:31:13.051Z,0.7693,204,SYNTH
2026-03-09 13:31:14.814Z,0.7705,52,SYNTH
2026-03-09 13:31:15.130Z,0.7706,80,SYNTH
2026-03-09 13:31:16.641Z,0.7692,146,SYNTH
2026-03-09 13:31:17.214Z,0.7705,99,SYNTH
2026-03-09 13:31:18.018Z,0.7695,140,SYNTH
2026-03-09 13:31:19.698Z,0.7691,129,SYNTH
2026-03-09 13:31:20.454Z,0.7685,56,SYNTH
2026-03-09 13:31:21.734Z,0.7689,97,SYNTH
2026-03-09 13:31:22.102Z,0.7686,45,SYNTH
2026-03-09 13:31:23.747Z,0.7669,90,SYNTH
2026-03-09 13:31:24.694Z,0.7668,78,SYNTH
2026-03-09 13:31:25.855Z,0.7663,79,SYNTH
2026-03-09 13:31:26.614Z,0.7646,72,SYNTH
2026-03-09 13:31:27.122Z,0.7640,53,SYNTH
2026-03-09 13:31:28.425Z,0.7629,48,SYNTH
2026-03-09 13:31:29.642Z,0.7625,56,SYNTH
2026-03-09 13:31:30.233Z,0.7615,53,SYNTH
2026-03-09 13:31:31.131Z,0.7602,79,SYNTH
2026-03-09 13:31:32.837Z,0.7593,76,SYNTH
2026-03-09 13:31:33.574Z,0.7592,78,SYNTH
2026-03-09 13:31:34.172Z,0.7586,87,SYNTH
2026-03-09 13:31:35.390Z,0.7582,55,SYNTH
2026-03-09 13:31:36.410Z,0.7572,52,SYNTH
2026-03-09 13:31:37.143Z,0.7573,192,SYNTH
2026-03-09 13:31:38.354Z,0.7581,247,SYNTH
2026-03-09 13:31:39.569Z,0.7583,116,SYNTH
2026-03-09 13:31:40.861Z,0.7571,171,SYNTH
2026-03-09 13:31:41.605Z,0.7583,62,SYNTH
2026-03-09 13:31:42.654Z,0.7588,107,SYNTH
2026-03-09 13:31:43.177Z,0.7596,79,SYNTH
2026-03-09 13:31:44.119Z,0.7593,104,SYNTH
2026-03-09 13:31:45.020Z,0.7590,98,SYNTH
2026-03-09 13:31:46.649Z,0.7600,114,SYNTH
2026-03-09 13:31:47.327Z,0.7590,129,SYNTH
2026-03-09 13:31:48.892Z,0.7581,116,SYNTH
2026-03-09 13:31:49.545Z,0.7593,120,SYNTH
2026-03-09 13:31:50.032Z,0.7583,114,SYNTH
2026-03-09 13:31:51.192Z,0.7582,82,SYNTH
2026-03-09 13:31:52.849Z,0.7578,125,SYNTH
2026-03-09 13:31:53.890Z,0.7573,62,SYNTH
2026-03-09 13:31:54.289Z,0.7569,135,SYNTH
2026-03-09 13:31:55.362Z,0.7574,73,SYNTH
2026-03-09 13:31:56.376Z,0.7566,128,SYNTH
2026-03-09 13:31:57.176Z,0.7571,143,SYNTH
2026-03-09 13:31:58.350Z,0.7573,151,SYNTH
2026-03-09 13:31:59.679Z,0.7566,84,SYNTH
2026-03-09 13:34:00.517Z,0.7618,6,SYNTH
2026-03-09 13:34:01.049Z,0.7620,9,SYNTH
2026-03-09 13:34:02.104Z,0.7603,7,SYNTH
2026-03-09 13:34:03.692Z,0.7619,7,SYNTH
2026-03-09 13:34:04.309Z,0.7607,11,SYNTH
2026-03-09 13:34:05.265Z,0.7610,8,SYNTH
2026-03-09 13:34:06.307Z,0.7621,6,SYNTH
2026-03-09 13:34:07.789Z,0.7604,5,SYNTH
2026-03-09 13:34:08.630Z,0.7611,8,SYNTH
2026-03-09 13:34:09.702Z,0.7615,5,SYNTH
2026-03-09 13:34:10.136Z,0.7607,10,SYNTH
2026-03-09 13:34:11.151Z,0.7617,18,SYNTH
2026-03-09 13:34:12.286Z,0.7605,14,SYNTH
2026-03-09 13:34:13.796Z,0.7617,17,SYNTH
2026-03-09 13:34:14.370Z,0.7599,5,SYNTH
2026-03-09 13:34:15.620Z,0.7609,5,SYNTH
2026-03-09 13:34:16.860Z,0.7611,16,SYNTH
2026-03-09 13:34:17.358Z,0.7608,10,SYNTH
2026-03-09 13:34:18.244Z,0.7600,16,SYNTH
2026-03-09 13:34:19.537Z,0.7600,15,SYNTH
2026-03-09 13:34:20.359Z,0.7611,6,SYNTH
2026-03-09 13:34:21.846Z,0.7622,7,SYNTH
2026-03-09 13:34:22.217Z,0.7618,6,SYNTH
2026-03-09 13:34:23.296Z,0.7614,5,SYNTH
2026-03-09 13:34:24.659Z,0.7605,7,SYNTH
2026-03-09 13:34:25.010Z,0.7604,8,SYNTH
2026-03-09 13:34:26.725Z,0.7619,8,SYNTH
2026-03-09 13:34:27.685Z,0.7600,7,SYNTH
2026-03-09 13:34:28.707Z,0.7616,7,SYNTH
2026-03-09 13:34:29.831Z,0.7607,3,SYNTH
2026-03-09 13:34:30.101Z,0.7616,5,SYNTH
2026-03-09 13:34:31.133Z,0.7612,8,SYNTH
2026-03-09 13:34:32.088Z,0.7603,4,SYNTH
2026-03-09 13:34:33.849Z,0.7607,5,SYNTH
2026-03-09 13:34:34.547Z,0.7614,6,SYNTH
2026-03-09 13:34:35.248Z,0.7615,5,SYNTH
2026-03-09 13:34:36.216Z,0.7602,4,SYNTH
2026-03-09 13:34:37.864Z,0.7615,16,SYNTH
2026-03-09 13:34:38.721Z,0.7619,16,SYNTH
2026-03-09 13:34:39.332Z,0.7617,15,SYNTH
2026-03-09 13:34:40.690Z,0.7613,15,SYNTH
2026-03-09 13:34:41.287Z,0.7602,8,SYNTH
2026-03-09 13:34:42.211Z,0.7620,7,SYNTH
2026-03-09 13:34:43.101Z,0.7602,6,SYNTH
2026-03-09 13:34:44.382Z,0.7612,7,SYNTH
2026-03-09 13:34:45.411Z,0.7602,14,SYNTH
2026-03-09 13:34:46.253Z,0.7618,11,SYNTH
2026-03-09 13:34:47.898Z,0.7599,10,SYNTH
2026-03-09 13:34:48.398Z,0.7614,8,SYNTH
2026-03-09 13:34:49.139Z,0.7608,5,SYNTH
2026-03-09 13:34:50.537Z,0.7612,5,SYNTH
2026-03-09 13:34:51.885Z,0.7620,5,SYNTH
2026-03-09 13:34:52.587Z,0.7607,6,SYNTH
2026-03-09 13:34:53.304Z,0.7620,5,SYNTH
2026-03-09 13:34:54.177Z,0.7608,6,SYNTH
2026-03-09 13:34:55.804Z,0.7607,7,SYNTH
2026-03-09 13:34:56.650Z,0.7615,12,SYNTH
2026-03-09 13:34:57.298Z,0.7606,12,SYNTH
2026-03-09 13:34:58.617Z,0.7602,10,SYNTH
2026-03-09 13:34:59.503Z,0.7610,5,SYNTH
2026-03-09 13:37:00.734Z,0.7552,89,SYNTH
2026-03-09 13:37:01.035Z,0.7548,83,SYNTH
2026-03-09 13:37:02.037Z,0.7562,99,SYNTH
2026-03-09 13:37:03.649Z,0.7552,60,SYNTH
2026-03-09 13:37:04.746Z,0.7549,88,SYNTH
2026-03-09 13:37:05.550Z,0.7558,53,SYNTH
2026-03-09 13:37:06.174Z,0.7553,46,SYNTH
2026-03-09 13:37:07.825Z,0.7543,52,SYNTH
2026-03-09 13:37:08.567Z,0.7560,92,SYNTH
2026-03-09 13:37:09.358Z,0.7552,75,SYNTH
2026-03-09 13:37:10.696Z,0.7545,88,SYNTH
2026-03-09 13:37:11.231Z,0.7557,96,SYNTH
2026-03-09 13:37:12.566Z,0.7545,146,SYNTH
2026-03-09 13:37:13.108Z,0.7554,191,SYNTH
2026-03-09 13:37:14.178Z,0.7544,69,SYNTH
2026-03-09 13:37:15.248Z,0.7555,55,SYNTH
2026-03-09 13:37:16.562Z,0.7552,90,SYNTH
2026-03-09 13:37:17.527Z,0.7549,76,SYNTH
2026-03-09 13:37:18.656Z,0.7558,69,SYNTH
2026-03-09 13:37:19.101Z,0.7561,83,SYNTH
2026-03-09 13:37:20.350Z,0.7549,79,SYNTH
2026-03-09 13:37:21.187Z,0.7555,40,SYNTH
2026-03-09 13:37:22.829Z,0.7548,71,SYNTH
2026-03-09 13:37:23.386Z,0.7559,47,SYNTH
2026-03-09 13:37:24.552Z,0.7553,32,SYNTH
2026-03-09 13:37:25.847Z,0.7542,44,SYNTH
2026-03-09 13:37:26.793Z,0.7550,46,SYNTH
2026-03-09 13:37:27.597Z,0.7545,61,SYNTH
2026-03-09 13:37:28.322Z,0.7557,52,SYNTH
2026-03-09 13:37:29.047Z,0.7537,47,SYNTH
2026-03-09 13:37:30.519Z,0.7547,53,SYNTH
2026-03-09 13:37:31.230Z,0.7556,68,SYNTH
2026-03-09 13:37:32.101Z,0.7551,61,SYNTH
2026-03-09 13:37:33.047Z,0.7538,54,SYNTH
2026-03-09 13:37:34.286Z,0.7539,40,SYNTH
2026-03-09 13:37:35.723Z,0.7548,71,SYNTH
2026-03-09 13:37:36.418Z,0.7541,47,SYNTH
2026-03-09 13:37:37.853Z,0.7554,109,SYNTH
2026-03-09 13:37:38.364Z,0.7540,111,SYNTH
2026-03-09 13:37:39.294Z,0.7553,190,SYNTH
2026-03-09 13:37:40.701Z,0.7543,120,SYNTH
2026-03-09 13:37:41.195Z,0.7537,45,SYNTH
2026-03-09 13:37:42.204Z,0.7548,61,SYNTH
2026-03-09 13:37:43.375Z,0.7550,74,SYNTH
2026-03-09 13:37:44.830Z,0.7541,52,SYNTH
2026-03-09 13:37:45.001Z,0.7547,132,SYNTH
2026-03-09 13:37:46.572Z,0.7550,90,SYNTH
2026-03-09 13:37:47.114Z,0.7550,120,SYNTH
2026-03-09 13:37:48.561Z,0.7540,64,SYNTH
2026-03-09 13:37:49.722Z,0.7547,39,SYNTH
2026-03-09 13:37:50.158Z,0.7556,66,SYNTH
2026-03-09 13:37:51.716Z,0.7545,94,SYNTH
2026-03-09 13:37:52.493Z,0.7543,66,SYNTH
2026-03-09 13:37:53.732Z,0.7536,94,SYNTH
2026-03-09 13:37:54.153Z,0.7552,92,SYNTH
2026-03-09 13:37:55.555Z,0.7555,70,SYNTH
2026-03-09 13:37:56.079Z,0.7533,90,SYNTH
2026-03-09 13:37:57.255Z,0.7551,76,SYNTH
2026-03-09 13:37:58.466Z,0.7541,62,SYNTH
2026-03-09 13:37:59.855Z,0.7552,77,SYNTH
2026-03-09 13:38:00.233Z,0.7512,41,SYNTH
2026-03-09 13:38:01.811Z,0.7504,53,SYNTH
2026-03-09 13:38:02.014Z,0.7512,46,SYNTH
2026-03-09 13:38:03.304Z,0.7521,34,SYNTH
2026-03-09 13:38:04.771Z,0.7511,41,SYNTH
2026-03-09 13:38:05.173Z,0.7514,39,SYNTH
2026-03-09 13:38:06.801Z,0.7515,48,SYNTH
2026-03-09 13:38:07.416Z,0.7502,57,SYNTH
2026-03-09 13:38:08.668Z,0.7520,60,SYNTH
2026-03-09 13:38:09.638Z,0.7517,48,SYNTH
2026-03-09 13:38:10.339Z,0.7519,56,SYNTH
2026-03-09 13:38:11.530Z,0.7509,120,SYNTH
2026-03-09 13:38:12.382Z,0.7517,117,SYNTH
2026-03-09 13:38:13.501Z,0.7507,76,SYNTH
2026-03-09 13:38:14.463Z,0.7513,35,SYNTH
2026-03-09 13:38:15.195Z,0.7515,53,SYNTH
2026-03-09 13:38:16.611Z,0.7509,96,SYNTH
2026-03-09 13:38:17.488Z,0.7519,46,SYNTH
2026-03-09 13:38:18.565Z,0.7508,56,SYNTH
2026-03-09 13:38:19.837Z,0.7515,81,SYNTH
2026-03-09 13:38:20.333Z,0.7510,43,SYNTH
2026-03-09 13:38:21.704Z,0.7503,43,SYNTH
2026-03-09 13:38:22.788Z,0.7515,34,SYNTH
2026-03-09 13:38:23.716Z,0.7500,47,SYNTH
2026-03-09 13:38:24.684Z,0.7514,45,SYNTH
2026-03-09 13:38:25.813Z,0.7516,45,SYNTH
2026-03-09 13:38:26.423Z,0.7509,20,SYNTH
2026-03-09 13:38:27.028Z,0.7514,30,SYNTH
2026-03-09 13:38:28.220Z,0.7522,26,SYNTH
2026-03-09 13:38:29.439Z,0.7511,40,SYNTH
2026-03-09 13:38:30.539Z,0.7516,33,SYNTH
2026-03-09 13:38:31.365Z,0.7512,48,SYNTH
2026-03-09 13:38:32.426Z,0.7521,33,SYNTH
2026-03-09 13:38:33.051Z,0.7501,28,SYNTH
2026-03-09 13:38:34.690Z,0.7519,43,SYNTH
2026-03-09 13:38:35.038Z,0.7519,47,SYNTH
2026-03-09 13:38:36.008Z,0.7509,47,SYNTH
2026-03-09 13:38:37.552Z,0.7505,120,SYNTH
2026-03-09 13:38:38.820Z,0.7519,77,SYNTH
2026-03-09 13:38:39.273Z,0.7508,102,SYNTH
2026-03-09 13:38:40.872Z,0.7513,100,SYNTH
2026-03-09 13:38:41.491Z,0.7505,33,SYNTH
2026-03-09 13:38:42.615Z,0.7499,43,SYNTH
2026-03-09 13:38:43.471Z,0.7515,47,SYNTH
2026-03-09 13:38:44.039Z,0.7516,26,SYNTH
2026-03-09 13:38:45.820Z,0.7505,82,SYNTH
2026-03-09 13:38:46.553Z,0.7516,35,SYNTH
2026-03-09 13:38:47.570Z,0.7512,54,SYNTH
2026-03-09 13:38:48.543Z,0.7519,26,SYNTH
2026-03-09 13:38:49.305Z,0.7501,56,SYNTH
2026-03-09 13:38:50.264Z,0.7519,52,SYNTH
2026-03-09 13:38:51.897Z,0.7515,37,SYNTH
2026-03-09 13:38:52.576Z,0.7510,46,SYNTH
2026-03-09 13:38:53.294Z,0.7515,30,SYNTH
2026-03-09 13:38:54.819Z,0.7519,60,SYNTH
2026-03-09 13:38:55.840Z,0.7522,47,SYNTH
2026-03-09 13:38:56.670Z,0.7503,30,SYNTH
2026-03-09 13:38:57.618Z,0.7518,50,SYNTH
2026-03-09 13:38:58.110Z,0.7517,41,SYNTH
2026-03-09 13:38:59.407Z,0.7506,51,SYNTH
2026-03-09 13:39:00.035Z,0.7518,180,SYNTH
2026-03-09 13:39:01.421Z,0.7505,265,SYNTH
2026-03-09 13:39:02.009Z,0.7505,168,SYNTH
2026-03-09 13:39:03.245Z,0.7505,245,SYNTH
2026-03-09 13:39:04.667Z,0.7520,163,SYNTH
2026-03-09 13:39:05.820Z,0.7508,234,SYNTH
2026-03-09 13:39:06.572Z,0.7518,116,SYNTH
2026-03-09 13:39:07.680Z,0.7515,226,SYNTH
2026-03-09 13:39:08.022Z,0.7502,199,SYNTH
2026-03-09 13:39:09.038Z,0.7522,206,SYNTH
2026-03-09 13:39:10.658Z,0.7503,92,SYNTH
2026-03-09 13:39:11.574Z,0.7520,408,SYNTH
2026-03-09 13:39:12.605Z,0.7509,376,SYNTH
2026-03-09 13:39:13.016Z,0.7508,506,SYNTH
2026-03-09 13:39:14.432Z,0.7516,205,SYNTH
2026-03-09 13:39:15.209Z,0.7519,142,SYNTH
2026-03-09 13:39:16.643Z,0.7514,344,SYNTH
2026-03-09 13:39:17.272Z,0.7501,351,SYNTH
2026-03-09 13:39:18.797Z,0.7515,228,SYNTH
2026-03-09 13:39:19.205Z,0.7513,221,SYNTH
2026-03-09 13:39:20.836Z,0.7505,80,SYNTH
2026-03-09 13:39:21.386Z,0.7500,133,SYNTH
2026-03-09 13:39:22.490Z,0.7509,184,SYNTH
2026-03-09 13:39:23.010Z,0.7503,170,SYNTH
2026-03-09 13:39:24.258Z,0.7517,150,SYNTH
2026-03-09 13:39:25.871Z,0.7513,108,SYNTH
2026-03-09 13:39:26.587Z,0.7506,163,SYNTH
2026-03-09 13:39:27.639Z,0.7503,73,SYNTH
2026-03-09 13:39:28.756Z,0.7512,171,SYNTH
2026-03-09 13:39:29.807Z,0.7499,93,SYNTH
2026-03-09 13:39:30.008Z,0.7513,89,SYNTH
2026-03-09 13:39:31.526Z,0.7497,130,SYNTH
2026-03-09 13:39:32.128Z,0.7507,125,SYNTH
2026-03-09 13:39:33.496Z,0.7495,116,SYNTH
2026-03-09 13:39:34.573Z,0.7508,158,SYNTH
2026-03-09 13:39:35.699Z,0.7500,135,SYNTH
2026-03-09 13:39:36.253Z,0.7505,126,SYNTH
2026-03-09 13:39:37.742Z,0.7491,321,SYNTH
2026-03-09 13:39:38.313Z,0.7507,445,SYNTH
2026-03-09 13:39:39.245Z,0.7489,418,SYNTH
2026-03-09 13:39:40.182Z,0.7509,441,SYNTH
2026-03-09 13:39:41.407Z,0.7504,166,SYNTH
2026-03-09 13:39:42.047Z,0.7493,124,SYNTH
2026-03-09 13:39:43.659Z,0.7506,128,SYNTH
2026-03-09 13:39:44.578Z,0.7512,161,SYNTH
2026-03-09 13:39:45.747Z,0.7507,142,SYNTH
2026-03-09 13:39:46.864Z,0.7500,240,SYNTH
2026-03-09 13:39:47.167Z,0.7499,216,SYNTH
2026-03-09 13:39:48.066Z,0.7502,190,SYNTH
2026-03-09 13:39:49.142Z,0.7512,123,SYNTH
2026-03-09 13:39:50.597Z,0.7507,158,SYNTH
2026-03-09 13:39:51.615Z,0.7492,130,SYNTH
2026-03-09 13:39:52.479Z,0.7505,204,SYNTH
2026-03-09 13:39:53.665Z,0.7506,132,SYNTH
2026-03-09 13:39:54.728Z,0.7511,139,SYNTH
2026-03-09 13:39:55.511Z,0.7503,238,SYNTH
2026-03-09 13:39:56.412Z,0.7512,254,SYNTH
2026-03-09 13:39:57.726Z,0.7506,188,SYNTH
2026-03-09 13:39:58.336Z,0.7511,139,SYNTH
2026-03-09 13:39:59.230Z,0.7501,124,SYNTH
2026-03-09 13:40:00.586Z,0.7512,24,SYNTH
2026-03-09 13:40:01.073Z,0.7512,23,SYNTH
2026-03-09 13:40:02.851Z,0.7503,14,SYNTH
2026-03-09 13:40:03.372Z,0.7509,21,SYNTH
2026-03-09 13:40:04.220Z,0.7511,19,SYNTH
2026-03-09 13:40:05.845Z,0.7509,17,SYNTH
2026-03-09 13:40:06.291Z,0.7513,12,SYNTH
2026-03-09 13:40:07.639Z,0.7503,13,SYNTH
2026-03-09 13:40:08.213Z,0.7516,14,SYNTH
2026-03-09 13:40:09.150Z,0.7509,18,SYNTH
2026-03-09 13:40:10.835Z,0.7503,21,SYNTH
2026-03-09 13:40:11.120Z,0.7513,29,SYNTH
2026-03-09 13:40:12.570Z,0.7498,31,SYNTH
2026-03-09 13:40:13.890Z,0.7497,46,SYNTH
2026-03-09 13:40:14.173Z,0.7518,16,SYNTH
2026-03-09 13:40:15.236Z,0.7499,18,SYNTH
2026-03-09 13:40:16.561Z,0.7509,35,SYNTH
2026-03-09 13:40:17.326Z,0.7510,38,SYNTH
2026-03-09 13:40:18.347Z,0.7516,29,SYNTH
2026-03-09 13:40:19.613Z,0.7515,28,SYNTH
2026-03-09 13:40:20.204Z,0.7517,18,SYNTH
2026-03-09 13:40:21.262Z,0.7501,18,SYNTH
2026-03-09 13:40:22.142Z,0.7518,17,SYNTH
2026-03-09 13:40:23.813Z,0.7505,11,SYNTH
2026-03-09 13:40:24.122Z,0.7517,9,SYNTH
2026-03-09 13:40:25.781Z,0.7514,14,SYNTH
2026-03-09 13:40:26.228Z,0.7523,16,SYNTH
2026-03-09 13:40:27.787Z,0.7511,19,SYNTH
2026-03-09 13:40:28.764Z,0.7516,19,SYNTH
2026-03-09 13:40:29.065Z,0.7514,15,SYNTH
2026-03-09 13:40:30.768Z,0.7521,8,SYNTH
2026-03-09 13:40:31.281Z,0.7518,16,SYNTH
2026-03-09 13:40:32.652Z,0.7521,12,SYNTH
2026-03-09 13:40:33.136Z,0.7508,17,SYNTH
2026-03-09 13:40:34.682Z,0.7530,8,SYNTH
2026-03-09 13:40:35.161Z,0.7515,10,SYNTH
2026-03-09 13:40:36.833Z,0.7525,17,SYNTH
2026-03-09 13:40:37.800Z,0.7516,39,SYNTH
2026-03-09 13:40:38.107Z,0.7522,25,SYNTH
2026-03-09 13:40:39.808Z,0.7532,23,SYNTH
2026-03-09 13:40:40.061Z,0.7524,45,SYNTH
2026-03-09 13:40:41.355Z,0.7527,13,SYNTH
2026-03-09 13:40:42.132Z,0.7510,19,SYNTH
2026-03-09 13:40:43.152Z,0.7524,20,SYNTH
2026-03-09 13:40:44.680Z,0.7519,16,SYNTH
2026-03-09 13:40:45.328Z,0.7531,32,SYNTH
2026-03-09 13:40:46.703Z,0.7516,20,SYNTH
2026-03-09 13:40:47.561Z,0.7508,19,SYNTH
2026-03-09 13:40:48.637Z,0.7524,12,SYNTH
2026-03-09 13:40:49.177Z,0.7508,20,SYNTH
2026-03-09 13:40:50.496Z,0.7509,15,SYNTH
2026-03-09 13:40:51.346Z,0.7526,12,SYNTH
2026-03-09 13:40:52.580Z,0.7526,14,SYNTH
2026-03-09 13:40:53.651Z,0.7512,14,SYNTH
2026-03-09 13:40:54.459Z,0.7511,18,SYNTH
2026-03-09 13:40:55.477Z,0.7511,25,SYNTH
2026-03-09 13:40:56.027Z,0.7507,25,SYNTH
2026-03-09 13:40:57.518Z,0.7517,26,SYNTH
2026-03-09 13:40:58.772Z,0.7519,19,SYNTH
2026-03-09 13:40:59.228Z,0.7511,29,SYNTH
2026-03-09 13:41:00.243Z,0.7512,5,SYNTH
2026-03-09 13:41:01.473Z,0.7517,7,SYNTH
2026-03-09 13:41:02.730Z,0.7503,5,SYNTH
2026-03-09 13:41:03.442Z,0.7507,5,SYNTH
2026-03-09 13:41:04.787Z,0.7495,7,SYNTH
2026-03-09 13:41:05.305Z,0.7509,3,SYNTH
2026-03-09 13:41:06.377Z,0.7499,5,SYNTH
2026-03-09 13:41:07.615Z,0.7508,6,SYNTH
2026-03-09 13:41:08.388Z,0.7510,5,SYNTH
2026-03-09 13:41:09.615Z,0.7504,5,SYNTH
2026-03-09 13:41:10.637Z,0.7496,6,SYNTH
2026-03-09 13:41:11.798Z,0.7498,8,SYNTH
2026-03-09 13:41:12.771Z,0.7512,12,SYNTH
2026-03-09 13:41:13.333Z,0.7506,12,SYNTH
2026-03-09 13:41:14.514Z,0.7501,2,SYNTH
2026-03-09 13:41:15.403Z,0.7511,3,SYNTH
2026-03-09 13:41:16.176Z,0.7513,4,SYNTH
2026-03-09 13:41:17.427Z,0.7500,7,SYNTH
2026-03-09 13:41:18.819Z,0.7508,6,SYNTH
2026-03-09 13:41:19.784Z,0.7516,6,SYNTH
2026-03-09 13:41:20.861Z,0.7499,3,SYNTH
2026-03-09 13:41:21.642Z,0.7501,3,SYNTH
2026-03-09 13:41:22.499Z,0.7507,2,SYNTH
2026-03-09 13:41:23.143Z,0.7495,4,SYNTH
2026-03-09 13:41:24.701Z,0.7509,2,SYNTH
2026-03-09 13:41:25.454Z,0.7504,2,SYNTH
2026-03-09 13:41:26.037Z,0.7499,5,SYNTH
2026-03-09 13:41:27.470Z,0.7514,3,SYNTH
2026-03-09 13:41:28.418Z,0.7514,5,SYNTH
2026-03-09 13:41:29.292Z,0.7507,5,SYNTH
2026-03-09 13:41:30.534Z,0.7508,2,SYNTH
2026-03-09 13:41:31.388Z,0.7502,3,SYNTH
2026-03-09 13:41:32.271Z,0.7511,4,SYNTH
2026-03-09 13:41:33.053Z,0.7500,5,SYNTH
2026-03-09 13:41:34.865Z,0.7513,3,SYNTH
2026-03-09 13:41:35.107Z,0.7503,2,SYNTH
2026-03-09 13:41:36.460Z,0.7509,3,SYNTH
2026-03-09 13:41:37.599Z,0.7506,11,SYNTH
2026-03-09 13:41:38.216Z,0.7511,5,SYNTH
2026-03-09 13:41:39.794Z,0.7516,10,SYNTH
2026-03-09 13:41:40.217Z,0.7509,11,SYNTH
2026-03-09 13:41:41.677Z,0.7506,4,SYNTH
2026-03-09 13:41:42.399Z,0.7496,2,SYNTH
2026-03-09 13:41:43.097Z,0.7517,4,SYNTH
2026-03-09 13:41:44.675Z,0.7500,4,SYNTH
2026-03-09 13:41:45.239Z,0.7503,4,SYNTH
2026-03-09 13:41:46.636Z,0.7511,4,SYNTH
2026-03-09 13:41:47.555Z,0.7511,6,SYNTH
2026-03-09 13:41:48.449Z,0.7500,3,SYNTH
2026-03-09 13:41:49.771Z,0.7510,6,SYNTH
2026-03-09 13:41:50.291Z,0.7496,6,SYNTH
2026-03-09 13:41:51.009Z,0.7515,5,SYNTH
2026-03-09 13:41:52.508Z,0.7497,6,SYNTH
2026-03-09 13:41:53.066Z,0.7510,4,SYNTH
2026-03-09 13:41:54.160Z,0.7498,4,SYNTH
2026-03-09 13:41:55.746Z,0.7513,3,SYNTH
2026-03-09 13:41:56.883Z,0.7499,6,SYNTH
2026-03-09 13:41:57.834Z,0.7510,7,SYNTH
2026-03-09 13:41:58.791Z,0.7516,4,SYNTH
2026-03-09 13:41:59.336Z,0.7501,7,SYNTH
2026-03-09 13:42:00.675Z,0.7530,16,SYNTH
2026-03-09 13:42:01.875Z,0.7529,13,SYNTH
2026-03-09 13:42:02.498Z,0.7513,8,SYNTH
2026-03-09 13:42:03.781Z,0.7523,10,SYNTH
2026-03-09 13:42:04.159Z,0.7517,9,SYNTH
2026-03-09 13:42:05.227Z,0.7517,13,SYNTH
2026-03-09 13:42:06.503Z,0.7520,14,SYNTH
2026-03-09 13:42:07.841Z,0.7513,14,SYNTH
2026-03-09 13:42:08.124Z,0.7519,9,SYNTH
2026-03-09 13:42:09.186Z,0.7511,10,SYNTH
2026-03-09 13:42:10.855Z,0.7520,11,SYNTH
2026-03-09 13:42:11.067Z,0.7508,25,SYNTH
2026-03-09 13:42:12.168Z,0.7518,31,SYNTH
2026-03-09 13:42:13.496Z,0.7519,21,SYNTH
2026-03-09 13:42:14.217Z,0.7513,7,SYNTH
2026-03-09 13:42:15.473Z,0.7519,6,SYNTH
2026-03-09 13:42:16.226Z,0.7523,10,SYNTH
2026-03-09 13:42:17.564Z,0.7517,13,SYNTH
2026-03-09 13:42:18.722Z,0.7521,16,SYNTH
2026-03-09 13:42:19.372Z,0.7524,19,SYNTH
2026-03-09 13:42:20.376Z,0.7509,9,SYNTH
2026-03-09 13:42:21.139Z,0.7524,9,SYNTH
2026-03-09 13:42:22.385Z,0.7521,9,SYNTH
2026-03-09 13:42:23.633Z,0.7524,8,SYNTH
2026-03-09 13:42:24.226Z,0.7523,9,SYNTH
2026-03-09 13:42:25.774Z,0.7524,9,SYNTH
2026-03-09 13:42:26.171Z,0.7520,5,SYNTH
2026-03-09 13:42:27.315Z,0.7516,5,SYNTH
2026-03-09 13:42:28.777Z,0.7525,9,SYNTH
2026-03-09 13:42:29.579Z,0.7527,7,SYNTH
2026-03-09 13:42:30.410Z,0.7525,8,SYNTH
2026-03-09 13:42:31.852Z,0.7529,9,SYNTH
2026-03-09 13:42:32.597Z,0.7518,5,SYNTH
2026-03-09 13:42:33.270Z,0.7524,5,SYNTH
2026-03-09 13:42:34.029Z,0.7521,5,SYNTH
2026-03-09 13:42:35.378Z,0.7533,7,SYNTH
2026-03-09 13:42:36.103Z,0.7525,8,SYNTH
2026-03-09 13:42:37.199Z,0.7525,18,SYNTH
2026-03-09 13:42:38.550Z,0.7514,26,SYNTH
2026-03-09 13:42:39.022Z,0.7516,27,SYNTH
2026-03-09 13:42:40.055Z,0.7531,23,SYNTH
2026-03-09 13:42:41.500Z,0.7526,10,SYNTH
2026-03-09 13:42:42.219Z,0.7530,7,SYNTH
2026-03-09 13:42:43.704Z,0.7518,9,SYNTH
2026-03-09 13:42:44.093Z,0.7529,9,SYNTH
2026-03-09 13:42:45.755Z,0.7522,14,SYNTH
2026-03-09 13:42:46.296Z,0.7533,13,SYNTH
2026-03-09 13:42:47.147Z,0.7531,12,SYNTH
2026-03-09 13:42:48.057Z,0.7522,9,SYNTH
2026-03-09 13:42:49.890Z,0.7527,12,SYNTH
2026-03-09 13:42:50.198Z,0.7516,12,SYNTH
2026-03-09 13:42:51.282Z,0.7533,9,SYNTH
2026-03-09 13:42:52.475Z,0.7533,6,SYNTH
2026-03-09 13:42:53.293Z,0.7528,8,SYNTH
2026-03-09 13:42:54.811Z,0.7516,10,SYNTH
2026-03-09 13:42:55.017Z,0.7530,8,SYNTH
2026-03-09 13:42:56.468Z,0.7520,15,SYNTH
2026-03-09 13:42:57.049Z,0.7530,12,SYNTH
2026-03-09 13:42:58.620Z,0.7513,12,SYNTH
2026-03-09 13:42:59.628Z,0.7530,12,SYNTH
2026-03-09 13:43:00.120Z,0.7531,3,SYNTH
2026-03-09 13:43:01.827Z,0.7527,4,SYNTH
2026-03-09 13:43:02.667Z,0.7536,5,SYNTH
2026-03-09 13:43:03.285Z,0.7536,3,SYNTH
2026-03-09 13:43:04.535Z,0.7529,3,SYNTH
2026-03-09 13:43:05.361Z,0.7531,4,SYNTH
2026-03-09 13:43:06.100Z,0.7533,4,SYNTH
2026-03-09 13:43:07.044Z,0.7526,3,SYNTH
2026-03-09 13:43:08.137Z,0.7536,4,SYNTH
2026-03-09 13:43:09.066Z,0.7520,3,SYNTH
2026-03-09 13:43:10.782Z,0.7539,2,SYNTH
2026-03-09 13:43:11.628Z,0.7525,8,SYNTH
2026-03-09 13:43:12.520Z,0.7537,6,SYNTH
2026-03-09 13:43:13.464Z,0.7523,9,SYNTH
2026-03-09 13:43:14.341Z,0.7534,3,SYNTH
2026-03-09 13:43:15.111Z,0.7541,2,SYNTH
2026-03-09 13:43:16.699Z,0.7523,6,SYNTH
2026-03-09 13:43:17.480Z,0.7537,3,SYNTH
2026-03-09 13:43:18.758Z,0.7520,3,SYNTH
2026-03-09 13:43:19.158Z,0.7533,4,SYNTH
2026-03-09 13:43:20.503Z,0.7529,3,SYNTH
2026-03-09 13:43:21.507Z,0.7537,2,SYNTH
2026-03-09 13:43:22.732Z,0.7520,2,SYNTH
2026-03-09 13:43:23.351Z,0.7531,3,SYNTH
2026-03-09 13:43:24.602Z,0.7539,2,SYNTH
2026-03-09 13:43:25.123Z,0.7523,1,SYNTH
2026-03-09 13:43:26.832Z,0.7522,3,SYNTH
2026-03-09 13:43:27.457Z,0.7537,2,SYNTH
2026-03-09 13:43:28.885Z,0.7527,2,SYNTH
2026-03-09 13:43:29.354Z,0.7536,2,SYNTH
2026-03-09 13:43:30.000Z,0.7535,1,SYNTH
2026-03-09 13:43:31.184Z,0.7524,2,SYNTH
2026-03-09 13:43:32.561Z,0.7535,2,SYNTH
2026-03-09 13:43:33.763Z,0.7537,2,SYNTH
2026-03-09 13:43:34.113Z,0.7520,2,SYNTH
2026-03-09 13:43:35.890Z,0.7534,3,SYNTH
2026-03-09 13:43:36.565Z,0.7535,3,SYNTH
2026-03-09 13:43:37.453Z,0.7533,7,SYNTH
2026-03-09 13:43:38.594Z,0.7520,4,SYNTH
2026-03-09 13:43:39.310Z,0.7529,6,SYNTH
2026-03-09 13:43:40.651Z,0.7536,8,SYNTH
2026-03-09 13:43:41.704Z,0.7534,2,SYNTH
2026-03-09 13:43:42.103Z,0.7518,2,SYNTH
2026-03-09 13:43:43.537Z,0.7531,2,SYNTH
2026-03-09 13:43:44.405Z,0.7538,3,SYNTH
2026-03-09 13:43:45.214Z,0.7538,4,SYNTH
2026-03-09 13:43:46.396Z,0.7537,4,SYNTH
2026-03-09 13:43:47.086Z,0.7537,4,SYNTH
2026-03-09 13:43:48.193Z,0.7520,3,SYNTH
2026-03-09 13:43:49.843Z,0.7535,3,SYNTH
2026-03-09 13:43:50.513Z,0.7523,2,SYNTH
2026-03-09 13:43:51.073Z,0.7534,4,SYNTH
2026-03-09 13:43:52.413Z,0.7519,4,SYNTH
2026-03-09 13:43:53.699Z,0.7538,2,SYNTH
2026-03-09 13:43:54.394Z,0.7540,3,SYNTH
2026-03-09 13:43:55.895Z,0.7528,5,SYNTH
2026-03-09 13:43:56.037Z,0.7533,4,SYNTH
2026-03-09 13:43:57.694Z,0.7536,3,SYNTH
2026-03-09 13:43:58.283Z,0.7520,3,SYNTH
2026-03-09 13:43:59.116Z,0.7532,3,SYNTH
2026-03-09 13:44:00.564Z,0.7538,5,SYNTH
2026-03-09 13:44:01.188Z,0.7530,4,SYNTH
2026-03-09 13:44:02.432Z,0.7524,4,SYNTH
2026-03-09 13:44:03.020Z,0.7528,5,SYNTH
2026-03-09 13:44:04.838Z,0.7530,3,SYNTH
2026-03-09 13:44:05.183Z,0.7525,5,SYNTH
2026-03-09 13:44:06.173Z,0.7533,3,SYNTH
2026-03-09 13:44:07.726Z,0.7529,4,SYNTH
2026-03-09 13:44:08.003Z,0.7535,3,SYNTH
2026-03-09 13:44:09.032Z,0.7529,3,SYNTH
2026-03-09 13:44:10.726Z,0.7519,3,SYNTH
2026-03-09 13:44:11.222Z,0.7536,6,SYNTH
2026-03-09 13:44:12.292Z,0.7537,11,SYNTH
2026-03-09 13:44:13.807Z,0.7527,7,SYNTH
2026-03-09 13:44:14.556Z,0.7530,2,SYNTH
2026-03-09 13:44:15.409Z,0.7520,3,SYNTH
2026-03-09 13:44:16.714Z,0.7518,7,SYNTH
2026-03-09 13:44:17.388Z,0.7530,3,SYNTH
2026-03-09 13:44:18.798Z,0.7524,5,SYNTH
2026-03-09 13:44:19.883Z,0.7532,5,SYNTH
2026-03-09 13:44:20.688Z,0.7534,2,SYNTH
2026-03-09 13:44:21.432Z,0.7525,3,SYNTH
2026-03-09 13:44:22.157Z,0.7539,3,SYNTH
2026-03-09 13:44:23.330Z,0.7522,2,SYNTH
2026-03-09 13:44:24.535Z,0.7529,3,SYNTH
2026-03-09 13:44:25.301Z,0.7519,2,SYNTH
2026-03-09 13:44:26.589Z,0.7532,2,SYNTH
2026-03-09 13:44:27.633Z,0.7535,3,SYNTH
2026-03-09 13:44:28.643Z,0.7541,3,SYNTH
2026-03-09 13:44:29.461Z,0.7521,2,SYNTH
2026-03-09 13:44:30.060Z,0.7538,2,SYNTH
2026-03-09 13:44:31.012Z,0.7539,2,SYNTH
2026-03-09 13:44:32.801Z,0.7527,3,SYNTH
2026-03-09 13:44:33.657Z,0.7532,2,SYNTH
2026-03-09 13:44:34.321Z,0.7537,4,SYNTH
2026-03-09 13:44:35.506Z,0.7524,2,SYNTH
2026-03-09 13:44:36.702Z,0.7541,4,SYNTH
2026-03-09 13:44:37.286Z,0.7521,9,SYNTH
2026-03-09 13:44:38.550Z,0.7536,6,SYNTH
2026-03-09 13:44:39.454Z,0.7532,4,SYNTH
2026-03-09 13:44:40.019Z,0.7540,9,SYNTH
2026-03-09 13:44:41.701Z,0.7522,2,SYNTH
2026-03-09 13:44:42.601Z,0.7531,2,SYNTH
2026-03-09 13:44:43.817Z,0.7535,2,SYNTH
2026-03-09 13:44:44.234Z,0.7536,2,SYNTH
2026-03-09 13:44:45.435Z,0.7520,5,SYNTH
2026-03-09 13:44:46.447Z,0.7535,4,SYNTH
2026-03-09 13:44:47.039Z,0.7532,6,SYNTH
2026-03-09 13:44:48.494Z,0.7525,3,SYNTH
2026-03-09 13:44:49.723Z,0.7537,4,SYNTH
2026-03-09 13:44:50.163Z,0.7530,5,SYNTH
2026-03-09 13:44:51.118Z,0.7523,2,SYNTH
2026-03-09 13:44:52.595Z,0.7536,3,SYNTH
2026-03-09 13:44:53.605Z,0.7532,2,SYNTH
2026-03-09 13:44:54.661Z,0.7519,5,SYNTH
2026-03-09 13:44:55.585Z,0.7538,3,SYNTH
2026-03-09 13:44:56.837Z,0.7528,2,SYNTH
2026-03-09 13:44:57.394Z,0.7534,3,SYNTH
2026-03-09 13:44:58.082Z,0.7524,3,SYNTH
2026-03-09 13:44:59.397Z,0.7539,6,SYNTH
2026-03-09 13:45:00.724Z,0.7534,2,SYNTH
2026-03-09 13:45:01.340Z,0.7523,3,SYNTH
2026-03-09 13:45:02.647Z,0.7519,4,SYNTH
2026-03-09 13:45:03.165Z,0.7527,4,SYNTH
2026-03-09 13:45:04.135Z,0.7522,3,SYNTH
2026-03-09 13:45:05.287Z,0.7532,3,SYNTH
2026-03-09 13:45:06.774Z,0.7523,3,SYNTH
2026-03-09 13:45:07.837Z,0.7527,3,SYNTH
2026-03-09 13:45:08.711Z,0.7533,3,SYNTH
2026-03-09 13:45:09.876Z,0.7533,3,SYNTH
2026-03-09 13:45:10.231Z,0.7525,4,SYNTH
2026-03-09 13:45:11.281Z,0.7519,8,SYNTH
2026-03-09 13:45:12.324Z,0.7534,9,SYNTH
2026-03-09 13:45:13.391Z,0.7533,7,SYNTH
2026-03-09 13:45:14.517Z,0.7519,3,SYNTH
2026-03-09 13:45:15.585Z,0.7536,1,SYNTH
2026-03-09 13:45:16.022Z,0.7519,6,SYNTH
2026-03-09 13:45:17.540Z,0.7532,5,SYNTH
2026-03-09 13:45:18.507Z,0.7536,4,SYNTH
2026-03-09 13:45:19.145Z,0.7532,4,SYNTH
2026-03-09 13:45:20.087Z,0.7516,2,SYNTH
2026-03-09 13:45:21.895Z,0.7527,2,SYNTH
2026-03-09 13:45:22.594Z,0.7519,2,SYNTH
2026-03-09 13:45:23.070Z,0.7529,3,SYNTH
2026-03-09 13:45:24.727Z,0.7515,2,SYNTH
2026-03-09 13:45:25.752Z,0.7528,2,SYNTH
2026-03-09 13:45:26.044Z,0.7523,3,SYNTH
2026-03-09 13:45:27.485Z,0.7530,2,SYNTH
2026-03-09 13:45:28.348Z,0.7525,2,SYNTH
2026-03-09 13:45:29.442Z,0.7533,2,SYNTH
2026-03-09 13:45:30.118Z,0.7521,3,SYNTH
2026-03-09 13:45:31.647Z,0.7529,2,SYNTH
2026-03-09 13:45:32.501Z,0.7517,2,SYNTH
2026-03-09 13:45:33.823Z,0.7534,3,SYNTH
2026-03-09 13:45:34.533Z,0.7533,1,SYNTH
2026-03-09 13:45:35.605Z,0.7531,3,SYNTH
2026-03-09 13:45:36.737Z,0.7528,2,SYNTH
2026-03-09 13:45:37.760Z,0.7528,4,SYNTH
2026-03-09 13:45:38.181Z,0.7524,5,SYNTH
2026-03-09 13:45:39.853Z,0.7515,6,SYNTH
2026-03-09 13:45:40.133Z,0.7527,8,SYNTH
2026-03-09 13:45:41.117Z,0.7534,2,SYNTH
2026-03-09 13:45:42.813Z,0.7529,2,SYNTH
2026-03-09 13:45:43.510Z,0.7528,2,SYNTH
2026-03-09 13:45:44.411Z,0.7532,2,SYNTH
2026-03-09 13:45:45.496Z,0.7536,3,SYNTH
2026-03-09 13:45:46.616Z,0.7532,4,SYNTH
2026-03-09 13:45:47.712Z,0.7527,3,SYNTH
2026-03-09 13:45:48.528Z,0.7517,1,SYNTH
2026-03-09 13:45:49.501Z,0.7528,3,SYNTH
2026-03-09 13:45:50.416Z,0.7520,3,SYNTH
2026-03-09 13:45:51.146Z,0.7532,3,SYNTH
2026-03-09 13:45:52.555Z,0.7516,3,SYNTH
2026-03-09 13:45:53.842Z,0.7532,3,SYNTH
2026-03-09 13:45:54.381Z,0.7533,4,SYNTH
2026-03-09 13:45:55.887Z,0.7529,3,SYNTH
2026-03-09 13:45:56.477Z,0.7520,2,SYNTH
2026-03-09 13:45:57.218Z,0.7517,2,SYNTH
2026-03-09 13:45:58.562Z,0.7528,3,SYNTH
2026-03-09 13:45:59.037Z,0.7528,2,SYNTH
2026-03-09 13:51:00.542Z,0.7529,2,SYNTH
2026-03-09 13:51:01.120Z,0.7513,2,SYNTH
2026-03-09 13:51:02.680Z,0.7525,2,SYNTH
2026-03-09 13:51:03.564Z,0.7515,2,SYNTH
2026-03-09 13:51:04.841Z,0.7525,2,SYNTH
2026-03-09 13:51:05.017Z,0.7527,2,SYNTH
2026-03-09 13:51:06.273Z,0.7518,1,SYNTH
2026-03-09 13:51:07.740Z,0.7526,2,SYNTH
2026-03-09 13:51:08.767Z,0.7530,2,SYNTH
2026-03-09 13:51:09.551Z,0.7513,1,SYNTH
2026-03-09 13:51:10.304Z,0.7526,2,SYNTH
2026-03-09 13:51:11.460Z,0.7517,5,SYNTH
2026-03-09 13:51:12.244Z,0.7529,3,SYNTH
2026-03-09 13:51:13.569Z,0.7526,5,SYNTH
2026-03-09 13:51:14.285Z,0.7530,2,SYNTH
2026-03-09 13:51:15.380Z,0.7518,1,SYNTH
2026-03-09 13:51:16.142Z,0.7522,2,SYNTH
2026-03-09 13:51:17.882Z,0.7512,3,SYNTH
2026-03-09 13:51:18.525Z,0.7532,3,SYNTH
2026-03-09 13:51:19.040Z,0.7532,3,SYNTH
2026-03-09 13:51:20.579Z,0.7531,1,SYNTH
2026-03-09 13:51:21.503Z,0.7520,1,SYNTH
2026-03-09 13:51:22.436Z,0.7529,1,SYNTH
2026-03-09 13:51:23.414Z,0.7521,1,SYNTH
2026-03-09 13:51:24.394Z,0.7530,1,SYNTH
2026-03-09 13:51:25.287Z,0.7517,2,SYNTH
2026-03-09 13:51:26.087Z,0.7522,1,SYNTH
2026-03-09 13:51:27.452Z,0.7529,1,SYNTH
2026-03-09 13:51:28.773Z,0.7531,1,SYNTH
2026-03-09 13:51:29.212Z,0.7516,1,SYNTH
2026-03-09 13:51:30.758Z,0.7528,1,SYNTH
2026-03-09 13:51:31.270Z,0.7516,1,SYNTH
2026-03-09 13:51:32.697Z,0.7530,2,SYNTH
2026-03-09 13:51:33.818Z,0.7521,2,SYNTH
2026-03-09 13:51:34.727Z,0.7532,2,SYNTH
2026-03-09 13:51:35.720Z,0.7529,1,SYNTH
2026-03-09 13:51:36.808Z,0.7520,1,SYNTH
2026-03-09 13:51:37.765Z,0.7530,3,SYNTH
2026-03-09 13:51:38.734Z,0.7531,3,SYNTH
2026-03-09 13:51:39.705Z,0.7519,2,SYNTH
2026-03-09 13:51:40.807Z,0.7529,4,SYNTH
2026-03-09 13:51:41.836Z,0.7528,2,SYNTH
2026-03-09 13:51:42.894Z,0.7527,1,SYNTH
2026-03-09 13:51:43.127Z,0.7529,1,SYNTH
2026-03-09 13:51:44.183Z,0.7526,1,SYNTH
2026-03-09 13:51:45.436Z,0.7516,3,SYNTH
2026-03-09 13:51:46.306Z,0.7530,3,SYNTH
2026-03-09 13:51:47.143Z,0.7532,1,SYNTH
2026-03-09 13:51:48.252Z,0.7520,2,SYNTH
2026-03-09 13:51:49.465Z,0.7531,1,SYNTH
2026-03-09 13:51:50.029Z,0.7519,1,SYNTH
2026-03-09 13:51:51.458Z,0.7527,1,SYNTH
2026-03-09 13:51:52.620Z,0.7514,2,SYNTH
2026-03-09 13:51:53.598Z,0.7526,2,SYNTH
2026-03-09 13:51:54.758Z,0.7528,2,SYNTH
2026-03-09 13:51:55.236Z,0.7519,2,SYNTH
2026-03-09 13:51:56.224Z,0.7513,1,SYNTH
2026-03-09 13:51:57.194Z,0.7523,2,SYNTH
2026-03-09 13:51:58.548Z,0.7524,2,SYNTH
2026-03-09 13:51:59.336Z,0.7524,1,SYNTH
2026-03-09 13:52:00.364Z,0.7526,33,SYNTH
2026-03-09 13:52:01.166Z,0.7515,44,SYNTH
2026-03-09 13:52:02.142Z,0.7533,34,SYNTH
2026-03-09 13:52:03.022Z,0.7531,29,SYNTH
2026-03-09 13:52:04.201Z,0.7529,34,SYNTH
2026-03-09 13:52:05.342Z,0.7528,33,SYNTH
2026-03-09 13:52:06.889Z,0.7516,19,SYNTH
2026-03-09 13:52:07.824Z,0.7517,28,SYNTH
2026-03-09 13:52:08.161Z,0.7531,21,SYNTH
2026-03-09 13:52:09.196Z,0.7513,36,SYNTH
2026-03-09 13:52:10.385Z,0.7527,25,SYNTH
2026-03-09 13:52:11.146Z,0.7520,64,SYNTH
2026-03-09 13:52:12.287Z,0.7528,80,SYNTH
2026-03-09 13:52:13.625Z,0.7535,48,SYNTH
2026-03-09 13:52:14.744Z,0.7519,29,SYNTH
2026-03-09 13:52:15.330Z,0.7515,26,SYNTH
2026-03-09 13:52:16.794Z,0.7533,42,SYNTH
2026-03-09 13:52:17.239Z,0.7511,39,SYNTH
2026-03-09 13:52:18.323Z,0.7527,47,SYNTH
2026-03-09 13:52:19.558Z,0.7523,45,SYNTH
2026-03-09 13:52:20.169Z,0.7515,22,SYNTH
2026-03-09 13:52:21.861Z,0.7531,22,SYNTH
2026-03-09 13:52:22.866Z,0.7523,22,SYNTH
2026-03-09 13:52:23.715Z,0.7523,25,SYNTH
2026-03-09 13:52:24.182Z,0.7516,21,SYNTH
2026-03-09 13:52:25.362Z,0.7518,14,SYNTH
2026-03-09 13:52:26.794Z,0.7529,16,SYNTH
2026-03-09 13:52:27.665Z,0.7515,18,SYNTH
2026-03-09 13:52:28.657Z,0.7519,17,SYNTH
2026-03-09 13:52:29.275Z,0.7510,19,SYNTH
2026-03-09 13:52:30.051Z,0.7523,22,SYNTH
2026-03-09 13:52:31.529Z,0.7513,16,SYNTH
2026-03-09 13:52:32.122Z,0.7502,29,SYNTH
2026-03-09 13:52:33.224Z,0.7516,27,SYNTH
2026-03-09 13:52:34.735Z,0.7516,19,SYNTH
2026-03-09 13:52:35.219Z,0.7517,20,SYNTH
2026-03-09 13:52:36.818Z,0.7508,20,SYNTH
2026-03-09 13:52:37.212Z,0.7515,66,SYNTH
2026-03-09 13:52:38.896Z,0.7508,70,SYNTH
2026-03-09 13:52:39.779Z,0.7520,63,SYNTH
2026-03-09 13:52:40.315Z,0.7506,69,SYNTH
2026-03-09 13:52:41.398Z,0.7518,22,SYNTH
2026-03-09 13:52:42.559Z,0.7510,33,SYNTH
2026-03-09 13:52:43.641Z,0.7519,31,SYNTH
2026-03-09 13:52:44.331Z,0.7514,29,SYNTH
2026-03-09 13:52:45.570Z,0.7519,46,SYNTH
2026-03-09 13:52:46.503Z,0.7523,51,SYNTH
2026-03-09 13:52:47.387Z,0.7505,54,SYNTH
2026-03-09 13:52:48.141Z,0.7521,17,SYNTH
2026-03-09 13:52:49.558Z,0.7502,34,SYNTH
2026-03-09 13:52:50.201Z,0.7516,40,SYNTH
2026-03-09 13:52:51.136Z,0.7521,19,SYNTH
2026-03-09 13:52:52.293Z,0.7509,25,SYNTH
2026-03-09 13:52:53.336Z,0.7518,40,SYNTH
2026-03-09 13:52:54.380Z,0.7507,21,SYNTH
2026-03-09 13:52:55.548Z,0.7518,45,SYNTH
2026-03-09 13:52:56.509Z,0.7513,29,SYNTH
2026-03-09 13:52:57.245Z,0.7521,45,SYNTH
2026-03-09 13:52:58.685Z,0.7502,48,SYNTH
2026-03-09 13:52:59.214Z,0.7515,35,SYNTH
2026-03-09 13:53:00.441Z,0.7516,4,SYNTH
2026-03-09 13:53:01.379Z,0.7515,3,SYNTH
2026-03-09 13:53:02.500Z,0.7505,6,SYNTH
2026-03-09 13:53:03.265Z,0.7510,4,SYNTH
2026-03-09 13:53:04.440Z,0.7502,4,SYNTH
2026-03-09 13:53:05.889Z,0.7513,4,SYNTH
2026-03-09 13:53:06.721Z,0.7505,6,SYNTH
2026-03-09 13:53:07.473Z,0.7512,4,SYNTH
2026-03-09 13:53:08.454Z,0.7508,5,SYNTH
2026-03-09 13:53:09.573Z,0.7502,4,SYNTH
2026-03-09 13:53:10.498Z,0.7503,3,SYNTH
2026-03-09 13:53:11.077Z,0.7504,11,SYNTH
2026-03-09 13:53:12.226Z,0.7514,9,SYNTH
2026-03-09 13:53:13.548Z,0.7509,5,SYNTH
2026-03-09 13:53:14.589Z,0.7503,2,SYNTH
2026-03-09 13:53:15.769Z,0.7507,3,SYNTH
2026-03-09 13:53:16.097Z,0.7504,5,SYNTH
2026-03-09 13:53:17.800Z,0.7515,6,SYNTH
2026-03-09 13:53:18.345Z,0.7510,6,SYNTH
2026-03-09 13:53:19.444Z,0.7512,8,SYNTH
2026-03-09 13:53:20.455Z,0.7516,4,SYNTH
2026-03-09 13:53:21.669Z,0.7506,2,SYNTH
2026-03-09 13:53:22.657Z,0.7516,3,SYNTH
2026-03-09 13:53:23.464Z,0.7506,4,SYNTH
2026-03-09 13:53:24.330Z,0.7504,3,SYNTH
2026-03-09 13:53:25.500Z,0.7510,2,SYNTH
2026-03-09 13:53:26.346Z,0.7513,2,SYNTH
2026-03-09 13:53:27.269Z,0.7498,2,SYNTH
2026-03-09 13:53:28.090Z,0.7495,4,SYNTH
2026-03-09 13:53:29.667Z,0.7512,4,SYNTH
2026-03-09 13:53:30.349Z,0.7507,3,SYNTH
2026-03-09 13:53:31.066Z,0.7511,4,SYNTH
2026-03-09 13:53:32.370Z,0.7500,2,SYNTH
2026-03-09 13:53:33.210Z,0.7513,3,SYNTH
2026-03-09 13:53:34.703Z,0.7516,3,SYNTH
2026-03-09 13:53:35.115Z,0.7509,3,SYNTH
2026-03-09 13:53:36.734Z,0.7504,4,SYNTH
2026-03-09 13:53:37.682Z,0.7511,9,SYNTH
2026-03-09 13:53:38.576Z,0.7502,10,SYNTH
2026-03-09 13:53:39.558Z,0.7516,7,SYNTH
2026-03-09 13:53:40.284Z,0.7517,6,SYNTH
2026-03-09 13:53:41.610Z,0.7506,3,SYNTH
2026-03-09 13:53:42.160Z,0.7500,4,SYNTH
2026-03-09 13:53:43.288Z,0.7513,4,SYNTH
2026-03-09 13:53:44.211Z,0.7516,4,SYNTH
2026-03-09 13:53:45.319Z,0.7498,4,SYNTH
2026-03-09 13:53:46.317Z,0.7503,6,SYNTH
2026-03-09 13:53:47.622Z,0.7508,6,SYNTH
2026-03-09 13:53:48.437Z,0.7498,4,SYNTH
2026-03-09 13:53:49.076Z,0.7509,4,SYNTH
2026-03-09 13:53:50.362Z,0.7513,3,SYNTH
2026-03-09 13:53:51.663Z,0.7501,4,SYNTH
2026-03-09 13:53:52.612Z,0.7514,5,SYNTH
2026-03-09 13:53:53.783Z,0.7516,4,SYNTH
2026-03-09 13:53:54.668Z,0.7511,5,SYNTH
2026-03-09 13:53:55.404Z,0.7505,3,SYNTH
2026-03-09 13:53:56.498Z,0.7504,5,SYNTH
2026-03-09 13:53:57.134Z,0.7506,6,SYNTH
2026-03-09 13:53:58.460Z,0.7512,3,SYNTH
2026-03-09 13:53:59.318Z,0.7501,4,SYNTH
2026-03-09 13:54:00.191Z,0.7536,7,SYNTH
2026-03-09 13:54:01.221Z,0.7539,6,SYNTH
2026-03-09 13:54:02.574Z,0.7529,6,SYNTH
2026-03-09 13:54:03.357Z,0.7534,3,SYNTH
2026-03-09 13:54:04.567Z,0.7537,6,SYNTH
2026-03-09 13:54:05.591Z,0.7522,5,SYNTH
2026-03-09 13:54:06.891Z,0.7534,4,SYNTH
2026-03-09 13:54:07.207Z,0.7526,4,SYNTH
2026-03-09 13:54:08.547Z,0.7529,3,SYNTH
2026-03-09 13:54:09.580Z,0.7539,4,SYNTH
2026-03-09 13:54:10.647Z,0.7527,5,SYNTH
2026-03-09 13:54:11.537Z,0.7531,12,SYNTH
2026-03-09 13:54:12.763Z,0.7539,14,SYNTH
2026-03-09 13:54:13.541Z,0.7527,11,SYNTH
2026-03-09 13:54:14.057Z,0.7538,3,SYNTH
2026-03-09 13:54:15.873Z,0.7519,2,SYNTH
2026-03-09 13:54:16.616Z,0.7534,5,SYNTH
2026-03-09 13:54:17.518Z,0.7538,8,SYNTH
2026-03-09 13:54:18.123Z,0.7518,5,SYNTH
2026-03-09 13:54:19.427Z,0.7532,7,SYNTH
2026-03-09 13:54:20.418Z,0.7535,3,SYNTH
2026-03-09 13:54:21.536Z,0.7539,5,SYNTH
2026-03-09 13:54:22.340Z,0.7521,3,SYNTH
2026-03-09 13:54:23.872Z,0.7531,3,SYNTH
2026-03-09 13:54:24.653Z,0.7535,2,SYNTH
2026-03-09 13:54:25.330Z,0.7520,3,SYNTH
2026-03-09 13:54:26.630Z,0.7535,3,SYNTH
2026-03-09 13:54:27.544Z,0.7539,4,SYNTH
2026-03-09 13:54:28.514Z,0.7523,4,SYNTH
2026-03-09 13:54:29.493Z,0.7530,2,SYNTH
2026-03-09 13:54:30.496Z,0.7524,4,SYNTH
2026-03-09 13:54:31.112Z,0.7533,3,SYNTH
2026-03-09 13:54:32.312Z,0.7532,4,SYNTH
2026-03-09 13:54:33.463Z,0.7526,4,SYNTH
2026-03-09 13:54:34.503Z,0.7535,3,SYNTH
2026-03-09 13:54:35.615Z,0.7530,3,SYNTH
2026-03-09 13:54:36.191Z,0.7537,3,SYNTH
2026-03-09 13:54:37.795Z,0.7536,9,SYNTH
2026-03-09 13:54:38.121Z,0.7525,10,SYNTH
2026-03-09 13:54:39.346Z,0.7528,10,SYNTH
2026-03-09 13:54:40.385Z,0.7533,10,SYNTH
2026-03-09 13:54:41.775Z,0.7538,2,SYNTH
2026-03-09 13:54:42.667Z,0.7530,3,SYNTH
2026-03-09 13:54:43.599Z,0.7532,3,SYNTH
2026-03-09 13:54:44.454Z,0.7524,3,SYNTH
2026-03-09 13:54:45.385Z,0.7533,7,SYNTH
2026-03-09 13:54:46.200Z,0.7525,7,SYNTH
2026-03-09 13:54:47.814Z,0.7539,7,SYNTH
2026-03-09 13:54:48.257Z,0.7527,4,SYNTH
2026-03-09 13:54:49.808Z,0.7539,5,SYNTH
2026-03-09 13:54:50.674Z,0.7523,4,SYNTH
2026-03-09 13:54:51.847Z,0.7531,3,SYNTH
2026-03-09 13:54:52.028Z,0.7526,3,SYNTH
2026-03-09 13:54:53.647Z,0.7532,5,SYNTH
2026-03-09 13:54:54.794Z,0.7530,3,SYNTH
2026-03-09 13:54:55.701Z,0.7526,3,SYNTH
2026-03-09 13:54:56.789Z,0.7535,5,SYNTH
2026-03-09 13:54:57.175Z,0.7525,5,SYNTH
2026-03-09 13:54:58.386Z,0.7536,3,SYNTH
2026-03-09 13:54:59.004Z,0.7530,5,SYNTH
2026-03-09 13:55:00.468Z,0.7515,3,SYNTH
2026-03-09 13:55:01.398Z,0.7519,4,SYNTH
2026-03-09 13:55:02.694Z,0.7501,3,SYNTH
2026-03-09 13:55:03.827Z,0.7514,2,SYNTH
2026-03-09 13:55:04.691Z,0.7518,2,SYNTH
2026-03-09 13:55:05.389Z,0.7511,2,SYNTH
2026-03-09 13:55:06.533Z,0.7512,2,SYNTH
2026-03-09 13:55:07.299Z,0.7515,2,SYNTH
2026-03-09 13:55:08.634Z,0.7513,2,SYNTH
2026-03-09 13:55:09.818Z,0.7518,3,SYNTH
2026-03-09 13:55:10.137Z,0.7503,2,SYNTH
2026-03-09 13:55:11.574Z,0.7510,4,SYNTH
2026-03-09 13:55:12.626Z,0.7512,6,SYNTH
2026-03-09 13:55:13.583Z,0.7510,4,SYNTH
2026-03-09 13:55:14.657Z,0.7519,2,SYNTH
2026-03-09 13:55:15.079Z,0.7498,1,SYNTH
2026-03-09 13:55:16.044Z,0.7509,3,SYNTH
2026-03-09 13:55:17.773Z,0.7514,2,SYNTH
2026-03-09 13:55:18.201Z,0.7506,3,SYNTH
2026-03-09 13:55:19.567Z,0.7518,5,SYNTH
2026-03-09 13:55:20.831Z,0.7500,1,SYNTH
2026-03-09 13:55:21.887Z,0.7501,1,SYNTH
2026-03-09 13:55:22.631Z,0.7511,3,SYNTH
2026-03-09 13:55:23.488Z,0.7515,2,SYNTH
2026-03-09 13:55:24.321Z,0.7507,2,SYNTH
2026-03-09 13:55:25.500Z,0.7501,3,SYNTH
2026-03-09 13:55:26.385Z,0.7509,2,SYNTH
2026-03-09 13:55:27.567Z,0.7497,1,SYNTH
2026-03-09 13:55:28.459Z,0.7516,1,SYNTH
2026-03-09 13:55:29.793Z,0.7511,2,SYNTH
2026-03-09 13:55:30.351Z,0.7512,1,SYNTH
2026-03-09 13:55:31.500Z,0.7503,2,SYNTH
2026-03-09 13:55:32.106Z,0.7521,3,SYNTH
2026-03-09 13:55:33.198Z,0.7503,1,SYNTH
2026-03-09 13:55:34.610Z,0.7519,2,SYNTH
2026-03-09 13:55:35.069Z,0.7520,2,SYNTH
2026-03-09 13:55:36.665Z,0.7506,2,SYNTH
2026-03-09 13:55:37.195Z,0.7515,5,SYNTH
2026-03-09 13:55:38.212Z,0.7520,6,SYNTH
2026-03-09 13:55:39.718Z,0.7517,6,SYNTH
2026-03-09 13:55:40.391Z,0.7505,5,SYNTH
2026-03-09 13:55:41.642Z,0.7511,2,SYNTH
2026-03-09 13:55:42.552Z,0.7518,3,SYNTH
2026-03-09 13:55:43.743Z,0.7517,2,SYNTH
2026-03-09 13:55:44.658Z,0.7512,3,SYNTH
2026-03-09 13:55:45.286Z,0.7512,5,SYNTH
2026-03-09 13:55:46.683Z,0.7503,2,SYNTH
2026-03-09 13:55:47.264Z,0.7510,4,SYNTH
2026-03-09 13:55:48.881Z,0.7518,2,SYNTH
2026-03-09 13:55:49.277Z,0.7509,2,SYNTH
2026-03-09 13:55:50.073Z,0.7506,3,SYNTH
2026-03-09 13:55:51.464Z,0.7512,3,SYNTH
2026-03-09 13:55:52.137Z,0.7515,2,SYNTH
2026-03-09 13:55:53.172Z,0.7515,3,SYNTH
2026-03-09 13:55:54.454Z,0.7506,3,SYNTH
2026-03-09 13:55:55.732Z,0.7519,3,SYNTH
2026-03-09 13:55:56.449Z,0.7511,2,SYNTH
2026-03-09 13:55:57.527Z,0.7508,2,SYNTH
2026-03-09 13:55:58.492Z,0.7509,4,SYNTH
2026-03-09 13:55:59.702Z,0.7507,2,SYNTH
2026-03-09 13:59:00.588Z,0.7529,24,SYNTH
2026-03-09 13:59:01.462Z,0.7530,12,SYNTH
2026-03-09 13:59:02.791Z,0.7520,11,SYNTH
2026-03-09 13:59:03.123Z,0.7515,23,SYNTH
2026-03-09 13:59:04.697Z,0.7533,11,SYNTH
2026-03-09 13:59:05.773Z,0.7529,16,SYNTH
2026-03-09 13:59:06.094Z,0.7518,13,SYNTH
2026-03-09 13:59:07.681Z,0.7521,19,SYNTH
2026-03-09 13:59:08.334Z,0.7535,19,SYNTH
2026-03-09 13:59:09.303Z,0.7523,8,SYNTH
2026-03-09 13:59:10.025Z,0.7528,18,SYNTH
2026-03-09 13:59:11.146Z,0.7518,23,SYNTH
2026-03-09 13:59:12.073Z,0.7529,36,SYNTH
2026-03-09 13:59:13.750Z,0.7522,21,SYNTH
2026-03-09 13:59:14.640Z,0.7531,9,SYNTH
2026-03-09 13:59:15.054Z,0.7532,10,SYNTH
2026-03-09 13:59:16.094Z,0.7515,27,SYNTH
2026-03-09 13:59:17.414Z,0.7529,29,SYNTH
2026-03-09 13:59:18.408Z,0.7521,23,SYNTH
2026-03-09 13:59:19.543Z,0.7513,14,SYNTH
2026-03-09 13:59:20.008Z,0.7526,12,SYNTH
2026-03-09 13:59:21.835Z,0.7514,16,SYNTH
2026-03-09 13:59:22.180Z,0.7531,11,SYNTH
2026-03-09 13:59:23.012Z,0.7523,14,SYNTH
2026-03-09 13:59:24.586Z,0.7530,15,SYNTH
2026-03-09 13:59:25.106Z,0.7517,9,SYNTH
2026-03-09 13:59:26.128Z,0.7532,14,SYNTH
2026-03-09 13:59:27.363Z,0.7530,11,SYNTH
2026-03-09 13:59:28.646Z,0.7527,14,SYNTH
2026-03-09 13:59:29.085Z,0.7523,13,SYNTH
2026-03-09 13:59:30.833Z,0.7518,12,SYNTH
2026-03-09 13:59:31.750Z,0.7533,9,SYNTH
2026-03-09 13:59:32.437Z,0.7536,13,SYNTH
2026-03-09 13:59:33.171Z,0.7526,14,SYNTH
2026-03-09 13:59:34.134Z,0.7515,9,SYNTH
2026-03-09 13:59:35.632Z,0.7526,13,SYNTH
2026-03-09 13:59:36.048Z,0.7528,10,SYNTH
2026-03-09 13:59:37.740Z,0.7534,23,SYNTH
2026-03-09 13:59:38.865Z,0.7522,38,SYNTH
2026-03-09 13:59:39.269Z,0.7532,17,SYNTH
2026-03-09 13:59:40.396Z,0.7533,31,SYNTH
2026-03-09 13:59:41.507Z,0.7522,11,SYNTH
2026-03-09 13:59:42.453Z,0.7523,17,SYNTH
2026-03-09 13:59:43.059Z,0.7514,12,SYNTH
2026-03-09 13:59:44.714Z,0.7526,11,SYNTH
2026-03-09 13:59:45.489Z,0.7535,24,SYNTH
2026-03-09 13:59:46.085Z,0.7522,19,SYNTH
2026-03-09 13:59:47.209Z,0.7532,17,SYNTH
2026-03-09 13:59:48.847Z,0.7517,19,SYNTH
2026-03-09 13:59:49.068Z,0.7522,16,SYNTH
2026-03-09 13:59:50.037Z,0.7527,18,SYNTH
2026-03-09 13:59:51.104Z,0.7513,18,SYNTH
2026-03-09 13:59:52.063Z,0.7531,20,SYNTH
2026-03-09 13:59:53.742Z,0.7520,10,SYNTH
2026-03-09 13:59:54.537Z,0.7529,20,SYNTH
2026-03-09 13:59:55.880Z,0.7525,22,SYNTH
2026-03-09 13:59:56.235Z,0.7534,18,SYNTH
2026-03-09 13:59:57.594Z,0.7522,14,SYNTH
2026-03-09 13:59:58.662Z,0.7519,11,SYNTH
2026-03-09 13:59:59.242Z,0.7529,24,SYNTH
2026-03-09 14:00:00.598Z,0.7522,8,SYNTH
2026-03-09 14:00:01.681Z,0.7527,9,SYNTH
2026-03-09 14:00:02.544Z,0.7516,9,SYNTH
2026-03-09 14:00:03.887Z,0.7527,8,SYNTH
2026-03-09 14:00:04.850Z,0.7526,5,SYNTH
2026-03-09 14:00:05.055Z,0.7512,10,SYNTH
2026-03-09 14:00:06.232Z,0.7527,6,SYNTH
2026-03-09 14:00:07.301Z,0.7507,8,SYNTH
2026-03-09 14:00:08.487Z,0.7521,8,SYNTH
2026-03-09 14:00:09.814Z,0.7514,9,SYNTH
2026-03-09 14:00:10.059Z,0.7523,8,SYNTH
2026-03-09 14:00:11.179Z,0.7511,19,SYNTH
2026-03-09 14:00:12.854Z,0.7525,11,SYNTH
2026-03-09 14:00:13.535Z,0.7512,24,SYNTH
2026-03-09 14:00:14.047Z,0.7522,4,SYNTH
2026-03-09 14:00:15.377Z,0.7528,4,SYNTH
2026-03-09 14:00:16.121Z,0.7513,16,SYNTH
2026-03-09 14:00:17.886Z,0.7527,12,SYNTH
2026-03-09 14:00:18.728Z,0.7511,10,SYNTH
2026-03-09 14:00:19.090Z,0.7525,11,SYNTH
2026-03-09 14:00:20.631Z,0.7513,5,SYNTH
2026-03-09 14:00:21.496Z,0.7520,6,SYNTH
2026-03-09 14:00:22.725Z,0.7522,6,SYNTH
2026-03-09 14:00:23.402Z,0.7515,3,SYNTH
2026-03-09 14:00:24.866Z,0.7515,5,SYNTH
2026-03-09 14:00:25.851Z,0.7509,6,SYNTH
2026-03-09 14:00:26.639Z,0.7521,4,SYNTH
2026-03-09 14:00:27.590Z,0.7529,7,SYNTH
2026-03-09 14:00:28.125Z,0.7518,5,SYNTH
2026-03-09 14:00:29.754Z,0.7526,4,SYNTH
2026-03-09 14:00:30.161Z,0.7525,5,SYNTH
2026-03-09 14:00:31.582Z,0.7526,8,SYNTH
2026-03-09 14:00:32.510Z,0.7524,6,SYNTH
2026-03-09 14:00:33.413Z,0.7515,8,SYNTH
2026-03-09 14:00:34.391Z,0.7524,5,SYNTH
2026-03-09 14:00:35.653Z,0.7517,5,SYNTH
2026-03-09 14:00:36.362Z,0.7529,6,SYNTH
2026-03-09 14:00:37.117Z,0.7512,14,SYNTH
2026-03-09 14:00:38.213Z,0.7525,12,SYNTH
2026-03-09 14:00:39.674Z,0.7526,17,SYNTH
2026-03-09 14:00:40.665Z,0.7524,17,SYNTH
2026-03-09 14:00:41.223Z,0.7517,5,SYNTH
2026-03-09 14:00:42.692Z,0.7523,8,SYNTH
2026-03-09 14:00:43.112Z,0.7511,8,SYNTH
2026-03-09 14:00:44.552Z,0.7522,9,SYNTH
2026-03-09 14:00:45.755Z,0.7528,11,SYNTH
2026-03-09 14:00:46.080Z,0.7523,12,SYNTH
2026-03-09 14:00:47.688Z,0.7516,12,SYNTH
2026-03-09 14:00:48.526Z,0.7527,4,SYNTH
2026-03-09 14:00:49.492Z,0.7522,9,SYNTH
2026-03-09 14:00:50.054Z,0.7518,7,SYNTH
2026-03-09 14:00:51.360Z,0.7526,6,SYNTH
2026-03-09 14:00:52.457Z,0.7518,5,SYNTH
2026-03-09 14:00:53.218Z,0.7514,11,SYNTH
2026-03-09 14:00:54.278Z,0.7528,9,SYNTH
2026-03-09 14:00:55.586Z,0.7518,11,SYNTH
2026-03-09 14:00:56.467Z,0.7527,5,SYNTH
2026-03-09 14:00:57.897Z,0.7518,9,SYNTH
2026-03-09 14:00:58.017Z,0.7522,5,SYNTH
2026-03-09 14:00:59.559Z,0.7514,9,SYNTH
2026-03-09 14:02:00.567Z,0.7519,2,SYNTH
2026-03-09 14:02:01.628Z,0.7519,1,SYNTH
2026-03-09 14:02:02.467Z,0.7519,3,SYNTH
2026-03-09 14:02:03.875Z,0.7509,3,SYNTH
2026-03-09 14:02:04.721Z,0.7504,2,SYNTH
2026-03-09 14:02:05.423Z,0.7518,2,SYNTH
2026-03-09 14:02:06.467Z,0.7511,2,SYNTH
2026-03-09 14:02:07.215Z,0.7517,1,SYNTH
2026-03-09 14:02:08.725Z,0.7514,1,SYNTH
2026-03-09 14:02:09.398Z,0.7521,2,SYNTH
2026-03-09 14:02:10.886Z,0.7507,2,SYNTH
2026-03-09 14:02:11.024Z,0.7513,4,SYNTH
2026-03-09 14:02:12.861Z,0.7525,3,SYNTH
2026-03-09 14:02:13.131Z,0.7503,4,SYNTH
2026-03-09 14:02:14.889Z,0.7520,1,SYNTH
2026-03-09 14:02:15.641Z,0.7521,1,SYNTH
2026-03-09 14:02:16.268Z,0.7518,2,SYNTH
2026-03-09 14:02:17.225Z,0.7523,2,SYNTH
2026-03-09 14:02:18.886Z,0.7508,2,SYNTH
2026-03-09 14:02:19.632Z,0.7515,1,SYNTH
2026-03-09 14:02:20.895Z,0.7510,1,SYNTH
2026-03-09 14:02:21.509Z,0.7509,2,SYNTH
2026-03-09 14:02:22.619Z,0.7521,2,SYNTH
2026-03-09 14:02:23.500Z,0.7520,1,SYNTH
2026-03-09 14:02:24.689Z,0.7515,1,SYNTH
2026-03-09 14:02:25.887Z,0.7523,1,SYNTH
2026-03-09 14:02:26.476Z,0.7523,1,SYNTH
2026-03-09 14:02:27.442Z,0.7510,1,SYNTH
2026-03-09 14:02:28.345Z,0.7514,2,SYNTH
2026-03-09 14:02:29.782Z,0.7512,1,SYNTH
2026-03-09 14:02:30.767Z,0.7515,1,SYNTH
2026-03-09 14:02:31.781Z,0.7520,2,SYNTH
2026-03-09 14:02:32.867Z,0.7505,1,SYNTH
2026-03-09 14:02:33.668Z,0.7517,2,SYNTH
2026-03-09 14:02:34.600Z,0.7518,1,SYNTH
2026-03-09 14:02:35.534Z,0.7507,2,SYNTH
2026-03-09 14:02:36.801Z,0.7502,2,SYNTH
2026-03-09 14:02:37.521Z,0.7523,4,SYNTH
2026-03-09 14:02:38.179Z,0.7524,4,SYNTH
2026-03-09 14:02:39.491Z,0.7518,3,SYNTH
2026-03-09 14:02:40.792Z,0.7518,4,SYNTH
2026-03-09 14:02:41.509Z,0.7510,1,SYNTH
2026-03-09 14:02:42.721Z,0.7521,1,SYNTH
2026-03-09 14:02:43.451Z,0.7508,1,SYNTH
2026-03-09 14:02:44.741Z,0.7514,1,SYNTH
2026-03-09 14:02:45.293Z,0.7521,1,SYNTH
2026-03-09 14:02:46.383Z,0.7506,2,SYNTH
2026-03-09 14:02:47.575Z,0.7518,3,SYNTH
2026-03-09 14:02:48.756Z,0.7502,2,SYNTH
2026-03-09 14:02:49.326Z,0.7519,2,SYNTH
2026-03-09 14:02:50.162Z,0.7520,1,SYNTH
2026-03-09 14:02:51.648Z,0.7503,2,SYNTH
2026-03-09 14:02:52.316Z,0.7504,1,SYNTH
2026-03-09 14:02:53.460Z,0.7514,1,SYNTH
2026-03-09 14:02:54.280Z,0.7522,2,SYNTH
2026-03-09 14:02:55.456Z,0.7511,2,SYNTH
2026-03-09 14:02:56.669Z,0.7508,1,SYNTH
2026-03-09 14:02:57.083Z,0.7519,2,SYNTH
2026-03-09 14:02:58.377Z,0.7514,2,SYNTH
2026-03-09 14:02:59.855Z,0.7519,2,SYNTH
2026-03-09 14:03:00.044Z,0.7518,41,SYNTH
2026-03-09 14:03:01.236Z,0.7514,33,SYNTH
2026-03-09 14:03:02.104Z,0.7500,44,SYNTH
2026-03-09 14:03:03.012Z,0.7504,43,SYNTH
2026-03-09 14:03:04.633Z,0.7513,32,SYNTH
2026-03-09 14:03:05.849Z,0.7505,31,SYNTH
2026-03-09 14:03:06.099Z,0.7517,40,SYNTH
2026-03-09 14:03:07.270Z,0.7512,38,SYNTH
2026-03-09 14:03:08.376Z,0.7514,43,SYNTH
2026-03-09 14:03:09.359Z,0.7502,39,SYNTH
2026-03-09 14:03:10.294Z,0.7516,27,SYNTH
2026-03-09 14:03:11.282Z,0.7507,45,SYNTH
2026-03-09 14:03:12.591Z,0.7512,63,SYNTH
2026-03-09 14:03:13.548Z,0.7506,50,SYNTH
2026-03-09 14:03:14.855Z,0.7511,24,SYNTH
2026-03-09 14:03:15.795Z,0.7509,16,SYNTH
2026-03-09 14:03:16.731Z,0.7514,55,SYNTH
2026-03-09 14:03:17.363Z,0.7504,53,SYNTH
2026-03-09 14:03:18.300Z,0.7518,34,SYNTH
2026-03-09 14:03:19.324Z,0.7508,33,SYNTH
2026-03-09 14:03:20.554Z,0.7514,31,SYNTH
2026-03-09 14:03:21.428Z,0.7519,19,SYNTH
2026-03-09 14:03:22.087Z,0.7501,26,SYNTH
2026-03-09 14:03:23.212Z,0.7509,22,SYNTH
2026-03-09 14:03:24.649Z,0.7517,26,SYNTH
2026-03-09 14:03:25.053Z,0.7507,17,SYNTH
2026-03-09 14:03:26.223Z,0.7514,21,SYNTH
2026-03-09 14:03:27.225Z,0.7521,14,SYNTH
2026-03-09 14:03:28.084Z,0.7504,14,SYNTH
2026-03-09 14:03:29.315Z,0.7515,32,SYNTH
2026-03-09 14:03:30.035Z,0.7513,15,SYNTH
2026-03-09 14:03:31.493Z,0.7502,16,SYNTH
2026-03-09 14:03:32.122Z,0.7515,23,SYNTH
2026-03-09 14:03:33.899Z,0.7519,29,SYNTH
2026-03-09 14:03:34.449Z,0.7507,15,SYNTH
2026-03-09 14:03:35.023Z,0.7513,33,SYNTH
2026-03-09 14:03:36.201Z,0.7519,33,SYNTH
2026-03-09 14:03:37.570Z,0.7509,64,SYNTH
2026-03-09 14:03:38.361Z,0.7520,71,SYNTH
2026-03-09 14:03:39.293Z,0.7516,83,SYNTH
2026-03-09 14:03:40.781Z,0.7509,39,SYNTH
2026-03-09 14:03:41.427Z,0.7512,31,SYNTH
2026-03-09 14:03:42.635Z,0.7500,20,SYNTH
2026-03-09 14:03:43.546Z,0.7507,26,SYNTH
2026-03-09 14:03:44.895Z,0.7514,30,SYNTH
2026-03-09 14:03:45.405Z,0.7517,24,SYNTH
2026-03-09 14:03:46.701Z,0.7504,40,SYNTH
2026-03-09 14:03:47.105Z,0.7503,48,SYNTH
2026-03-09 14:03:48.181Z,0.7511,22,SYNTH
2026-03-09 14:03:49.074Z,0.7515,30,SYNTH
2026-03-09 14:03:50.249Z,0.7503,31,SYNTH
2026-03-09 14:03:51.284Z,0.7517,21,SYNTH
2026-03-09 14:03:52.149Z,0.7515,32,SYNTH
2026-03-09 14:03:53.341Z,0.7510,44,SYNTH
2026-03-09 14:03:54.489Z,0.7517,27,SYNTH
2026-03-09 14:03:55.865Z,0.7503,30,SYNTH
2026-03-09 14:03:56.450Z,0.7514,44,SYNTH
2026-03-09 14:03:57.618Z,0.7521,32,SYNTH
2026-03-09 14:03:58.434Z,0.7500,27,SYNTH
2026-03-09 14:03:59.340Z,0.7518,30,SYNTH
2026-03-09 14:04:00.142Z,0.7521,2,SYNTH
2026-03-09 14:04:01.398Z,0.7502,1,SYNTH
2026-03-09 14:04:02.396Z,0.7518,3,SYNTH
2026-03-09 14:04:03.700Z,0.7516,2,SYNTH
2026-03-09 14:04:04.671Z,0.7505,1,SYNTH
2026-03-09 14:04:05.408Z,0.7519,2,SYNTH
2026-03-09 14:04:06.564Z,0.7508,2,SYNTH
2026-03-09 14:04:07.342Z,0.7518,2,SYNTH
2026-03-09 14:04:08.196Z,0.7519,1,SYNTH
2026-03-09 14:04:09.761Z,0.7505,1,SYNTH
2026-03-09 14:04:10.004Z,0.7515,2,SYNTH
2026-03-09 14:04:11.010Z,0.7516,5,SYNTH
2026-03-09 14:04:12.462Z,0.7518,3,SYNTH
2026-03-09 14:04:13.376Z,0.7506,4,SYNTH
2026-03-09 14:04:14.346Z,0.7514,1,SYNTH
2026-03-09 14:04:15.588Z,0.7508,2,SYNTH
2026-03-09 14:04:16.805Z,0.7506,2,SYNTH
2026-03-09 14:04:17.240Z,0.7518,2,SYNTH
2026-03-09 14:04:18.281Z,0.7513,3,SYNTH
2026-03-09 14:04:19.276Z,0.7514,3,SYNTH
2026-03-09 14:04:20.732Z,0.7501,1,SYNTH
2026-03-09 14:04:21.122Z,0.7517,1,SYNTH
2026-03-09 14:04:22.306Z,0.7517,1,SYNTH
2026-03-09 14:04:23.160Z,0.7513,1,SYNTH
2026-03-09 14:04:24.384Z,0.7511,1,SYNTH
2026-03-09 14:04:25.323Z,0.7522,2,SYNTH
2026-03-09 14:04:26.737Z,0.7510,1,SYNTH
2026-03-09 14:04:27.616Z,0.7505,2,SYNTH
2026-03-09 14:04:28.721Z,0.7515,1,SYNTH
2026-03-09 14:04:29.456Z,0.7512,1,SYNTH
2026-03-09 14:04:30.345Z,0.7507,1,SYNTH
2026-03-09 14:04:31.804Z,0.7519,1,SYNTH
2026-03-09 14:04:32.729Z,0.7521,2,SYNTH
2026-03-09 14:04:33.762Z,0.7511,1,SYNTH
2026-03-09 14:04:34.280Z,0.7516,2,SYNTH
2026-03-09 14:04:35.777Z,0.7506,1,SYNTH
2026-03-09 14:04:36.657Z,0.7516,1,SYNTH
2026-03-09 14:04:37.756Z,0.7510,3,SYNTH
2026-03-09 14:04:38.236Z,0.7518,2,SYNTH
2026-03-09 14:04:39.382Z,0.7518,5,SYNTH
2026-03-09 14:04:40.142Z,0.7508,2,SYNTH
2026-03-09 14:04:41.697Z,0.7509,1,SYNTH
2026-03-09 14:04:42.725Z,0.7509,1,SYNTH
2026-03-09 14:04:43.103Z,0.7511,1,SYNTH
2026-03-09 14:04:44.815Z,0.7519,1,SYNTH
2026-03-09 14:04:45.463Z,0.7501,2,SYNTH
2026-03-09 14:04:46.316Z,0.7516,2,SYNTH
2026-03-09 14:04:47.630Z,0.7507,2,SYNTH
2026-03-09 14:04:48.345Z,0.7513,1,SYNTH
2026-03-09 14:04:49.706Z,0.7505,1,SYNTH
2026-03-09 14:04:50.879Z,0.7518,2,SYNTH
2026-03-09 14:04:51.626Z,0.7503,2,SYNTH
2026-03-09 14:04:52.768Z,0.7505,2,SYNTH
2026-03-09 14:04:53.147Z,0.7515,2,SYNTH
2026-03-09 14:04:54.898Z,0.7519,1,SYNTH
2026-03-09 14:04:55.392Z,0.7510,1,SYNTH
2026-03-09 14:04:56.693Z,0.7500,2,SYNTH
2026-03-09 14:04:57.507Z,0.7517,2,SYNTH
2026-03-09 14:04:58.197Z,0.7520,3,SYNTH
2026-03-09 14:04:59.731Z,0.7521,1,SYNTH
2026-03-09 14:05:00.555Z,0.7509,28,SYNTH
2026-03-09 14:05:01.326Z,0.7519,32,SYNTH
2026-03-09 14:05:02.481Z,0.7511,24,SYNTH
2026-03-09 14:05:03.724Z,0.7503,45,SYNTH
2026-03-09 14:05:04.412Z,0.7510,30,SYNTH
2026-03-09 14:05:05.093Z,0.7500,37,SYNTH
2026-03-09 14:05:06.511Z,0.7506,45,SYNTH
2026-03-09 14:05:07.322Z,0.7512,41,SYNTH
2026-03-09 14:05:08.715Z,0.7519,20,SYNTH
2026-03-09 14:05:09.077Z,0.7500,30,SYNTH
2026-03-09 14:05:10.627Z,0.7517,23,SYNTH
2026-03-09 14:05:11.885Z,0.7518,63,SYNTH
2026-03-09 14:05:12.352Z,0.7513,44,SYNTH
2026-03-09 14:05:13.008Z,0.7517,69,SYNTH
2026-03-09 14:05:14.390Z,0.7505,27,SYNTH
2026-03-09 14:05:15.768Z,0.7518,17,SYNTH
2026-03-09 14:05:16.789Z,0.7502,40,SYNTH
2026-03-09 14:05:17.028Z,0.7519,64,SYNTH
2026-03-09 14:05:18.263Z,0.7508,39,SYNTH
2026-03-09 14:05:19.470Z,0.7517,59,SYNTH
2026-03-09 14:05:20.220Z,0.7518,33,SYNTH
2026-03-09 14:05:21.697Z,0.7507,33,SYNTH
2026-03-09 14:05:22.575Z,0.7508,22,SYNTH
2026-03-09 14:05:23.373Z,0.7512,16,SYNTH
2026-03-09 14:05:24.116Z,0.7514,26,SYNTH
2026-03-09 14:05:25.861Z,0.7513,15,SYNTH
2026-03-09 14:05:26.207Z,0.7506,14,SYNTH
2026-03-09 14:05:27.309Z,0.7517,27,SYNTH
2026-03-09 14:05:28.869Z,0.7500,17,SYNTH
2026-03-09 14:05:29.871Z,0.7515,25,SYNTH
2026-03-09 14:05:30.540Z,0.7518,23,SYNTH
2026-03-09 14:05:31.256Z,0.7520,31,SYNTH
2026-03-09 14:05:32.031Z,0.7508,33,SYNTH
2026-03-09 14:05:33.485Z,0.7518,14,SYNTH
2026-03-09 14:05:34.265Z,0.7515,21,SYNTH
2026-03-09 14:05:35.809Z,0.7518,24,SYNTH
2026-03-09 14:05:36.368Z,0.7506,25,SYNTH
2026-03-09 14:05:37.685Z,0.7516,79,SYNTH
2026-03-09 14:05:38.762Z,0.7519,75,SYNTH
2026-03-09 14:05:39.279Z,0.7507,57,SYNTH
2026-03-09 14:05:40.243Z,0.7515,71,SYNTH
2026-03-09 14:05:41.123Z,0.7520,16,SYNTH
2026-03-09 14:05:42.141Z,0.7516,20,SYNTH
2026-03-09 14:05:43.788Z,0.7509,37,SYNTH
2026-03-09 14:05:44.898Z,0.7517,32,SYNTH
2026-03-09 14:05:45.629Z,0.7512,28,SYNTH
2026-03-09 14:05:46.269Z,0.7515,46,SYNTH
2026-03-09 14:05:47.586Z,0.7504,39,SYNTH
2026-03-09 14:05:48.352Z,0.7513,27,SYNTH
2026-03-09 14:05:49.625Z,0.7519,26,SYNTH
2026-03-09 14:05:50.027Z,0.7507,31,SYNTH
2026-03-09 14:05:51.393Z,0.7517,28,SYNTH
2026-03-09 14:05:52.703Z,0.7517,43,SYNTH
2026-03-09 14:05:53.880Z,0.7520,44,SYNTH
2026-03-09 14:05:54.336Z,0.7506,19,SYNTH
2026-03-09 14:05:55.828Z,0.7513,29,SYNTH
2026-03-09 14:05:56.411Z,0.7499,48,SYNTH
2026-03-09 14:05:57.784Z,0.7518,21,SYNTH
2026-03-09 14:05:58.209Z,0.7517,28,SYNTH
2026-03-09 14:05:59.789Z,0.7503,30,SYNTH
2026-03-09 14:06:00.533Z,0.7510,2,SYNTH
2026-03-09 14:06:01.210Z,0.7506,2,SYNTH
2026-03-09 14:06:02.343Z,0.7515,2,SYNTH
2026-03-09 14:06:03.388Z,0.7512,2,SYNTH
2026-03-09 14:06:04.572Z,0.7503,1,SYNTH
2026-03-09 14:06:05.733Z,0.7510,2,SYNTH
2026-03-09 14:06:06.000Z,0.7499,1,SYNTH
2026-03-09 14:06:07.286Z,0.7513,1,SYNTH
2026-03-09 14:06:08.201Z,0.7501,2,SYNTH
2026-03-09 14:06:09.411Z,0.7517,2,SYNTH
2026-03-09 14:06:10.108Z,0.7515,1,SYNTH
2026-03-09 14:06:11.499Z,0.7502,5,SYNTH
2026-03-09 14:06:12.732Z,0.7507,2,SYNTH
2026-03-09 14:06:13.342Z,0.7513,4,SYNTH
2026-03-09 14:06:14.572Z,0.7499,1,SYNTH
2026-03-09 14:06:15.122Z,0.7496,1,SYNTH
2026-03-09 14:06:16.006Z,0.7517,3,SYNTH
2026-03-09 14:06:17.148Z,0.7514,1,SYNTH
2026-03-09 14:06:18.023Z,0.7514,2,SYNTH
2026-03-09 14:06:19.429Z,0.7498,2,SYNTH
2026-03-09 14:06:20.613Z,0.7511,2,SYNTH
2026-03-09 14:06:21.590Z,0.7503,1,SYNTH
2026-03-09 14:06:22.278Z,0.7512,1,SYNTH
2026-03-09 14:06:23.452Z,0.7504,1,SYNTH
2026-03-09 14:06:24.545Z,0.7513,1,SYNTH
2026-03-09 14:06:25.807Z,0.7503,2,SYNTH
2026-03-09 14:06:26.328Z,0.7510,1,SYNTH
2026-03-09 14:06:27.794Z,0.7512,1,SYNTH
2026-03-09 14:06:28.215Z,0.7512,1,SYNTH
2026-03-09 14:06:29.617Z,0.7498,2,SYNTH
2026-03-09 14:06:30.112Z,0.7513,1,SYNTH
2026-03-09 14:06:31.682Z,0.7499,1,SYNTH
2026-03-09 14:06:32.504Z,0.7508,1,SYNTH
2026-03-09 14:06:33.506Z,0.7501,1,SYNTH
2026-03-09 14:06:34.638Z,0.7512,1,SYNTH
2026-03-09 14:06:35.343Z,0.7517,1,SYNTH
2026-03-09 14:06:36.139Z,0.7503,1,SYNTH
2026-03-09 14:06:37.001Z,0.7503,4,SYNTH
2026-03-09 14:06:38.885Z,0.7516,2,SYNTH
2026-03-09 14:06:39.011Z,0.7516,4,SYNTH
2026-03-09 14:06:40.813Z,0.7500,4,SYNTH
2026-03-09 14:06:41.038Z,0.7508,1,SYNTH
2026-03-09 14:06:42.406Z,0.7510,1,SYNTH
2026-03-09 14:06:43.571Z,0.7499,2,SYNTH
2026-03-09 14:06:44.893Z,0.7513,1,SYNTH
2026-03-09 14:06:45.387Z,0.7502,3,SYNTH
2026-03-09 14:06:46.535Z,0.7516,2,SYNTH
2026-03-09 14:06:47.434Z,0.7514,1,SYNTH
2026-03-09 14:06:48.797Z,0.7499,1,SYNTH
2026-03-09 14:06:49.279Z,0.7498,2,SYNTH
2026-03-09 14:06:50.593Z,0.7517,1,SYNTH
2026-03-09 14:06:51.060Z,0.7507,2,SYNTH
2026-03-09 14:06:52.467Z,0.7514,2,SYNTH
2026-03-09 14:06:53.129Z,0.7504,1,SYNTH
2026-03-09 14:06:54.011Z,0.7510,1,SYNTH
2026-03-09 14:06:55.529Z,0.7499,1,SYNTH
2026-03-09 14:06:56.842Z,0.7517,1,SYNTH
2026-03-09 14:06:57.170Z,0.7505,1,SYNTH
2026-03-09 14:06:58.431Z,0.7519,2,SYNTH
2026-03-09 14:06:59.114Z,0.7508,1,SYNTH
2026-03-09 14:07:00.689Z,0.7512,2,SYNTH
2026-03-09 14:07:01.349Z,0.7503,2,SYNTH
2026-03-09 14:07:02.160Z,0.7508,1,SYNTH
2026-03-09 14:07:03.062Z,0.7518,2,SYNTH
2026-03-09 14:07:04.804Z,0.7511,2,SYNTH
2026-03-09 14:07:05.593Z,0.7503,2,SYNTH
2026-03-09 14:07:06.880Z,0.7511,1,SYNTH
2026-03-09 14:07:07.558Z,0.7503,2,SYNTH
2026-03-09 14:07:08.570Z,0.7515,1,SYNTH
2026-03-09 14:07:09.576Z,0.7515,2,SYNTH
2026-03-09 14:07:10.075Z,0.7515,2,SYNTH
2026-03-09 14:07:11.532Z,0.7505,4,SYNTH
2026-03-09 14:07:12.079Z,0.7516,4,SYNTH
2026-03-09 14:07:13.669Z,0.7503,3,SYNTH
2026-03-09 14:07:14.781Z,0.7499,2,SYNTH
2026-03-09 14:07:15.624Z,0.7515,1,SYNTH
2026-03-09 14:07:16.158Z,0.7514,3,SYNTH
2026-03-09 14:07:17.511Z,0.7504,2,SYNTH
2026-03-09 14:07:18.393Z,0.7514,2,SYNTH
2026-03-09 14:07:19.489Z,0.7509,3,SYNTH
2026-03-09 14:07:20.491Z,0.7506,1,SYNTH
2026-03-09 14:07:21.708Z,0.7518,1,SYNTH
2026-03-09 14:07:22.300Z,0.7502,1,SYNTH
2026-03-09 14:07:23.210Z,0.7508,1,SYNTH
2026-03-09 14:07:24.587Z,0.7496,2,SYNTH
2026-03-09 14:07:25.449Z,0.7516,1,SYNTH
2026-03-09 14:07:26.761Z,0.7509,2,SYNTH
2026-03-09 14:07:27.449Z,0.7503,1,SYNTH
2026-03-09 14:07:28.304Z,0.7510,2,SYNTH
2026-03-09 14:07:29.632Z,0.7511,1,SYNTH
2026-03-09 14:07:30.891Z,0.7513,1,SYNTH
2026-03-09 14:07:31.212Z,0.7500,1,SYNTH
2026-03-09 14:07:32.838Z,0.7508,1,SYNTH
2026-03-09 14:07:33.659Z,0.7507,1,SYNTH
2026-03-09 14:07:34.478Z,0.7515,1,SYNTH
2026-03-09 14:07:35.161Z,0.7511,1,SYNTH
2026-03-09 14:07:36.672Z,0.7503,1,SYNTH
2026-03-09 14:07:37.099Z,0.7514,2,SYNTH
2026-03-09 14:07:38.734Z,0.7516,4,SYNTH
2026-03-09 14:07:39.179Z,0.7503,2,SYNTH
2026-03-09 14:07:40.423Z,0.7517,4,SYNTH
2026-03-09 14:07:41.594Z,0.7499,1,SYNTH
2026-03-09 14:07:42.169Z,0.7514,1,SYNTH
2026-03-09 14:07:43.719Z,0.7519,1,SYNTH
2026-03-09 14:07:44.000Z,0.7511,1,SYNTH
2026-03-09 14:07:45.360Z,0.7502,1,SYNTH
2026-03-09 14:07:46.113Z,0.7518,2,SYNTH
2026-03-09 14:07:47.385Z,0.7497,2,SYNTH
2026-03-09 14:07:48.038Z,0.7516,1,SYNTH
2026-03-09 14:07:49.239Z,0.7509,2,SYNTH
2026-03-09 14:07:50.536Z,0.7515,1,SYNTH
2026-03-09 14:07:51.756Z,0.7501,2,SYNTH
2026-03-09 14:07:52.249Z,0.7508,1,SYNTH
2026-03-09 14:07:53.501Z,0.7508,2,SYNTH
2026-03-09 14:07:54.646Z,0.7517,2,SYNTH
2026-03-09 14:07:55.038Z,0.7506,1,SYNTH
2026-03-09 14:07:56.568Z,0.7515,1,SYNTH
2026-03-09 14:07:57.535Z,0.7509,2,SYNTH
2026-03-09 14:07:58.667Z,0.7517,2,SYNTH
2026-03-09 14:07:59.443Z,0.7499,2,SYNTH
2026-03-09 14:08:00.466Z,0.7517,214,SYNTH
2026-03-09 14:08:01.170Z,0.7501,150,SYNTH
2026-03-09 14:08:02.267Z,0.7504,106,SYNTH
2026-03-09 14:08:03.558Z,0.7501,107,SYNTH
2026-03-09 14:08:04.398Z,0.7510,111,SYNTH
2026-03-09 14:08:05.481Z,0.7510,195,SYNTH
2026-03-09 14:08:06.619Z,0.7515,151,SYNTH
2026-03-09 14:08:07.617Z,0.7502,94,SYNTH
2026-03-09 14:08:08.874Z,0.7511,140,SYNTH
2026-03-09 14:08:09.848Z,0.7512,104,SYNTH
2026-03-09 14:08:10.073Z,0.7512,188,SYNTH
2026-03-09 14:08:11.148Z,0.7500,448,SYNTH
2026-03-09 14:08:12.859Z,0.7515,198,SYNTH
2026-03-09 14:08:13.054Z,0.7510,452,SYNTH
2026-03-09 14:08:14.161Z,0.7504,157,SYNTH
2026-03-09 14:08:15.476Z,0.7499,131,SYNTH
2026-03-09 14:08:16.081Z,0.7511,247,SYNTH
2026-03-09 14:08:17.775Z,0.7502,180,SYNTH
2026-03-09 14:08:18.084Z,0.7501,291,SYNTH
2026-03-09 14:08:19.097Z,0.7510,220,SYNTH
2026-03-09 14:08:20.383Z,0.7510,125,SYNTH
2026-03-09 14:08:21.357Z,0.7503,118,SYNTH
2026-03-09 14:08:22.244Z,0.7509,123,SYNTH
2026-03-09 14:08:23.384Z,0.7517,71,SYNTH
2026-03-09 14:08:24.283Z,0.7518,120,SYNTH
2026-03-09 14:08:25.235Z,0.7502,107,SYNTH
2026-03-09 14:08:26.661Z,0.7506,90,SYNTH
2026-03-09 14:08:27.688Z,0.7515,94,SYNTH
2026-03-09 14:08:28.138Z,0.7510,115,SYNTH
2026-03-09 14:08:29.567Z,0.7507,114,SYNTH
2026-03-09 14:08:30.525Z,0.7516,95,SYNTH
2026-03-09 14:08:31.655Z,0.7505,132,SYNTH
2026-03-09 14:08:32.480Z,0.7519,138,SYNTH
2026-03-09 14:08:33.559Z,0.7503,151,SYNTH
2026-03-09 14:08:34.377Z,0.7503,109,SYNTH
2026-03-09 14:08:35.800Z,0.7510,107,SYNTH
2026-03-09 14:08:36.112Z,0.7505,89,SYNTH
2026-03-09 14:08:37.360Z,0.7511,240,SYNTH
2026-03-09 14:08:38.508Z,0.7499,395,SYNTH
2026-03-09 14:08:39.064Z,0.7501,197,SYNTH
2026-03-09 14:08:40.433Z,0.7514,384,SYNTH
2026-03-09 14:08:41.470Z,0.7506,167,SYNTH
2026-03-09 14:08:42.380Z,0.7515,109,SYNTH
2026-03-09 14:08:43.172Z,0.7502,141,SYNTH
2026-03-09 14:08:44.151Z,0.7518,130,SYNTH
2026-03-09 14:08:45.166Z,0.7502,119,SYNTH
2026-03-09 14:08:46.008Z,0.7503,114,SYNTH
2026-03-09 14:08:47.206Z,0.7512,273,SYNTH
2026-03-09 14:08:48.009Z,0.7517,166,SYNTH
2026-03-09 14:08:49.193Z,0.7497,145,SYNTH
2026-03-09 14:08:50.312Z,0.7513,112,SYNTH
2026-03-09 14:08:51.544Z,0.7500,182,SYNTH
2026-03-09 14:08:52.867Z,0.7519,148,SYNTH
2026-03-09 14:08:53.480Z,0.7502,161,SYNTH
2026-03-09 14:08:54.882Z,0.7502,214,SYNTH
2026-03-09 14:08:55.578Z,0.7516,122,SYNTH
2026-03-09 14:08:56.127Z,0.7498,199,SYNTH
2026-03-09 14:08:57.782Z,0.7509,97,SYNTH
2026-03-09 14:08:58.826Z,0.7500,173,SYNTH
2026-03-09 14:08:59.836Z,0.7510,204,SYNTH
2026-03-09 14:09:00.298Z,0.7509,69,SYNTH
2026-03-09 14:09:01.424Z,0.7506,94,SYNTH
2026-03-09 14:09:02.321Z,0.7501,110,SYNTH
2026-03-09 14:09:03.208Z,0.7508,90,SYNTH
2026-03-09 14:09:04.023Z,0.7512,61,SYNTH
2026-03-09 14:09:05.615Z,0.7507,69,SYNTH
2026-03-09 14:09:06.099Z,0.7498,118,SYNTH
2026-03-09 14:09:07.233Z,0.7510,116,SYNTH
2026-03-09 14:09:08.243Z,0.7502,75,SYNTH
2026-03-09 14:09:09.217Z,0.7516,83,SYNTH
2026-03-09 14:09:10.392Z,0.7511,45,SYNTH
2026-03-09 14:09:11.674Z,0.7501,217,SYNTH
2026-03-09 14:09:12.360Z,0.7515,249,SYNTH
2026-03-09 14:09:13.498Z,0.7510,246,SYNTH
2026-03-09 14:09:14.583Z,0.7517,53,SYNTH
2026-03-09 14:09:15.101Z,0.7510,74,SYNTH
2026-03-09 14:09:16.648Z,0.7503,78,SYNTH
2026-03-09 14:09:17.563Z,0.7500,78,SYNTH
2026-03-09 14:09:18.471Z,0.7517,161,SYNTH
2026-03-09 14:09:19.643Z,0.7518,76,SYNTH
2026-03-09 14:09:20.661Z,0.7500,89,SYNTH
2026-03-09 14:09:21.751Z,0.7511,49,SYNTH
2026-03-09 14:09:22.445Z,0.7505,56,SYNTH
2026-03-09 14:09:23.374Z,0.7510,53,SYNTH
2026-03-09 14:09:24.488Z,0.7505,79,SYNTH
2026-03-09 14:09:25.134Z,0.7510,72,SYNTH
2026-03-09 14:09:26.828Z,0.7501,85,SYNTH
2026-03-09 14:09:27.476Z,0.7515,75,SYNTH
2026-03-09 14:09:28.255Z,0.7504,80,SYNTH
2026-03-09 14:09:29.845Z,0.7510,64,SYNTH
2026-03-09 14:09:30.870Z,0.7510,53,SYNTH
2026-03-09 14:09:31.164Z,0.7507,63,SYNTH
2026-03-09 14:09:32.577Z,0.7510,53,SYNTH
2026-03-09 14:09:33.448Z,0.7509,43,SYNTH
2026-03-09 14:09:34.298Z,0.7518,82,SYNTH
2026-03-09 14:09:35.837Z,0.7505,48,SYNTH
2026-03-09 14:09:36.163Z,0.7512,47,SYNTH
2026-03-09 14:09:37.292Z,0.7498,108,SYNTH
2026-03-09 14:09:38.558Z,0.7506,144,SYNTH
2026-03-09 14:09:39.109Z,0.7510,165,SYNTH
2026-03-09 14:09:40.037Z,0.7509,159,SYNTH
2026-03-09 14:09:41.385Z,0.7513,78,SYNTH
2026-03-09 14:09:42.041Z,0.7507,82,SYNTH
2026-03-09 14:09:43.461Z,0.7509,82,SYNTH
2026-03-09 14:09:44.190Z,0.7515,82,SYNTH
2026-03-09 14:09:45.359Z,0.7505,115,SYNTH
2026-03-09 14:09:46.133Z,0.7517,124,SYNTH
2026-03-09 14:09:47.094Z,0.7504,97,SYNTH
2026-03-09 14:09:48.406Z,0.7509,62,SYNTH
2026-03-09 14:09:49.745Z,0.7513,99,SYNTH
2026-03-09 14:09:50.891Z,0.7498,57,SYNTH
2026-03-09 14:09:51.542Z,0.7514,92,SYNTH
2026-03-09 14:09:52.301Z,0.7499,80,SYNTH
2026-03-09 14:09:53.014Z,0.7515,90,SYNTH
2026-03-09 14:09:54.455Z,0.7513,59,SYNTH
2026-03-09 14:09:55.702Z,0.7504,121,SYNTH
2026-03-09 14:09:56.736Z,0.7516,62,SYNTH
2026-03-09 14:09:57.033Z,0.7500,85,SYNTH
2026-03-09 14:09:58.591Z,0.7513,111,SYNTH
2026-03-09 14:09:59.474Z,0.7499,94,SYNTH
2026-03-09 14:10:00.143Z,0.7513,2,SYNTH
2026-03-09 14:10:01.373Z,0.7502,5,SYNTH
2026-03-09 14:10:02.560Z,0.7513,2,SYNTH
2026-03-09 14:10:03.625Z,0.7507,4,SYNTH
2026-03-09 14:10:04.459Z,0.7509,3,SYNTH
2026-03-09 14:10:05.396Z,0.7519,3,SYNTH
2026-03-09 14:10:06.043Z,0.7498,4,SYNTH
2026-03-09 14:10:07.580Z,0.7514,3,SYNTH
2026-03-09 14:10:08.229Z,0.7516,4,SYNTH
2026-03-09 14:10:09.218Z,0.7508,4,SYNTH
2026-03-09 14:10:10.715Z,0.7517,3,SYNTH
2026-03-09 14:10:11.075Z,0.7498,9,SYNTH
2026-03-09 14:10:12.276Z,0.7514,8,SYNTH
2026-03-09 14:10:13.271Z,0.7509,9,SYNTH
2026-03-09 14:10:14.764Z,0.7518,2,SYNTH
2026-03-09 14:10:15.525Z,0.7518,2,SYNTH
2026-03-09 14:10:16.151Z,0.7500,6,SYNTH
2026-03-09 14:10:17.840Z,0.7498,3,SYNTH
2026-03-09 14:10:18.031Z,0.7500,3,SYNTH
2026-03-09 14:10:19.300Z,0.7515,4,SYNTH
2026-03-09 14:10:20.212Z,0.7511,3,SYNTH
2026-03-09 14:10:21.486Z,0.7500,1,SYNTH
2026-03-09 14:10:22.306Z,0.7506,2,SYNTH
2026-03-09 14:10:23.354Z,0.7515,3,SYNTH
2026-03-09 14:10:24.505Z,0.7509,2,SYNTH
2026-03-09 14:10:25.025Z,0.7501,1,SYNTH
2026-03-09 14:10:26.730Z,0.7515,2,SYNTH
2026-03-09 14:10:27.015Z,0.7502,3,SYNTH
2026-03-09 14:10:28.833Z,0.7514,2,SYNTH
2026-03-09 14:10:29.032Z,0.7518,2,SYNTH
2026-03-09 14:10:30.502Z,0.7507,2,SYNTH
2026-03-09 14:10:31.649Z,0.7509,2,SYNTH
2026-03-09 14:10:32.596Z,0.7511,3,SYNTH
2026-03-09 14:10:33.012Z,0.7517,2,SYNTH
2026-03-09 14:10:34.030Z,0.7516,1,SYNTH
2026-03-09 14:10:35.337Z,0.7506,3,SYNTH
2026-03-09 14:10:36.023Z,0.7517,3,SYNTH
2026-03-09 14:10:37.712Z,0.7518,4,SYNTH
2026-03-09 14:10:38.409Z,0.7508,7,SYNTH
2026-03-09 14:10:39.734Z,0.7503,5,SYNTH
2026-03-09 14:10:40.301Z,0.7517,7,SYNTH
2026-03-09 14:10:41.895Z,0.7514,3,SYNTH
2026-03-09 14:10:42.303Z,0.7510,3,SYNTH
2026-03-09 14:10:43.379Z,0.7502,4,SYNTH
2026-03-09 14:10:44.318Z,0.7514,2,SYNTH
2026-03-09 14:10:45.594Z,0.7506,3,SYNTH
2026-03-09 14:10:46.071Z,0.7514,4,SYNTH
2026-03-09 14:10:47.170Z,0.7518,3,SYNTH
2026-03-09 14:10:48.274Z,0.7514,3,SYNTH
2026-03-09 14:10:49.161Z,0.7513,3,SYNTH
2026-03-09 14:10:50.331Z,0.7500,4,SYNTH
2026-03-09 14:10:51.185Z,0.7510,4,SYNTH
2026-03-09 14:10:52.643Z,0.7501,2,SYNTH
2026-03-09 14:10:53.243Z,0.7517,4,SYNTH
2026-03-09 14:10:54.662Z,0.7511,4,SYNTH
2026-03-09 14:10:55.215Z,0.7512,2,SYNTH
2026-03-09 14:10:56.404Z,0.7514,4,SYNTH
2026-03-09 14:10:57.881Z,0.7500,3,SYNTH
2026-03-09 14:10:58.771Z,0.7509,3,SYNTH
2026-03-09 14:10:59.254Z,0.7511,3,SYNTH
2026-03-09 14:11:00.060Z,0.7511,7,SYNTH
2026-03-09 14:11:01.447Z,0.7498,14,SYNTH
2026-03-09 14:11:02.683Z,0.7515,11,SYNTH
2026-03-09 14:11:03.143Z,0.7505,8,SYNTH
2026-03-09 14:11:04.249Z,0.7517,13,SYNTH
2026-03-09 14:11:05.701Z,0.7515,10,SYNTH
2026-03-09 14:11:06.604Z,0.7516,9,SYNTH
2026-03-09 14:11:07.636Z,0.7501,9,SYNTH
2026-03-09 14:11:08.696Z,0.7511,11,SYNTH
2026-03-09 14:11:09.460Z,0.7512,12,SYNTH
2026-03-09 14:11:10.724Z,0.7516,12,SYNTH
2026-03-09 14:11:11.301Z,0.7503,21,SYNTH
2026-03-09 14:11:12.299Z,0.7514,15,SYNTH
2026-03-09 14:11:13.765Z,0.7507,24,SYNTH
2026-03-09 14:11:14.063Z,0.7507,8,SYNTH
2026-03-09 14:11:15.177Z,0.7513,9,SYNTH
2026-03-09 14:11:16.004Z,0.7507,8,SYNTH
2026-03-09 14:11:17.417Z,0.7512,9,SYNTH
2026-03-09 14:11:18.075Z,0.7510,8,SYNTH
2026-03-09 14:11:19.313Z,0.7513,11,SYNTH
2026-03-09 14:11:20.063Z,0.7499,6,SYNTH
2026-03-09 14:11:21.366Z,0.7514,4,SYNTH
2026-03-09 14:11:22.430Z,0.7502,5,SYNTH
2026-03-09 14:11:23.163Z,0.7508,7,SYNTH
2026-03-09 14:11:24.408Z,0.7515,8,SYNTH
2026-03-09 14:11:25.563Z,0.7515,9,SYNTH
2026-03-09 14:11:26.510Z,0.7501,7,SYNTH
2026-03-09 14:11:27.147Z,0.7501,6,SYNTH
2026-03-09 14:11:28.222Z,0.7516,6,SYNTH
2026-03-09 14:11:29.878Z,0.7517,9,SYNTH
2026-03-09 14:11:30.716Z,0.7509,7,SYNTH
2026-03-09 14:11:31.842Z,0.7502,6,SYNTH
2026-03-09 14:11:32.804Z,0.7504,6,SYNTH
2026-03-09 14:11:33.221Z,0.7510,7,SYNTH
2026-03-09 14:11:34.410Z,0.7517,8,SYNTH
2026-03-09 14:11:35.459Z,0.7505,6,SYNTH
2026-03-09 14:11:36.676Z,0.7516,9,SYNTH
2026-03-09 14:11:37.414Z,0.7500,18,SYNTH
2026-03-09 14:11:38.723Z,0.7512,11,SYNTH
2026-03-09 14:11:39.154Z,0.7515,21,SYNTH
2026-03-09 14:11:40.045Z,0.7501,21,SYNTH
2026-03-09 14:11:41.079Z,0.7512,5,SYNTH
2026-03-09 14:11:42.306Z,0.7516,9,SYNTH
2026-03-09 14:11:43.585Z,0.7513,9,SYNTH
2026-03-09 14:11:44.278Z,0.7503,11,SYNTH
2026-03-09 14:11:45.836Z,0.7502,7,SYNTH
2026-03-09 14:11:46.118Z,0.7516,14,SYNTH
2026-03-09 14:11:47.757Z,0.7505,15,SYNTH
2026-03-09 14:11:48.127Z,0.7508,5,SYNTH
2026-03-09 14:11:49.838Z,0.7519,5,SYNTH
2026-03-09 14:11:50.874Z,0.7500,5,SYNTH
2026-03-09 14:11:51.036Z,0.7515,11,SYNTH
2026-03-09 14:11:52.004Z,0.7502,7,SYNTH
2026-03-09 14:11:53.138Z,0.7507,9,SYNTH
2026-03-09 14:11:54.327Z,0.7511,9,SYNTH
2026-03-09 14:11:55.768Z,0.7502,6,SYNTH
2026-03-09 14:11:56.228Z,0.7516,11,SYNTH
2026-03-09 14:11:57.367Z,0.7503,6,SYNTH
2026-03-09 14:11:58.282Z,0.7515,10,SYNTH
2026-03-09 14:11:59.393Z,0.7506,14,SYNTH
2026-03-09 14:12:00.716Z,0.7512,5,SYNTH
2026-03-09 14:12:01.315Z,0.7502,4,SYNTH
2026-03-09 14:12:02.656Z,0.7509,5,SYNTH
2026-03-09 14:12:03.221Z,0.7510,4,SYNTH
2026-03-09 14:12:04.131Z,0.7499,4,SYNTH
2026-03-09 14:12:05.851Z,0.7509,2,SYNTH
2026-03-09 14:12:06.202Z,0.7500,3,SYNTH
2026-03-09 14:12:07.176Z,0.7510,4,SYNTH
2026-03-09 14:12:08.361Z,0.7509,5,SYNTH
2026-03-09 14:12:09.229Z,0.7502,4,SYNTH
2026-03-09 14:12:10.861Z,0.7512,3,SYNTH
2026-03-09 14:12:11.667Z,0.7513,6,SYNTH
2026-03-09 14:12:12.767Z,0.7500,4,SYNTH
2026-03-09 14:12:13.720Z,0.7505,8,SYNTH
2026-03-09 14:12:14.084Z,0.7514,3,SYNTH
2026-03-09 14:12:15.366Z,0.7505,4,SYNTH
2026-03-09 14:12:16.776Z,0.7508,6,SYNTH
2026-03-09 14:12:17.069Z,0.7515,5,SYNTH
2026-03-09 14:12:18.537Z,0.7500,7,SYNTH
2026-03-09 14:12:19.519Z,0.7512,3,SYNTH
2026-03-09 14:12:20.645Z,0.7513,2,SYNTH
2026-03-09 14:12:21.316Z,0.7511,2,SYNTH
2026-03-09 14:12:22.010Z,0.7505,3,SYNTH
2026-03-09 14:12:23.154Z,0.7498,3,SYNTH
2026-03-09 14:12:24.114Z,0.7510,2,SYNTH
2026-03-09 14:12:25.507Z,0.7508,3,SYNTH
2026-03-09 14:12:26.474Z,0.7511,2,SYNTH
2026-03-09 14:12:27.128Z,0.7517,3,SYNTH
2026-03-09 14:12:28.452Z,0.7504,4,SYNTH
2026-03-09 14:12:29.320Z,0.7512,2,SYNTH
2026-03-09 14:12:30.448Z,0.7501,2,SYNTH
2026-03-09 14:12:31.418Z,0.7506,2,SYNTH
2026-03-09 14:12:32.308Z,0.7513,2,SYNTH
2026-03-09 14:12:33.779Z,0.7513,1,SYNTH
2026-03-09 14:12:34.766Z,0.7503,3,SYNTH
2026-03-09 14:12:35.061Z,0.7518,3,SYNTH
2026-03-09 14:12:36.719Z,0.7504,2,SYNTH
2026-03-09 14:12:37.015Z,0.7516,7,SYNTH
2026-03-09 14:12:38.592Z,0.7514,6,SYNTH
2026-03-09 14:12:39.108Z,0.7504,5,SYNTH
2026-03-09 14:12:40.841Z,0.7511,10,SYNTH
2026-03-09 14:12:41.702Z,0.7511,4,SYNTH
2026-03-09 14:12:42.072Z,0.7499,3,SYNTH
2026-03-09 14:12:43.399Z,0.7502,3,SYNTH
2026-03-09 14:12:44.674Z,0.7515,3,SYNTH
2026-03-09 14:12:45.025Z,0.7513,3,SYNTH
2026-03-09 14:12:46.383Z,0.7507,5,SYNTH
2026-03-09 14:12:47.294Z,0.7517,3,SYNTH
2026-03-09 14:12:48.838Z,0.7516,3,SYNTH
2026-03-09 14:12:49.427Z,0.7496,4,SYNTH
2026-03-09 14:12:50.192Z,0.7518,2,SYNTH
2026-03-09 14:12:51.006Z,0.7512,2,SYNTH
2026-03-09 14:12:52.306Z,0.7517,4,SYNTH
2026-03-09 14:12:53.253Z,0.7507,3,SYNTH
2026-03-09 14:12:54.342Z,0.7516,5,SYNTH
2026-03-09 14:12:55.845Z,0.7513,4,SYNTH
2026-03-09 14:12:56.373Z,0.7502,4,SYNTH
2026-03-09 14:12:57.248Z,0.7508,3,SYNTH
2026-03-09 14:12:58.839Z,0.7502,3,SYNTH
2026-03-09 14:12:59.278Z,0.7511,5,SYNTH
2026-03-09 14:13:00.382Z,0.7511,32,SYNTH
2026-03-09 14:13:01.784Z,0.7511,24,SYNTH
2026-03-09 14:13:02.601Z,0.7503,30,SYNTH
2026-03-09 14:13:03.141Z,0.7504,28,SYNTH
2026-03-09 14:13:04.537Z,0.7502,23,SYNTH
2026-03-09 14:13:05.080Z,0.7514,30,SYNTH
2026-03-09 14:13:06.484Z,0.7519,28,SYNTH
2026-03-09 14:13:07.694Z,0.7501,21,SYNTH
2026-03-09 14:13:08.265Z,0.7518,25,SYNTH
2026-03-09 14:13:09.052Z,0.7500,14,SYNTH
2026-03-09 14:13:10.843Z,0.7517,17,SYNTH
2026-03-09 14:13:11.162Z,0.7512,63,SYNTH
2026-03-09 14:13:12.126Z,0.7516,41,SYNTH
2026-03-09 14:13:13.344Z,0.7502,53,SYNTH
2026-03-09 14:13:14.560Z,0.7513,14,SYNTH
2026-03-09 14:13:15.648Z,0.7503,17,SYNTH
2026-03-09 14:13:16.649Z,0.7517,20,SYNTH
2026-03-09 14:13:17.824Z,0.7505,26,SYNTH
2026-03-09 14:13:18.474Z,0.7512,25,SYNTH
2026-03-09 14:13:19.764Z,0.7513,33,SYNTH
2026-03-09 14:13:20.791Z,0.7503,20,SYNTH
2026-03-09 14:13:21.152Z,0.7508,20,SYNTH
2026-03-09 14:13:22.361Z,0.7515,10,SYNTH
2026-03-09 14:13:23.225Z,0.7506,14,SYNTH
2026-03-09 14:13:24.665Z,0.7510,9,SYNTH
2026-03-09 14:13:25.159Z,0.7515,9,SYNTH
2026-03-09 14:13:26.068Z,0.7503,16,SYNTH
2026-03-09 14:13:27.155Z,0.7514,15,SYNTH
2026-03-09 14:13:28.331Z,0.7500,15,SYNTH
2026-03-09 14:13:29.281Z,0.7508,14,SYNTH
2026-03-09 14:13:30.157Z,0.7516,19,SYNTH
2026-03-09 14:13:31.253Z,0.7504,15,SYNTH
2026-03-09 14:13:32.834Z,0.7498,20,SYNTH
2026-03-09 14:13:33.099Z,0.7512,20,SYNTH
2026-03-09 14:13:34.222Z,0.7501,21,SYNTH
2026-03-09 14:13:35.479Z,0.7518,9,SYNTH
2026-03-09 14:13:36.635Z,0.7502,19,SYNTH
2026-03-09 14:13:37.658Z,0.7512,33,SYNTH
2026-03-09 14:13:38.822Z,0.7505,24,SYNTH
2026-03-09 14:13:39.408Z,0.7512,37,SYNTH
2026-03-09 14:13:40.642Z,0.7508,29,SYNTH
2026-03-09 14:13:41.166Z,0.7510,18,SYNTH
2026-03-09 14:13:42.606Z,0.7505,20,SYNTH
2026-03-09 14:13:43.814Z,0.7512,13,SYNTH
2026-03-09 14:13:44.204Z,0.7502,18,SYNTH
2026-03-09 14:13:45.855Z,0.7506,23,SYNTH
2026-03-09 14:13:46.044Z,0.7508,25,SYNTH
2026-03-09 14:13:47.505Z,0.7510,23,SYNTH
2026-03-09 14:13:48.460Z,0.7504,16,SYNTH
2026-03-09 14:13:49.582Z,0.7518,20,SYNTH
2026-03-09 14:13:50.314Z,0.7497,25,SYNTH
2026-03-09 14:13:51.087Z,0.7509,23,SYNTH
2026-03-09 14:13:52.881Z,0.7510,25,SYNTH
2026-03-09 14:13:53.029Z,0.7501,17,SYNTH
2026-03-09 14:13:54.382Z,0.7518,22,SYNTH
2026-03-09 14:13:55.359Z,0.7518,13,SYNTH
2026-03-09 14:13:56.501Z,0.7502,22,SYNTH
2026-03-09 14:13:57.735Z,0.7507,23,SYNTH
2026-03-09 14:13:58.741Z,0.7511,28,SYNTH
2026-03-09 14:13:59.731Z,0.7504,26,SYNTH
2026-03-09 14:14:00.358Z,0.7508,5,SYNTH
2026-03-09 14:14:01.720Z,0.7510,4,SYNTH
2026-03-09 14:14:02.601Z,0.7510,4,SYNTH
2026-03-09 14:14:03.363Z,0.7512,5,SYNTH
2026-03-09 14:14:04.530Z,0.7501,5,SYNTH
2026-03-09 14:14:05.177Z,0.7514,3,SYNTH
2026-03-09 14:14:06.115Z,0.7506,3,SYNTH
2026-03-09 14:14:07.520Z,0.7508,4,SYNTH
2026-03-09 14:14:08.717Z,0.7501,4,SYNTH
2026-03-09 14:14:09.065Z,0.7498,3,SYNTH
2026-03-09 14:14:10.399Z,0.7512,3,SYNTH
2026-03-09 14:14:11.764Z,0.7518,9,SYNTH
2026-03-09 14:14:12.748Z,0.7499,10,SYNTH
2026-03-09 14:14:13.277Z,0.7514,6,SYNTH
2026-03-09 14:14:14.033Z,0.7515,4,SYNTH
2026-03-09 14:14:15.050Z,0.7501,4,SYNTH
2026-03-09 14:14:16.776Z,0.7508,7,SYNTH
2026-03-09 14:14:17.422Z,0.7506,6,SYNTH
2026-03-09 14:14:18.535Z,0.7510,4,SYNTH
2026-03-09 14:14:19.797Z,0.7498,5,SYNTH
2026-03-09 14:14:20.590Z,0.7511,2,SYNTH
2026-03-09 14:14:21.810Z,0.7512,3,SYNTH
2026-03-09 14:14:22.184Z,0.7498,2,SYNTH
2026-03-09 14:14:23.494Z,0.7503,3,SYNTH
2026-03-09 14:14:24.091Z,0.7507,3,SYNTH
2026-03-09 14:14:25.130Z,0.7514,3,SYNTH
2026-03-09 14:14:26.680Z,0.7502,2,SYNTH
2026-03-09 14:14:27.610Z,0.7507,3,SYNTH
2026-03-09 14:14:28.384Z,0.7514,2,SYNTH
2026-03-09 14:14:29.522Z,0.7513,2,SYNTH
2026-03-09 14:14:30.638Z,0.7497,2,SYNTH
2026-03-09 14:14:31.835Z,0.7507,3,SYNTH
2026-03-09 14:14:32.418Z,0.7515,2,SYNTH
2026-03-09 14:14:33.227Z,0.7512,2,SYNTH
2026-03-09 14:14:34.503Z,0.7511,3,SYNTH
2026-03-09 14:14:35.233Z,0.7503,3,SYNTH
2026-03-09 14:14:36.100Z,0.7496,2,SYNTH
2026-03-09 14:14:37.464Z,0.7516,9,SYNTH
2026-03-09 14:14:38.356Z,0.7503,8,SYNTH
2026-03-09 14:14:39.627Z,0.7512,5,SYNTH
2026-03-09 14:14:40.012Z,0.7508,5,SYNTH
2026-03-09 14:14:41.301Z,0.7518,4,SYNTH
2026-03-09 14:14:42.525Z,0.7509,3,SYNTH
2026-03-09 14:14:43.286Z,0.7500,2,SYNTH
2026-03-09 14:14:44.712Z,0.7518,3,SYNTH
2026-03-09 14:14:45.388Z,0.7514,3,SYNTH
2026-03-09 14:14:46.147Z,0.7515,3,SYNTH
2026-03-09 14:14:47.489Z,0.7505,5,SYNTH
2026-03-09 14:14:48.405Z,0.7510,2,SYNTH
2026-03-09 14:14:49.187Z,0.7500,2,SYNTH
2026-03-09 14:14:50.038Z,0.7516,2,SYNTH
2026-03-09 14:14:51.081Z,0.7503,2,SYNTH
2026-03-09 14:14:52.876Z,0.7516,4,SYNTH
2026-03-09 14:14:53.047Z,0.7514,5,SYNTH
2026-03-09 14:14:54.252Z,0.7503,4,SYNTH
2026-03-09 14:14:55.658Z,0.7514,3,SYNTH
2026-03-09 14:14:56.445Z,0.7514,4,SYNTH
2026-03-09 14:14:57.743Z,0.7502,5,SYNTH
2026-03-09 14:14:58.151Z,0.7515,3,SYNTH
2026-03-09 14:14:59.735Z,0.7498,2,SYNTH
2026-03-09 14:15:00.092Z,0.7515,1,SYNTH
2026-03-09 14:15:01.760Z,0.7497,2,SYNTH
2026-03-09 14:15:02.012Z,0.7503,2,SYNTH
2026-03-09 14:15:03.711Z,0.7511,2,SYNTH
2026-03-09 14:15:04.829Z,0.7514,2,SYNTH
2026-03-09 14:15:05.421Z,0.7509,1,SYNTH
2026-03-09 14:15:06.032Z,0.7505,1,SYNTH
2026-03-09 14:15:07.658Z,0.7516,2,SYNTH
2026-03-09 14:15:08.288Z,0.7498,2,SYNTH
2026-03-09 14:15:09.259Z,0.7515,1,SYNTH
2026-03-09 14:15:10.877Z,0.7500,2,SYNTH
2026-03-09 14:15:11.460Z,0.7498,3,SYNTH
2026-03-09 14:15:12.244Z,0.7506,4,SYNTH
2026-03-09 14:15:13.825Z,0.7508,5,SYNTH
2026-03-09 14:15:14.436Z,0.7510,1,SYNTH
2026-03-09 14:15:15.738Z,0.7502,1,SYNTH
2026-03-09 14:15:16.025Z,0.7499,1,SYNTH
2026-03-09 14:15:17.125Z,0.7512,3,SYNTH
2026-03-09 14:15:18.176Z,0.7512,3,SYNTH
2026-03-09 14:15:19.844Z,0.7499,3,SYNTH
2026-03-09 14:15:20.279Z,0.7510,1,SYNTH
2026-03-09 14:15:21.450Z,0.7502,2,SYNTH
2026-03-09 14:15:22.862Z,0.7509,2,SYNTH
2026-03-09 14:15:23.213Z,0.7517,1,SYNTH
2026-03-09 14:15:24.886Z,0.7504,1,SYNTH
2026-03-09 14:15:25.386Z,0.7509,1,SYNTH
2026-03-09 14:15:26.119Z,0.7497,2,SYNTH
2026-03-09 14:15:27.511Z,0.7515,1,SYNTH
2026-03-09 14:15:28.879Z,0.7501,1,SYNTH
2026-03-09 14:15:29.128Z,0.7509,1,SYNTH
2026-03-09 14:15:30.256Z,0.7498,1,SYNTH
2026-03-09 14:15:31.410Z,0.7515,2,SYNTH
2026-03-09 14:15:32.292Z,0.7512,1,SYNTH
2026-03-09 14:15:33.253Z,0.7504,1,SYNTH
2026-03-09 14:15:34.762Z,0.7516,1,SYNTH
2026-03-09 14:15:35.036Z,0.7514,1,SYNTH
2026-03-09 14:15:36.695Z,0.7504,1,SYNTH
2026-03-09 14:15:37.774Z,0.7515,3,SYNTH
2026-03-09 14:15:38.679Z,0.7500,2,SYNTH
2026-03-09 14:15:39.115Z,0.7510,2,SYNTH
2026-03-09 14:15:40.320Z,0.7511,4,SYNTH
2026-03-09 14:15:41.447Z,0.7500,1,SYNTH
2026-03-09 14:15:42.334Z,0.7497,1,SYNTH
2026-03-09 14:15:43.159Z,0.7513,1,SYNTH
2026-03-09 14:15:44.451Z,0.7505,1,SYNTH
2026-03-09 14:15:45.545Z,0.7514,2,SYNTH
2026-03-09 14:15:46.273Z,0.7510,2,SYNTH
2026-03-09 14:15:47.852Z,0.7510,2,SYNTH
2026-03-09 14:15:48.269Z,0.7512,1,SYNTH
2026-03-09 14:15:49.744Z,0.7498,1,SYNTH
2026-03-09 14:15:50.406Z,0.7515,2,SYNTH
2026-03-09 14:15:51.454Z,0.7515,1,SYNTH
2026-03-09 14:15:52.531Z,0.7506,1,SYNTH
2026-03-09 14:15:53.787Z,0.7509,2,SYNTH
2026-03-09 14:15:54.800Z,0.7499,2,SYNTH
2026-03-09 14:15:55.299Z,0.7510,2,SYNTH
2026-03-09 14:15:56.408Z,0.7501,2,SYNTH
2026-03-09 14:15:57.136Z,0.7505,1,SYNTH
2026-03-09 14:15:58.612Z,0.7515,2,SYNTH
2026-03-09 14:15:59.558Z,0.7501,2,SYNTH
2026-03-09 14:16:00.125Z,0.7513,10,SYNTH
2026-03-09 14:16:01.372Z,0.7504,15,SYNTH
2026-03-09 14:16:02.510Z,0.7501,11,SYNTH
2026-03-09 14:16:03.639Z,0.7516,13,SYNTH
2026-03-09 14:16:04.422Z,0.7512,9,SYNTH
2026-03-09 14:16:05.752Z,0.7507,9,SYNTH
2026-03-09 14:16:06.304Z,0.7513,12,SYNTH
2026-03-09 14:16:07.328Z,0.7503,13,SYNTH
2026-03-09 14:16:08.433Z,0.7511,13,SYNTH
2026-03-09 14:16:09.129Z,0.7511,14,SYNTH
2026-03-09 14:16:10.644Z,0.7502,10,SYNTH
2026-03-09 14:16:11.830Z,0.7514,24,SYNTH
2026-03-09 14:16:12.532Z,0.7510,24,SYNTH
2026-03-09 14:16:13.251Z,0.7507,29,SYNTH
2026-03-09 14:16:14.368Z,0.7512,6,SYNTH
2026-03-09 14:16:15.183Z,0.7512,5,SYNTH
2026-03-09 14:16:16.035Z,0.7499,13,SYNTH
2026-03-09 14:16:17.523Z,0.7514,15,SYNTH
2026-03-09 14:16:18.375Z,0.7509,10,SYNTH
2026-03-09 14:16:19.575Z,0.7500,17,SYNTH
2026-03-09 14:16:20.019Z,0.7518,7,SYNTH
2026-03-09 14:16:21.442Z,0.7500,9,SYNTH
2026-03-09 14:16:22.289Z,0.7515,8,SYNTH
2026-03-09 14:16:23.494Z,0.7517,7,SYNTH
2026-03-09 14:16:24.794Z,0.7505,10,SYNTH
2026-03-09 14:16:25.850Z,0.7516,6,SYNTH
2026-03-09 14:16:26.237Z,0.7499,5,SYNTH
2026-03-09 14:16:27.348Z,0.7516,9,SYNTH
2026-03-09 14:16:28.651Z,0.7511,7,SYNTH
2026-03-09 14:16:29.263Z,0.7503,10,SYNTH
2026-03-09 14:16:30.670Z,0.7511,7,SYNTH
2026-03-09 14:16:31.091Z,0.7517,5,SYNTH
2026-03-09 14:16:32.268Z,0.7510,11,SYNTH
2026-03-09 14:16:33.880Z,0.7501,5,SYNTH
2026-03-09 14:16:34.236Z,0.7518,8,SYNTH
2026-03-09 14:16:35.652Z,0.7511,8,SYNTH
2026-03-09 14:16:36.262Z,0.7518,8,SYNTH
2026-03-09 14:16:37.632Z,0.7510,28,SYNTH
2026-03-09 14:16:38.706Z,0.7501,24,SYNTH
2026-03-09 14:16:39.809Z,0.7511,22,SYNTH
2026-03-09 14:16:40.093Z,0.7499,17,SYNTH
2026-03-09 14:16:41.040Z,0.7516,9,SYNTH
2026-03-09 14:16:42.682Z,0.7505,10,SYNTH
2026-03-09 14:16:43.588Z,0.7514,6,SYNTH
2026-03-09 14:16:44.668Z,0.7504,5,SYNTH
2026-03-09 14:16:45.222Z,0.7511,8,SYNTH
2026-03-09 14:16:46.171Z,0.7499,16,SYNTH
2026-03-09 14:16:47.529Z,0.7517,19,SYNTH
2026-03-09 14:16:48.329Z,0.7499,12,SYNTH
2026-03-09 14:16:49.456Z,0.7516,6,SYNTH
2026-03-09 14:16:50.815Z,0.7513,9,SYNTH
2026-03-09 14:16:51.584Z,0.7507,11,SYNTH
2026-03-09 14:16:52.361Z,0.7513,8,SYNTH
2026-03-09 14:16:53.071Z,0.7520,8,SYNTH
2026-03-09 14:16:54.220Z,0.7496,15,SYNTH
2026-03-09 14:16:55.158Z,0.7519,12,SYNTH
2026-03-09 14:16:56.211Z,0.7499,9,SYNTH
2026-03-09 14:16:57.129Z,0.7513,8,SYNTH
2026-03-09 14:16:58.219Z,0.7514,15,SYNTH
2026-03-09 14:16:59.844Z,0.7500,7,SYNTH
2026-03-09 14:17:00.662Z,0.7514,3,SYNTH
2026-03-09 14:17:01.518Z,0.7515,3,SYNTH
2026-03-09 14:17:02.078Z,0.7498,3,SYNTH
2026-03-09 14:17:03.692Z,0.7516,3,SYNTH
2026-03-09 14:17:04.237Z,0.7503,4,SYNTH
2026-03-09 14:17:05.638Z,0.7517,4,SYNTH
2026-03-09 14:17:06.497Z,0.7499,4,SYNTH
2026-03-09 14:17:07.371Z,0.7510,4,SYNTH
2026-03-09 14:17:08.074Z,0.7511,3,SYNTH
2026-03-09 14:17:09.192Z,0.7502,5,SYNTH
2026-03-09 14:17:10.406Z,0.7515,4,SYNTH
2026-03-09 14:17:11.358Z,0.7516,10,SYNTH
2026-03-09 14:17:12.677Z,0.7508,9,SYNTH
2026-03-09 14:17:13.267Z,0.7502,11,SYNTH
2026-03-09 14:17:14.039Z,0.7514,4,SYNTH
2026-03-09 14:17:15.057Z,0.7511,3,SYNTH
2026-03-09 14:17:16.714Z,0.7500,4,SYNTH
2026-03-09 14:17:17.527Z,0.7515,6,SYNTH
2026-03-09 14:17:18.336Z,0.7512,6,SYNTH
2026-03-09 14:17:19.113Z,0.7516,6,SYNTH
2026-03-09 14:17:20.067Z,0.7513,3,SYNTH
2026-03-09 14:17:21.688Z,0.7505,4,SYNTH
2026-03-09 14:17:22.497Z,0.7509,3,SYNTH
2026-03-09 14:17:23.667Z,0.7513,4,SYNTH
2026-03-09 14:17:24.051Z,0.7500,3,SYNTH
2026-03-09 14:17:25.009Z,0.7513,2,SYNTH
2026-03-09 14:17:26.145Z,0.7511,3,SYNTH
2026-03-09 14:17:27.802Z,0.7503,2,SYNTH
2026-03-09 14:17:28.181Z,0.7510,3,SYNTH
2026-03-09 14:17:29.028Z,0.7516,2,SYNTH
2026-03-09 14:17:30.149Z,0.7517,2,SYNTH
2026-03-09 14:17:31.131Z,0.7514,2,SYNTH
2026-03-09 14:17:32.496Z,0.7503,2,SYNTH
2026-03-09 14:17:33.276Z,0.7508,4,SYNTH
2026-03-09 14:17:34.377Z,0.7510,2,SYNTH
2026-03-09 14:17:35.801Z,0.7499,2,SYNTH
2026-03-09 14:17:36.631Z,0.7512,2,SYNTH
2026-03-09 14:17:37.701Z,0.7499,10,SYNTH
2026-03-09 14:17:38.260Z,0.7509,10,SYNTH
2026-03-09 14:17:39.195Z,0.7497,5,SYNTH
2026-03-09 14:17:40.859Z,0.7511,9,SYNTH
2026-03-09 14:17:41.192Z,0.7496,4,SYNTH
2026-03-09 14:17:42.128Z,0.7518,3,SYNTH
2026-03-09 14:17:43.534Z,0.7505,4,SYNTH
2026-03-09 14:17:44.176Z,0.7517,5,SYNTH
2026-03-09 14:17:45.502Z,0.7496,6,SYNTH
2026-03-09 14:17:46.811Z,0.7508,7,SYNTH
2026-03-09 14:17:47.110Z,0.7510,4,SYNTH
2026-03-09 14:17:48.664Z,0.7508,2,SYNTH
2026-03-09 14:17:49.132Z,0.7513,3,SYNTH
2026-03-09 14:17:50.526Z,0.7505,4,SYNTH
2026-03-09 14:17:51.146Z,0.7516,4,SYNTH
2026-03-09 14:17:52.449Z,0.7497,3,SYNTH
2026-03-09 14:17:53.282Z,0.7517,4,SYNTH
2026-03-09 14:17:54.875Z,0.7500,4,SYNTH
2026-03-09 14:17:55.371Z,0.7516,3,SYNTH
2026-03-09 14:17:56.250Z,0.7500,5,SYNTH
2026-03-09 14:17:57.024Z,0.7509,4,SYNTH
2026-03-09 14:17:58.182Z,0.7503,5,SYNTH
2026-03-09 14:17:59.400Z,0.7514,3,SYNTH
2026-03-09 14:18:00.111Z,0.7511,10,SYNTH
2026-03-09 14:18:01.722Z,0.7517,6,SYNTH
2026-03-09 14:18:02.676Z,0.7504,5,SYNTH
2026-03-09 14:18:03.101Z,0.7513,7,SYNTH
2026-03-09 14:18:04.483Z,0.7516,7,SYNTH
2026-03-09 14:18:05.887Z,0.7516,8,SYNTH
2026-03-09 14:18:06.096Z,0.7498,7,SYNTH
2026-03-09 14:18:07.291Z,0.7508,8,SYNTH
2026-03-09 14:18:08.715Z,0.7518,7,SYNTH
2026-03-09 14:18:09.320Z,0.7497,4,SYNTH
2026-03-09 14:18:10.734Z,0.7510,7,SYNTH
2026-03-09 14:18:11.104Z,0.7500,12,SYNTH
2026-03-09 14:18:12.642Z,0.7514,13,SYNTH
2026-03-09 14:18:13.844Z,0.7511,17,SYNTH
2026-03-09 14:18:14.597Z,0.7504,6,SYNTH
2026-03-09 14:18:15.688Z,0.7513,4,SYNTH
2026-03-09 14:18:16.570Z,0.7497,6,SYNTH
2026-03-09 14:18:17.808Z,0.7497,10,SYNTH
2026-03-09 14:18:18.368Z,0.7510,10,SYNTH
2026-03-09 14:18:19.781Z,0.7518,11,SYNTH
2026-03-09 14:18:20.724Z,0.7513,5,SYNTH
2026-03-09 14:18:21.603Z,0.7500,4,SYNTH
2026-03-09 14:18:22.395Z,0.7515,5,SYNTH
2026-03-09 14:18:23.298Z,0.7517,5,SYNTH
2026-03-09 14:18:24.025Z,0.7507,6,SYNTH
2026-03-09 14:18:25.764Z,0.7517,6,SYNTH
2026-03-09 14:18:26.809Z,0.7504,5,SYNTH
2026-03-09 14:18:27.083Z,0.7512,6,SYNTH
2026-03-09 14:18:28.545Z,0.7504,6,SYNTH
2026-03-09 14:18:29.047Z,0.7507,6,SYNTH
2026-03-09 14:18:30.786Z,0.7517,5,SYNTH
2026-03-09 14:18:31.088Z,0.7501,3,SYNTH
2026-03-09 14:18:32.178Z,0.7512,6,SYNTH
2026-03-09 14:18:33.607Z,0.7515,6,SYNTH
2026-03-09 14:18:34.702Z,0.7510,5,SYNTH
2026-03-09 14:18:35.365Z,0.7504,6,SYNTH
2026-03-09 14:18:36.254Z,0.7508,4,SYNTH
2026-03-09 14:18:37.367Z,0.7515,13,SYNTH
2026-03-09 14:18:38.895Z,0.7499,10,SYNTH
2026-03-09 14:18:39.087Z,0.7508,12,SYNTH
2026-03-09 14:18:40.589Z,0.7498,8,SYNTH
2026-03-09 14:18:41.541Z,0.7512,4,SYNTH
2026-03-09 14:18:42.814Z,0.7499,5,SYNTH
2026-03-09 14:18:43.868Z,0.7509,3,SYNTH
2026-03-09 14:18:44.416Z,0.7503,7,SYNTH
2026-03-09 14:18:45.374Z,0.7508,6,SYNTH
2026-03-09 14:18:46.733Z,0.7499,7,SYNTH
2026-03-09 14:18:47.480Z,0.7510,9,SYNTH
2026-03-09 14:18:48.201Z,0.7513,3,SYNTH
2026-03-09 14:18:49.361Z,0.7510,6,SYNTH
2026-03-09 14:18:50.053Z,0.7504,8,SYNTH
2026-03-09 14:18:51.344Z,0.7516,7,SYNTH
2026-03-09 14:18:52.741Z,0.7504,8,SYNTH
2026-03-09 14:18:53.725Z,0.7515,5,SYNTH
2026-03-09 14:18:54.252Z,0.7517,5,SYNTH
2026-03-09 14:18:55.749Z,0.7498,7,SYNTH
2026-03-09 14:18:56.347Z,0.7507,8,SYNTH
2026-03-09 14:18:57.024Z,0.7516,7,SYNTH
2026-03-09 14:18:58.093Z,0.7501,8,SYNTH
2026-03-09 14:18:59.805Z,0.7516,9,SYNTH
2026-03-09 14:19:00.898Z,0.7512,10,SYNTH
2026-03-09 14:19:01.798Z,0.7500,10,SYNTH
2026-03-09 14:19:02.714Z,0.7510,13,SYNTH
2026-03-09 14:19:03.697Z,0.7511,11,SYNTH
2026-03-09 14:19:04.453Z,0.7511,6,SYNTH
2026-03-09 14:19:05.782Z,0.7506,13,SYNTH
2026-03-09 14:19:06.285Z,0.7499,6,SYNTH
2026-03-09 14:19:07.593Z,0.7509,9,SYNTH
2026-03-09 14:19:08.388Z,0.7507,12,SYNTH
2026-03-09 14:19:09.199Z,0.7501,6,SYNTH
2026-03-09 14:19:10.012Z,0.7507,10,SYNTH
2026-03-09 14:19:11.785Z,0.7513,22,SYNTH
2026-03-09 14:19:12.741Z,0.7518,23,SYNTH
2026-03-09 14:19:13.641Z,0.7501,26,SYNTH
2026-03-09 14:19:14.031Z,0.7514,7,SYNTH
2026-03-09 14:19:15.325Z,0.7506,6,SYNTH
2026-03-09 14:19:16.567Z,0.7515,17,SYNTH
2026-03-09 14:19:17.154Z,0.7511,16,SYNTH
2026-03-09 14:19:18.149Z,0.7500,9,SYNTH
2026-03-09 14:19:19.111Z,0.7511,14,SYNTH
2026-03-09 14:19:20.102Z,0.7503,10,SYNTH
2026-03-09 14:19:21.531Z,0.7504,10,SYNTH
2026-03-09 14:19:22.779Z,0.7519,8,SYNTH
2026-03-09 14:19:23.399Z,0.7506,7,SYNTH
2026-03-09 14:19:24.434Z,0.7510,9,SYNTH
2026-03-09 14:19:25.364Z,0.7516,7,SYNTH
2026-03-09 14:19:26.516Z,0.7507,9,SYNTH
2026-03-09 14:19:27.578Z,0.7500,5,SYNTH
2026-03-09 14:19:28.714Z,0.7514,4,SYNTH
2026-03-09 14:19:29.343Z,0.7522,6,SYNTH
2026-03-09 14:19:30.482Z,0.7508,9,SYNTH
2026-03-09 14:19:31.153Z,0.7513,8,SYNTH
2026-03-09 14:19:32.698Z,0.7514,5,SYNTH
2026-03-09 14:19:33.099Z,0.7518,9,SYNTH
2026-03-09 14:19:34.765Z,0.7514,5,SYNTH
2026-03-09 14:19:35.555Z,0.7522,4,SYNTH
2026-03-09 14:19:36.369Z,0.7525,7,SYNTH
2026-03-09 14:19:37.167Z,0.7509,22,SYNTH
2026-03-09 14:19:38.455Z,0.7517,26,SYNTH
2026-03-09 14:19:39.803Z,0.7518,12,SYNTH
2026-03-09 14:19:40.578Z,0.7524,18,SYNTH
2026-03-09 14:19:41.732Z,0.7505,6,SYNTH
2026-03-09 14:19:42.225Z,0.7521,8,SYNTH
2026-03-09 14:19:43.018Z,0.7512,5,SYNTH
2026-03-09 14:19:44.410Z,0.7523,11,SYNTH
2026-03-09 14:19:45.356Z,0.7505,14,SYNTH
2026-03-09 14:19:46.750Z,0.7517,17,SYNTH
2026-03-09 14:19:47.672Z,0.7505,15,SYNTH
2026-03-09 14:19:48.666Z,0.7517,11,SYNTH
2026-03-09 14:19:49.447Z,0.7518,10,SYNTH
2026-03-09 14:19:50.031Z,0.7511,7,SYNTH
2026-03-09 14:19:51.066Z,0.7520,12,SYNTH
2026-03-09 14:19:52.294Z,0.7517,11,SYNTH
2026-03-09 14:19:53.638Z,0.7513,8,SYNTH
2026-03-09 14:19:54.469Z,0.7518,8,SYNTH
2026-03-09 14:19:55.796Z,0.7505,10,SYNTH
2026-03-09 14:19:56.737Z,0.7516,12,SYNTH
2026-03-09 14:19:57.555Z,0.7517,9,SYNTH
2026-03-09 14:19:58.713Z,0.7524,14,SYNTH
2026-03-09 14:19:59.774Z,0.7511,11,SYNTH
2026-03-09 14:20:00.311Z,0.7538,12,SYNTH
2026-03-09 14:20:01.711Z,0.7538,9,SYNTH
2026-03-09 14:20:02.390Z,0.7542,8,SYNTH
2026-03-09 14:20:03.609Z,0.7530,7,SYNTH
2026-03-09 14:20:04.619Z,0.7538,15,SYNTH
2026-03-09 14:20:05.875Z,0.7542,14,SYNTH
2026-03-09 14:20:06.328Z,0.7535,7,SYNTH
2026-03-09 14:20:07.715Z,0.7543,11,SYNTH
2026-03-09 14:20:08.259Z,0.7526,7,SYNTH
2026-03-09 14:20:09.356Z,0.7537,13,SYNTH
2026-03-09 14:20:10.478Z,0.7524,10,SYNTH
2026-03-09 14:20:11.339Z,0.7538,26,SYNTH
2026-03-09 14:20:12.026Z,0.7544,18,SYNTH
2026-03-09 14:20:13.843Z,0.7532,17,SYNTH
2026-03-09 14:20:14.248Z,0.7527,8,SYNTH
2026-03-09 14:20:15.448Z,0.7533,8,SYNTH
2026-03-09 14:20:16.525Z,0.7539,10,SYNTH
2026-03-09 14:20:17.148Z,0.7531,10,SYNTH
2026-03-09 14:20:18.548Z,0.7542,18,SYNTH
2026-03-09 14:20:19.460Z,0.7536,17,SYNTH
2026-03-09 14:20:20.632Z,0.7533,8,SYNTH
2026-03-09 14:20:21.783Z,0.7529,6,SYNTH
2026-03-09 14:20:22.877Z,0.7530,8,SYNTH
2026-03-09 14:20:23.890Z,0.7539,9,SYNTH
2026-03-09 14:20:24.752Z,0.7535,11,SYNTH
2026-03-09 14:20:25.575Z,0.7542,5,SYNTH
2026-03-09 14:20:26.408Z,0.7525,8,SYNTH
2026-03-09 14:20:27.077Z,0.7524,10,SYNTH
2026-03-09 14:20:28.000Z,0.7537,5,SYNTH
2026-03-09 14:20:29.705Z,0.7536,9,SYNTH
2026-03-09 14:20:30.813Z,0.7521,7,SYNTH
2026-03-09 14:20:31.742Z,0.7518,9,SYNTH
2026-03-09 14:20:32.452Z,0.7516,9,SYNTH
2026-03-09 14:20:33.063Z,0.7521,11,SYNTH
2026-03-09 14:20:34.436Z,0.7531,6,SYNTH
2026-03-09 14:20:35.631Z,0.7517,5,SYNTH
2026-03-09 14:20:36.163Z,0.7524,5,SYNTH
2026-03-09 14:20:37.576Z,0.7517,16,SYNTH
2026-03-09 14:20:38.359Z,0.7523,12,SYNTH
2026-03-09 14:20:39.764Z,0.7531,19,SYNTH
2026-03-09 14:20:40.561Z,0.7514,28,SYNTH
2026-03-09 14:20:41.381Z,0.7528,10,SYNTH
2026-03-09 14:20:42.793Z,0.7524,8,SYNTH
2026-03-09 14:20:43.681Z,0.7531,12,SYNTH
2026-03-09 14:20:44.891Z,0.7517,9,SYNTH
2026-03-09 14:20:45.053Z,0.7532,9,SYNTH
2026-03-09 14:20:46.717Z,0.7533,13,SYNTH
2026-03-09 14:20:47.402Z,0.7530,14,SYNTH
2026-03-09 14:20:48.062Z,0.7533,13,SYNTH
2026-03-09 14:20:49.072Z,0.7516,9,SYNTH
2026-03-09 14:20:50.516Z,0.7532,8,SYNTH
2026-03-09 14:20:51.181Z,0.7527,10,SYNTH
2026-03-09 14:20:52.296Z,0.7533,6,SYNTH
2026-03-09 14:20:53.856Z,0.7520,12,SYNTH
2026-03-09 14:20:54.349Z,0.7530,14,SYNTH
2026-03-09 14:20:55.520Z,0.7516,9,SYNTH
2026-03-09 14:20:56.008Z,0.7527,13,SYNTH
2026-03-09 14:20:57.077Z,0.7531,12,SYNTH
2026-03-09 14:20:58.250Z,0.7515,8,SYNTH
2026-03-09 14:20:59.030Z,0.7531,15,SYNTH
2026-03-09 14:22:00.096Z,0.7541,23,SYNTH
2026-03-09 14:22:01.678Z,0.7540,20,SYNTH
2026-03-09 14:22:02.000Z,0.7539,14,SYNTH
2026-03-09 14:22:03.467Z,0.7537,20,SYNTH
2026-03-09 14:22:04.055Z,0.7526,20,SYNTH
2026-03-09 14:22:05.115Z,0.7545,16,SYNTH
2026-03-09 14:22:06.002Z,0.7525,10,SYNTH
2026-03-09 14:22:07.093Z,0.7542,18,SYNTH
2026-03-09 14:22:08.359Z,0.7544,11,SYNTH
2026-03-09 14:22:09.893Z,0.7533,9,SYNTH
2026-03-09 14:22:10.538Z,0.7544,14,SYNTH
2026-03-09 14:22:11.767Z,0.7532,29,SYNTH
2026-03-09 14:22:12.042Z,0.7529,43,SYNTH
2026-03-09 14:22:13.130Z,0.7537,25,SYNTH
2026-03-09 14:22:14.032Z,0.7531,14,SYNTH
2026-03-09 14:22:15.705Z,0.7538,15,SYNTH
2026-03-09 14:22:16.850Z,0.7540,18,SYNTH
2026-03-09 14:22:17.329Z,0.7528,16,SYNTH
2026-03-09 14:22:18.417Z,0.7532,27,SYNTH
2026-03-09 14:22:19.893Z,0.7543,14,SYNTH
2026-03-09 14:22:20.830Z,0.7532,8,SYNTH
2026-03-09 14:22:21.557Z,0.7545,6,SYNTH
2026-03-09 14:22:22.433Z,0.7531,11,SYNTH
2026-03-09 14:22:23.679Z,0.7536,10,SYNTH
2026-03-09 14:22:24.321Z,0.7530,7,SYNTH
2026-03-09 14:22:25.885Z,0.7542,7,SYNTH
2026-03-09 14:22:26.560Z,0.7538,11,SYNTH
2026-03-09 14:22:27.444Z,0.7531,10,SYNTH
2026-03-09 14:22:28.235Z,0.7542,11,SYNTH
2026-03-09 14:22:29.879Z,0.7524,14,SYNTH
2026-03-09 14:22:30.459Z,0.7527,10,SYNTH
2026-03-09 14:22:31.860Z,0.7531,14,SYNTH
2026-03-09 14:22:32.820Z,0.7536,13,SYNTH
2026-03-09 14:22:33.453Z,0.7534,7,SYNTH
2026-03-09 14:22:34.141Z,0.7530,14,SYNTH
2026-03-09 14:22:35.528Z,0.7543,9,SYNTH
2026-03-09 14:22:36.420Z,0.7523,13,SYNTH
2026-03-09 14:22:37.691Z,0.7536,26,SYNTH
2026-03-09 14:22:38.106Z,0.7542,19,SYNTH
2026-03-09 14:22:39.093Z,0.7536,19,SYNTH
2026-03-09 14:22:40.076Z,0.7531,35,SYNTH
2026-03-09 14:22:41.777Z,0.7540,13,SYNTH
2026-03-09 14:22:42.109Z,0.7536,13,SYNTH
2026-03-09 14:22:43.472Z,0.7537,15,SYNTH
2026-03-09 14:22:44.683Z,0.7544,13,SYNTH
2026-03-09 14:22:45.666Z,0.7542,10,SYNTH
2026-03-09 14:22:46.515Z,0.7530,12,SYNTH
2026-03-09 14:22:47.283Z,0.7538,15,SYNTH
2026-03-09 14:22:48.251Z,0.7537,11,SYNTH
2026-03-09 14:22:49.085Z,0.7525,17,SYNTH
2026-03-09 14:22:50.825Z,0.7538,17,SYNTH
2026-03-09 14:22:51.225Z,0.7522,11,SYNTH
2026-03-09 14:22:52.617Z,0.7535,10,SYNTH
2026-03-09 14:22:53.124Z,0.7522,15,SYNTH
2026-03-09 14:22:54.679Z,0.7537,13,SYNTH
2026-03-09 14:22:55.713Z,0.7531,21,SYNTH
2026-03-09 14:22:56.635Z,0.7540,13,SYNTH
2026-03-09 14:22:57.074Z,0.7526,21,SYNTH
2026-03-09 14:22:58.652Z,0.7540,19,SYNTH
2026-03-09 14:22:59.083Z,0.7523,20,SYNTH
2026-03-09 14:23:00.559Z,0.7545,12,SYNTH
2026-03-09 14:23:01.291Z,0.7535,9,SYNTH
2026-03-09 14:23:02.420Z,0.7543,11,SYNTH
2026-03-09 14:23:03.264Z,0.7545,7,SYNTH
2026-03-09 14:23:04.643Z,0.7534,7,SYNTH
2026-03-09 14:23:05.422Z,0.7548,10,SYNTH
2026-03-09 14:23:06.209Z,0.7533,5,SYNTH
2026-03-09 14:23:07.037Z,0.7550,11,SYNTH
2026-03-09 14:23:08.580Z,0.7550,11,SYNTH
2026-03-09 14:23:09.172Z,0.7538,7,SYNTH
2026-03-09 14:23:10.297Z,0.7548,10,SYNTH
2026-03-09 14:23:11.015Z,0.7542,18,SYNTH
2026-03-09 14:23:12.501Z,0.7532,16,SYNTH
2026-03-09 14:23:13.540Z,0.7532,20,SYNTH
2026-03-09 14:23:14.440Z,0.7547,7,SYNTH
2026-03-09 14:23:15.354Z,0.7544,5,SYNTH
2026-03-09 14:23:16.311Z,0.7532,15,SYNTH
2026-03-09 14:23:17.788Z,0.7532,14,SYNTH
2026-03-09 14:23:18.224Z,0.7546,12,SYNTH
2026-03-09 14:23:19.377Z,0.7531,12,SYNTH
2026-03-09 14:23:20.548Z,0.7545,4,SYNTH
2026-03-09 14:23:21.134Z,0.7542,8,SYNTH
2026-03-09 14:23:22.680Z,0.7536,7,SYNTH
2026-03-09 14:23:23.816Z,0.7532,8,SYNTH
2026-03-09 14:23:24.021Z,0.7540,7,SYNTH
2026-03-09 14:23:25.141Z,0.7543,4,SYNTH
2026-03-09 14:23:26.857Z,0.7534,4,SYNTH
2026-03-09 14:23:27.455Z,0.7527,8,SYNTH
2026-03-09 14:23:28.282Z,0.7544,8,SYNTH
2026-03-09 14:23:29.754Z,0.7531,4,SYNTH
2026-03-09 14:23:30.362Z,0.7540,8,SYNTH
2026-03-09 14:23:31.507Z,0.7528,6,SYNTH
2026-03-09 14:23:32.825Z,0.7539,8,SYNTH
2026-03-09 14:23:33.217Z,0.7527,5,SYNTH
2026-03-09 14:23:34.001Z,0.7525,6,SYNTH
2026-03-09 14:23:35.067Z,0.7525,4,SYNTH
2026-03-09 14:23:36.545Z,0.7545,7,SYNTH
2026-03-09 14:23:37.204Z,0.7537,15,SYNTH
2026-03-09 14:23:38.409Z,0.7527,14,SYNTH
2026-03-09 14:23:39.796Z,0.7526,21,SYNTH
2026-03-09 14:23:40.032Z,0.7539,12,SYNTH
2026-03-09 14:23:41.607Z,0.7536,8,SYNTH
2026-03-09 14:23:42.485Z,0.7542,6,SYNTH
2026-03-09 14:23:43.418Z,0.7545,5,SYNTH
2026-03-09 14:23:44.103Z,0.7542,5,SYNTH
2026-03-09 14:23:45.656Z,0.7526,8,SYNTH
2026-03-09 14:23:46.411Z,0.7537,9,SYNTH
2026-03-09 14:23:47.381Z,0.7526,11,SYNTH
2026-03-09 14:23:48.465Z,0.7541,7,SYNTH
2026-03-09 14:23:49.790Z,0.7530,7,SYNTH
2026-03-09 14:23:50.533Z,0.7537,8,SYNTH
2026-03-09 14:23:51.390Z,0.7542,8,SYNTH
2026-03-09 14:23:52.292Z,0.7530,10,SYNTH
2026-03-09 14:23:53.303Z,0.7525,8,SYNTH
2026-03-09 14:23:54.260Z,0.7539,7,SYNTH
2026-03-09 14:23:55.084Z,0.7542,12,SYNTH
2026-03-09 14:23:56.442Z,0.7529,11,SYNTH
2026-03-09 14:23:57.299Z,0.7540,12,SYNTH
2026-03-09 14:23:58.405Z,0.7531,10,SYNTH
2026-03-09 14:23:59.387Z,0.7536,8,SYNTH
2026-03-09 14:29:00.330Z,0.7570,8,SYNTH
2026-03-09 14:29:01.887Z,0.7564,9,SYNTH
2026-03-09 14:29:02.237Z,0.7567,12,SYNTH
2026-03-09 14:29:03.829Z,0.7570,9,SYNTH
2026-03-09 14:29:04.265Z,0.7553,10,SYNTH
2026-03-09 14:29:05.432Z,0.7565,7,SYNTH
2026-03-09 14:29:06.301Z,0.7568,6,SYNTH
2026-03-09 14:29:07.733Z,0.7560,6,SYNTH
2026-03-09 14:29:08.884Z,0.7568,10,SYNTH
2026-03-09 14:29:09.806Z,0.7570,8,SYNTH
2026-03-09 14:29:10.080Z,0.7555,7,SYNTH
2026-03-09 14:29:11.289Z,0.7564,19,SYNTH
2026-03-09 14:29:12.079Z,0.7570,11,SYNTH
2026-03-09 14:29:13.465Z,0.7569,17,SYNTH
2026-03-09 14:29:14.124Z,0.7559,5,SYNTH
2026-03-09 14:29:15.689Z,0.7566,6,SYNTH
2026-03-09 14:29:16.183Z,0.7564,15,SYNTH
2026-03-09 14:29:17.600Z,0.7564,8,SYNTH
2026-03-09 14:29:18.694Z,0.7572,13,SYNTH
2026-03-09 14:29:19.077Z,0.7573,6,SYNTH
2026-03-09 14:29:20.463Z,0.7557,4,SYNTH
2026-03-09 14:29:21.467Z,0.7570,7,SYNTH
2026-03-09 14:29:22.476Z,0.7564,7,SYNTH
2026-03-09 14:29:23.875Z,0.7566,6,SYNTH
2026-03-09 14:29:24.383Z,0.7562,4,SYNTH
2026-03-09 14:29:25.356Z,0.7559,4,SYNTH
2026-03-09 14:29:26.195Z,0.7560,4,SYNTH
2026-03-09 14:29:27.761Z,0.7557,5,SYNTH
2026-03-09 14:29:28.135Z,0.7567,8,SYNTH
2026-03-09 14:29:29.042Z,0.7570,6,SYNTH
2026-03-09 14:29:30.310Z,0.7569,8,SYNTH
2026-03-09 14:29:31.332Z,0.7553,6,SYNTH
2026-03-09 14:29:32.585Z,0.7556,4,SYNTH
2026-03-09 14:29:33.382Z,0.7567,7,SYNTH
2026-03-09 14:29:34.174Z,0.7563,7,SYNTH
2026-03-09 14:29:35.142Z,0.7560,4,SYNTH
2026-03-09 14:29:36.676Z,0.7554,4,SYNTH
2026-03-09 14:29:37.823Z,0.7570,14,SYNTH
2026-03-09 14:29:38.463Z,0.7561,20,SYNTH
2026-03-09 14:29:39.022Z,0.7564,19,SYNTH
2026-03-09 14:29:40.841Z,0.7570,17,SYNTH
2026-03-09 14:29:41.863Z,0.7555,4,SYNTH
2026-03-09 14:29:42.364Z,0.7554,5,SYNTH
2026-03-09 14:29:43.553Z,0.7569,7,SYNTH
2026-03-09 14:29:44.496Z,0.7558,8,SYNTH
2026-03-09 14:29:45.399Z,0.7573,9,SYNTH
2026-03-09 14:29:46.620Z,0.7561,13,SYNTH
2026-03-09 14:29:47.097Z,0.7555,6,SYNTH
2026-03-09 14:29:48.497Z,0.7562,7,SYNTH
2026-03-09 14:29:49.833Z,0.7566,8,SYNTH
2026-03-09 14:29:50.472Z,0.7557,6,SYNTH
2026-03-09 14:29:51.744Z,0.7566,7,SYNTH
2026-03-09 14:29:52.827Z,0.7559,9,SYNTH
2026-03-09 14:29:53.176Z,0.7566,9,SYNTH
2026-03-09 14:29:54.327Z,0.7560,8,SYNTH
2026-03-09 14:29:55.039Z,0.7569,9,SYNTH
2026-03-09 14:29:56.021Z,0.7567,10,SYNTH
2026-03-09 14:29:57.746Z,0.7573,8,SYNTH
2026-03-09 14:29:58.710Z,0.7568,8,SYNTH
2026-03-09 14:29:59.770Z,0.7561,10,SYNTH
2026-03-09 14:31:00.435Z,0.7573,9,SYNTH
2026-03-09 14:31:01.191Z,0.7575,9,SYNTH
2026-03-09 14:31:02.850Z,0.7573,10,SYNTH
2026-03-09 14:31:03.114Z,0.7560,12,SYNTH
2026-03-09 14:31:04.518Z,0.7573,7,SYNTH
2026-03-09 14:31:05.861Z,0.7576,12,SYNTH
2026-03-09 14:31:06.281Z,0.7555,10,SYNTH
