TimestampUtc,Price,Size,Exchange
2026-03-09 13:30:00.288Z,3.4505,57,SYNTH
2026-03-09 13:30:01.271Z,3.4513,50,SYNTH
2026-03-09 13:30:02.407Z,3.4508,56,SYNTH
2026-03-09 13:30:03.392Z,3.4495,68,SYNTH
2026-03-09 13:30:04.178Z,3.4487,58,SYNTH
2026-03-09 13:30:05.430Z,3.4518,34,SYNTH
2026-03-09 13:30:06.067Z,3.4499,31,SYNTH
2026-03-09 13:30:07.050Z,3.4480,59,SYNTH
2026-03-09 13:30:08.299Z,3.4504,45,SYNTH
2026-03-09 13:30:09.584Z,3.4497,42,SYNTH
2026-03-09 13:30:10.005Z,3.4489,27,SYNTH
2026-03-09 13:30:11.420Z,3.4523,159,SYNTH
2026-03-09 13:30:12.439Z,3.4489,125,SYNTH
2026-03-09 13:30:13.550Z,3.4501,103,SYNTH
2026-03-09 13:30:14.256Z,3.4484,61,SYNTH
2026-03-09 13:30:15.886Z,3.4526,54,SYNTH
2026-03-09 13:30:16.517Z,3.4488,76,SYNTH
2026-03-09 13:30:17.768Z,3.4503,45,SYNTH
2026-03-09 13:30:18.396Z,3.4519,61,SYNTH
2026-03-09 13:30:19.797Z,3.4515,89,SYNTH
2026-03-09 13:30:20.487Z,3.4494,52,SYNTH
2026-03-09 13:30:21.534Z,3.4493,37,SYNTH
2026-03-09 13:30:22.788Z,3.4512,54,SYNTH
2026-03-09 13:30:23.455Z,3.4495,54,SYNTH
2026-03-09 13:30:24.847Z,3.4493,50,SYNTH
2026-03-09 13:30:25.478Z,3.4485,44,SYNTH
2026-03-09 13:30:26.042Z,3.4503,46,SYNTH
2026-03-09 13:30:27.866Z,3.4477,36,SYNTH
2026-03-09 13:30:28.164Z,3.4514,35,SYNTH
2026-03-09 13:30:29.812Z,3.4513,40,SYNTH
2026-03-09 13:30:30.654Z,3.4517,25,SYNTH
2026-03-09 13:30:31.608Z,3.4474,44,SYNTH
2026-03-09 13:30:32.506Z,3.4520,30,SYNTH
2026-03-09 13:30:33.573Z,3.4490,32,SYNTH
2026-03-09 13:30:34.203Z,3.4483,46,SYNTH
2026-03-09 13:30:35.401Z,3.4519,36,SYNTH
2026-03-09 13:30:36.343Z,3.4526,33,SYNTH
2026-03-09 13:30:37.225Z,3.4487,68,SYNTH
2026-03-09 13:30:38.800Z,3.4512,82,SYNTH
2026-03-09 13:30:39.213Z,3.4494,78,SYNTH
2026-03-09 13:30:40.005Z,3.4507,113,SYNTH
2026-03-09 13:30:41.889Z,3.4508,38,SYNTH
2026-03-09 13:30:42.523Z,3.4521,38,SYNTH
2026-03-09 13:30:43.554Z,3.4515,54,SYNTH
2026-03-09 13:30:44.519Z,3.4484,48,SYNTH
2026-03-09 13:30:45.886Z,3.4508,37,SYNTH
2026-03-09 13:30:46.874Z,3.4488,67,SYNTH
2026-03-09 13:30:47.464Z,3.4524,91,SYNTH
2026-03-09 13:30:48.051Z,3.4478,44,SYNTH
2026-03-09 13:30:49.269Z,3.4521,49,SYNTH
2026-03-09 13:30:50.341Z,3.4515,28,SYNTH
2026-03-09 13:30:51.840Z,3.4477,54,SYNTH
2026-03-09 13:30:52.383Z,3.4499,67,SYNTH
2026-03-09 13:30:53.400Z,3.4502,32,SYNTH
2026-03-09 13:30:54.756Z,3.4484,44,SYNTH
2026-03-09 13:30:55.597Z,3.4502,32,SYNTH
2026-03-09 13:30:56.637Z,3.4519,49,SYNTH
2026-03-09 13:30:57.640Z,3.4491,57,SYNTH
2026-03-09 13:30:58.140Z,3.4516,77,SYNTH
2026-03-09 13:30:59.897Z,3.4494,79,SYNTH
2026-03-09 13:31:00.379Z,3.5717,12,SYNTH
2026-03-09 13:31:01.497Z,3.5721,8,SYNTH
2026-03-09 13:31:02.231Z,3.5677,8,SYNTH
2026-03-09 13:31:03.770Z,3.5701,13,SYNTH
2026-03-09 13:31:04.313Z,3.5723,8,SYNTH
2026-03-09 13:31:05.825Z,3.5692,9,SYNTH
2026-03-09 13:31:06.748Z,3.5722,11,SYNTH
2026-03-09 13:31:07.835Z,3.5717,6,SYNTH
2026-03-09 13:31:08.364Z,3.5678,8,SYNTH
2026-03-09 13:31:09.235Z,3.5703,12,SYNTH
2026-03-09 13:31:10.351Z,3.5724,10,SYNTH
2026-03-09 13:31:11.149Z,3.5691,24,SYNTH
2026-03-09 13:31:12.196Z,3.5701,18,SYNTH
2026-03-09 13:31:13.278Z,3.5705,18,SYNTH
2026-03-09 13:31:14.108Z,3.5722,4,SYNTH
2026-03-09 13:31:15.756Z,3.5689,4,SYNTH
2026-03-09 13:31:16.721Z,3.5708,13,SYNTH
2026-03-09 13:31:17.301Z,3.5714,12,SYNTH
2026-03-09 13:31:18.566Z,3.5706,9,SYNTH
2026-03-09 13:31:19.869Z,3.5714,17,SYNTH
2026-03-09 13:31:20.255Z,3.5692,9,SYNTH
2026-03-09 13:31:21.703Z,3.5672,6,SYNTH
2026-03-09 13:31:22.435Z,3.5694,4,SYNTH
2026-03-09 13:31:23.084Z,3.5707,6,SYNTH
2026-03-09 13:31:24.851Z,3.5713,6,SYNTH
2026-03-09 13:31:25.025Z,3.5726,4,SYNTH
2026-03-09 13:31:26.258Z,3.5687,4,SYNTH
2026-03-09 13:31:27.618Z,3.5692,9,SYNTH
2026-03-09 13:31:28.149Z,3.5705,9,SYNTH
2026-03-09 13:31:29.469Z,3.5684,5,SYNTH
2026-03-09 13:31:30.330Z,3.5691,4,SYNTH
2026-03-09 13:31:31.132Z,3.5717,5,SYNTH
2026-03-09 13:31:32.155Z,3.5691,9,SYNTH
2026-03-09 13:31:33.028Z,3.5705,5,SYNTH
2026-03-09 13:31:34.367Z,3.5684,5,SYNTH
2026-03-09 13:31:35.491Z,3.5706,4,SYNTH
2026-03-09 13:31:36.036Z,3.5689,8,SYNTH
2026-03-09 13:31:37.443Z,3.5707,17,SYNTH
2026-03-09 13:31:38.320Z,3.5719,14,SYNTH
2026-03-09 13:31:39.753Z,3.5714,15,SYNTH
2026-03-09 13:31:40.290Z,3.5696,21,SYNTH
2026-03-09 13:31:41.338Z,3.5677,10,SYNTH
2026-03-09 13:31:42.480Z,3.5718,7,SYNTH
2026-03-09 13:31:43.859Z,3.5707,6,SYNTH
2026-03-09 13:31:44.891Z,3.5709,5,SYNTH
2026-03-09 13:31:45.176Z,3.5696,8,SYNTH
2026-03-09 13:31:46.804Z,3.5688,14,SYNTH
2026-03-09 13:31:47.332Z,3.5713,15,SYNTH
2026-03-09 13:31:48.203Z,3.5690,7,SYNTH
2026-03-09 13:31:49.562Z,3.5683,7,SYNTH
2026-03-09 13:31:50.005Z,3.5713,7,SYNTH
2026-03-09 13:31:51.469Z,3.5688,6,SYNTH
2026-03-09 13:31:52.338Z,3.5703,12,SYNTH
2026-03-09 13:31:53.042Z,3.5707,10,SYNTH
2026-03-09 13:31:54.834Z,3.5698,12,SYNTH
2026-03-09 13:31:55.256Z,3.5716,8,SYNTH
2026-03-09 13:31:56.734Z,3.5697,7,SYNTH
2026-03-09 13:31:57.081Z,3.5678,12,SYNTH
2026-03-09 13:31:58.027Z,3.5718,10,SYNTH
2026-03-09 13:31:59.163Z,3.5693,8,SYNTH
2026-03-09 13:39:00.666Z,3.4116,16,SYNTH
2026-03-09 13:39:01.089Z,3.4113,11,SYNTH
2026-03-09 13:39:02.851Z,3.4087,13,SYNTH
2026-03-09 13:39:03.693Z,3.4113,10,SYNTH
2026-03-09 13:39:04.168Z,3.4123,12,SYNTH
2026-03-09 13:39:05.270Z,3.4083,11,SYNTH
2026-03-09 13:39:06.071Z,3.4086,15,SYNTH
2026-03-09 13:39:07.657Z,3.4073,16,SYNTH
2026-03-09 13:39:08.662Z,3.4098,7,SYNTH
2026-03-09 13:39:09.114Z,3.4112,9,SYNTH
2026-03-09 13:39:10.697Z,3.4075,12,SYNTH
2026-03-09 13:39:11.562Z,3.4107,23,SYNTH
2026-03-09 13:39:12.568Z,3.4111,17,SYNTH
2026-03-09 13:39:13.552Z,3.4096,19,SYNTH
2026-03-09 13:39:14.812Z,3.4089,12,SYNTH
2026-03-09 13:39:15.531Z,3.4121,8,SYNTH
2026-03-09 13:39:16.440Z,3.4084,16,SYNTH
2026-03-09 13:39:17.840Z,3.4095,12,SYNTH
2026-03-09 13:39:18.094Z,3.4115,14,SYNTH
2026-03-09 13:39:19.836Z,3.4094,21,SYNTH
2026-03-09 13:39:20.891Z,3.4092,6,SYNTH
2026-03-09 13:39:21.124Z,3.4118,12,SYNTH
2026-03-09 13:39:22.675Z,3.4111,11,SYNTH
2026-03-09 13:39:23.265Z,3.4095,8,SYNTH
2026-03-09 13:39:24.063Z,3.4128,12,SYNTH
2026-03-09 13:39:25.207Z,3.4145,6,SYNTH
2026-03-09 13:39:26.708Z,3.4155,10,SYNTH
2026-03-09 13:39:27.565Z,3.4151,11,SYNTH
2026-03-09 13:39:28.221Z,3.4152,8,SYNTH
2026-03-09 13:39:29.343Z,3.4168,9,SYNTH
2026-03-09 13:39:30.735Z,3.4149,8,SYNTH
2026-03-09 13:39:31.473Z,3.4178,9,SYNTH
2026-03-09 13:39:32.153Z,3.4192,9,SYNTH
2026-03-09 13:39:33.735Z,3.4198,10,SYNTH
2026-03-09 13:39:34.553Z,3.4195,11,SYNTH
2026-03-09 13:39:35.064Z,3.4220,8,SYNTH
2026-03-09 13:39:36.496Z,3.4190,8,SYNTH
2026-03-09 13:39:37.567Z,3.4210,26,SYNTH
2026-03-09 13:39:38.385Z,3.4194,27,SYNTH
2026-03-09 13:39:39.643Z,3.4209,18,SYNTH
2026-03-09 13:39:40.339Z,3.4213,25,SYNTH
2026-03-09 13:39:41.495Z,3.4172,8,SYNTH
2026-03-09 13:39:42.509Z,3.4174,12,SYNTH
2026-03-09 13:39:43.705Z,3.4161,10,SYNTH
2026-03-09 13:39:44.737Z,3.4200,7,SYNTH
2026-03-09 13:39:45.059Z,3.4159,15,SYNTH
2026-03-09 13:39:46.731Z,3.4162,20,SYNTH
2026-03-09 13:39:47.178Z,3.4186,16,SYNTH
2026-03-09 13:39:48.445Z,3.4166,12,SYNTH
2026-03-09 13:39:49.153Z,3.4153,7,SYNTH
2026-03-09 13:39:50.054Z,3.4155,13,SYNTH
2026-03-09 13:39:51.161Z,3.4130,8,SYNTH
2026-03-09 13:39:52.589Z,3.4158,8,SYNTH
2026-03-09 13:39:53.625Z,3.4122,12,SYNTH
2026-03-09 13:39:54.490Z,3.4116,9,SYNTH
2026-03-09 13:39:55.811Z,3.4108,15,SYNTH
2026-03-09 13:39:56.290Z,3.4093,11,SYNTH
2026-03-09 13:39:57.573Z,3.4094,8,SYNTH
2026-03-09 13:39:58.861Z,3.4095,10,SYNTH
2026-03-09 13:39:59.041Z,3.4117,11,SYNTH
2026-03-09 13:40:00.671Z,3.4115,23,SYNTH
2026-03-09 13:40:01.884Z,3.4079,34,SYNTH
2026-03-09 13:40:02.464Z,3.4123,32,SYNTH
2026-03-09 13:40:03.870Z,3.4084,45,SYNTH
2026-03-09 13:40:04.862Z,3.4088,42,SYNTH
2026-03-09 13:40:05.605Z,3.4116,22,SYNTH
2026-03-09 13:40:06.879Z,3.4081,23,SYNTH
2026-03-09 13:40:07.381Z,3.4117,34,SYNTH
2026-03-09 13:40:08.156Z,3.4109,33,SYNTH
2026-03-09 13:40:09.331Z,3.4111,23,SYNTH
2026-03-09 13:40:10.841Z,3.4077,27,SYNTH
2026-03-09 13:40:11.056Z,3.4096,64,SYNTH
2026-03-09 13:40:12.139Z,3.4102,66,SYNTH
2026-03-09 13:40:13.673Z,3.4114,73,SYNTH
2026-03-09 13:40:14.725Z,3.4081,34,SYNTH
2026-03-09 13:40:15.164Z,3.4106,30,SYNTH
2026-03-09 13:40:16.214Z,3.4094,58,SYNTH
2026-03-09 13:40:17.838Z,3.4114,45,SYNTH
2026-03-09 13:40:18.200Z,3.4090,54,SYNTH
2026-03-09 13:40:19.658Z,3.4078,47,SYNTH
2026-03-09 13:40:20.431Z,3.4103,28,SYNTH
2026-03-09 13:40:21.106Z,3.4072,19,SYNTH
2026-03-09 13:40:22.099Z,3.4087,30,SYNTH
2026-03-09 13:40:23.277Z,3.4066,31,SYNTH
2026-03-09 13:40:24.134Z,3.4087,29,SYNTH
2026-03-09 13:40:25.803Z,3.4056,26,SYNTH
2026-03-09 13:40:26.040Z,3.4058,21,SYNTH
2026-03-09 13:40:27.276Z,3.4054,31,SYNTH
2026-03-09 13:40:28.735Z,3.4029,13,SYNTH
2026-03-09 13:40:29.460Z,3.4055,19,SYNTH
2026-03-09 13:40:30.096Z,3.4012,23,SYNTH
2026-03-09 13:40:31.252Z,3.4045,22,SYNTH
2026-03-09 13:40:32.652Z,3.4028,14,SYNTH
2026-03-09 13:40:33.582Z,3.4007,22,SYNTH
2026-03-09 13:40:34.103Z,3.4032,24,SYNTH
2026-03-09 13:40:35.108Z,3.3996,23,SYNTH
2026-03-09 13:40:36.847Z,3.3982,17,SYNTH
2026-03-09 13:40:37.302Z,3.4017,58,SYNTH
2026-03-09 13:40:38.102Z,3.3979,37,SYNTH
2026-03-09 13:40:39.078Z,3.4016,38,SYNTH
2026-03-09 13:40:40.101Z,3.3978,66,SYNTH
2026-03-09 13:40:41.664Z,3.4010,30,SYNTH
2026-03-09 13:40:42.139Z,3.3997,22,SYNTH
2026-03-09 13:40:43.343Z,3.3994,21,SYNTH
2026-03-09 13:40:44.259Z,3.4017,28,SYNTH
2026-03-09 13:40:45.496Z,3.4032,40,SYNTH
2026-03-09 13:40:46.550Z,3.4008,47,SYNTH
2026-03-09 13:40:47.032Z,3.3998,48,SYNTH
2026-03-09 13:40:48.184Z,3.4023,36,SYNTH
2026-03-09 13:40:49.818Z,3.4000,30,SYNTH
2026-03-09 13:40:50.030Z,3.3988,33,SYNTH
2026-03-09 13:40:51.284Z,3.4018,38,SYNTH
2026-03-09 13:40:52.360Z,3.4017,33,SYNTH
2026-03-09 13:40:53.816Z,3.4023,20,SYNTH
2026-03-09 13:40:54.465Z,3.3992,21,SYNTH
2026-03-09 13:40:55.349Z,3.4015,40,SYNTH
2026-03-09 13:40:56.721Z,3.3991,34,SYNTH
2026-03-09 13:40:57.737Z,3.4009,32,SYNTH
2026-03-09 13:40:58.434Z,3.4008,22,SYNTH
2026-03-09 13:40:59.242Z,3.3989,24,SYNTH
2026-03-09 13:41:00.131Z,3.4101,44,SYNTH
2026-03-09 13:41:01.085Z,3.4095,44,SYNTH
2026-03-09 13:41:02.771Z,3.4083,42,SYNTH
2026-03-09 13:41:03.425Z,3.4103,49,SYNTH
2026-03-09 13:41:04.366Z,3.4109,26,SYNTH
2026-03-09 13:41:05.488Z,3.4086,39,SYNTH
2026-03-09 13:41:06.610Z,3.4123,41,SYNTH
2026-03-09 13:41:07.719Z,3.4110,26,SYNTH
2026-03-09 13:41:08.451Z,3.4080,49,SYNTH
2026-03-09 13:41:09.366Z,3.4119,38,SYNTH
2026-03-09 13:41:10.648Z,3.4094,46,SYNTH
2026-03-09 13:41:11.426Z,3.4086,113,SYNTH
2026-03-09 13:41:12.759Z,3.4109,87,SYNTH
2026-03-09 13:41:13.698Z,3.4097,50,SYNTH
2026-03-09 13:41:14.508Z,3.4095,34,SYNTH
2026-03-09 13:41:15.833Z,3.4123,28,SYNTH
2026-03-09 13:41:16.208Z,3.4117,73,SYNTH
2026-03-09 13:41:17.047Z,3.4093,44,SYNTH
2026-03-09 13:41:18.050Z,3.4089,48,SYNTH
2026-03-09 13:41:19.852Z,3.4116,43,SYNTH
2026-03-09 13:41:20.009Z,3.4073,31,SYNTH
2026-03-09 13:41:21.128Z,3.4067,32,SYNTH
2026-03-09 13:41:22.435Z,3.4043,27,SYNTH
2026-03-09 13:41:23.801Z,3.4027,17,SYNTH
2026-03-09 13:41:24.350Z,3.4032,20,SYNTH
2026-03-09 13:41:25.173Z,3.4016,21,SYNTH
2026-03-09 13:41:26.655Z,3.3984,24,SYNTH
2026-03-09 13:41:27.887Z,3.3952,29,SYNTH
2026-03-09 13:41:28.801Z,3.3927,36,SYNTH
2026-03-09 13:41:29.099Z,3.3914,16,SYNTH
2026-03-09 13:41:30.515Z,3.3894,29,SYNTH
2026-03-09 13:41:31.122Z,3.3881,34,SYNTH
2026-03-09 13:41:32.440Z,3.3866,23,SYNTH
2026-03-09 13:41:33.249Z,3.3838,21,SYNTH
2026-03-09 13:41:34.814Z,3.3823,16,SYNTH
2026-03-09 13:41:35.089Z,3.3820,33,SYNTH
2026-03-09 13:41:36.030Z,3.3799,29,SYNTH
2026-03-09 13:41:37.420Z,3.3790,71,SYNTH
2026-03-09 13:41:38.556Z,3.3789,73,SYNTH
2026-03-09 13:41:39.627Z,3.3817,47,SYNTH
2026-03-09 13:41:40.589Z,3.3791,91,SYNTH
2026-03-09 13:41:41.211Z,3.3803,20,SYNTH
2026-03-09 13:41:42.874Z,3.3829,29,SYNTH
2026-03-09 13:41:43.866Z,3.3828,18,SYNTH
2026-03-09 13:41:44.344Z,3.3838,25,SYNTH
2026-03-09 13:41:45.049Z,3.3837,30,SYNTH
2026-03-09 13:41:46.596Z,3.3822,60,SYNTH
2026-03-09 13:41:47.331Z,3.3844,57,SYNTH
2026-03-09 13:41:48.862Z,3.3843,28,SYNTH
2026-03-09 13:41:49.444Z,3.3816,26,SYNTH
2026-03-09 13:41:50.218Z,3.3800,42,SYNTH
2026-03-09 13:41:51.459Z,3.3827,21,SYNTH
2026-03-09 13:41:52.389Z,3.3829,39,SYNTH
2026-03-09 13:41:53.353Z,3.3831,32,SYNTH
2026-03-09 13:41:54.555Z,3.3800,27,SYNTH
2026-03-09 13:41:55.556Z,3.3792,51,SYNTH
2026-03-09 13:41:56.468Z,3.3787,25,SYNTH
2026-03-09 13:41:57.262Z,3.3781,39,SYNTH
2026-03-09 13:41:58.620Z,3.3812,44,SYNTH
2026-03-09 13:41:59.876Z,3.3787,56,SYNTH
2026-03-09 13:42:00.119Z,3.4013,29,SYNTH
2026-03-09 13:42:01.482Z,3.4010,25,SYNTH
2026-03-09 13:42:02.598Z,3.3979,16,SYNTH
2026-03-09 13:42:03.316Z,3.4010,30,SYNTH
2026-03-09 13:42:04.441Z,3.4007,20,SYNTH
2026-03-09 13:42:05.022Z,3.3989,18,SYNTH
2026-03-09 13:42:06.894Z,3.3982,25,SYNTH
2026-03-09 13:42:07.023Z,3.4012,25,SYNTH
2026-03-09 13:42:08.393Z,3.4016,19,SYNTH
2026-03-09 13:42:09.251Z,3.3988,15,SYNTH
2026-03-09 13:42:10.595Z,3.4001,25,SYNTH
2026-03-09 13:42:11.087Z,3.3986,41,SYNTH
2026-03-09 13:42:12.835Z,3.4014,41,SYNTH
2026-03-09 13:42:13.151Z,3.3979,56,SYNTH
2026-03-09 13:42:14.618Z,3.4004,20,SYNTH
2026-03-09 13:42:15.182Z,3.3976,17,SYNTH
2026-03-09 13:42:16.470Z,3.3990,20,SYNTH
2026-03-09 13:42:17.784Z,3.4002,24,SYNTH
2026-03-09 13:42:18.188Z,3.4008,24,SYNTH
2026-03-09 13:42:19.115Z,3.4012,36,SYNTH
2026-03-09 13:42:20.546Z,3.3981,14,SYNTH
2026-03-09 13:42:21.323Z,3.4021,15,SYNTH
2026-03-09 13:42:22.187Z,3.4008,12,SYNTH
2026-03-09 13:42:23.360Z,3.3984,19,SYNTH
2026-03-09 13:42:24.183Z,3.3994,21,SYNTH
2026-03-09 13:42:25.176Z,3.3991,20,SYNTH
2026-03-09 13:42:26.701Z,3.4012,11,SYNTH
2026-03-09 13:42:27.465Z,3.3989,11,SYNTH
2026-03-09 13:42:28.627Z,3.4006,14,SYNTH
2026-03-09 13:42:29.006Z,3.4007,21,SYNTH
2026-03-09 13:42:30.165Z,3.3988,16,SYNTH
2026-03-09 13:42:31.106Z,3.3991,13,SYNTH
2026-03-09 13:42:32.243Z,3.3999,13,SYNTH
2026-03-09 13:42:33.882Z,3.3986,13,SYNTH
2026-03-09 13:42:34.721Z,3.4019,19,SYNTH
2026-03-09 13:42:35.325Z,3.3999,14,SYNTH
2026-03-09 13:42:36.300Z,3.3991,20,SYNTH
2026-03-09 13:42:37.662Z,3.4010,45,SYNTH
2026-03-09 13:42:38.432Z,3.4008,28,SYNTH
2026-03-09 13:42:39.695Z,3.3985,44,SYNTH
2026-03-09 13:42:40.538Z,3.4014,43,SYNTH
2026-03-09 13:42:41.373Z,3.4025,23,SYNTH
2026-03-09 13:42:42.272Z,3.3992,21,SYNTH
2026-03-09 13:42:43.277Z,3.4009,23,SYNTH
2026-03-09 13:42:44.700Z,3.4010,24,SYNTH
2026-03-09 13:42:45.348Z,3.3998,26,SYNTH
2026-03-09 13:42:46.652Z,3.4011,24,SYNTH
2026-03-09 13:42:47.891Z,3.3982,19,SYNTH
2026-03-09 13:42:48.575Z,3.3975,18,SYNTH
2026-03-09 13:42:49.684Z,3.4023,15,SYNTH
2026-03-09 13:42:50.443Z,3.4015,22,SYNTH
2026-03-09 13:42:51.550Z,3.4003,21,SYNTH
2026-03-09 13:42:52.549Z,3.4011,24,SYNTH
2026-03-09 13:42:53.485Z,3.3985,22,SYNTH
2026-03-09 13:42:54.745Z,3.4019,14,SYNTH
2026-03-09 13:42:55.411Z,3.3991,18,SYNTH
2026-03-09 13:42:56.541Z,3.4016,20,SYNTH
2026-03-09 13:42:57.417Z,3.4023,20,SYNTH
2026-03-09 13:42:58.265Z,3.3992,33,SYNTH
2026-03-09 13:42:59.822Z,3.4010,25,SYNTH
2026-03-09 13:43:00.666Z,3.3802,12,SYNTH
2026-03-09 13:43:01.606Z,3.3819,13,SYNTH
2026-03-09 13:43:02.351Z,3.3791,14,SYNTH
2026-03-09 13:43:03.628Z,3.3816,10,SYNTH
2026-03-09 13:43:04.112Z,3.3790,8,SYNTH
2026-03-09 13:43:05.190Z,3.3814,6,SYNTH
2026-03-09 13:43:06.009Z,3.3815,6,SYNTH
2026-03-09 13:43:07.083Z,3.3822,7,SYNTH
2026-03-09 13:43:08.745Z,3.3785,8,SYNTH
2026-03-09 13:43:09.109Z,3.3786,10,SYNTH
2026-03-09 13:43:10.801Z,3.3816,5,SYNTH
2026-03-09 13:43:11.184Z,3.3800,22,SYNTH
2026-03-09 13:43:12.797Z,3.3796,24,SYNTH
2026-03-09 13:43:13.489Z,3.3816,27,SYNTH
2026-03-09 13:43:14.689Z,3.3792,7,SYNTH
2026-03-09 13:43:15.419Z,3.3816,8,SYNTH
2026-03-09 13:43:16.803Z,3.3790,18,SYNTH
2026-03-09 13:43:17.038Z,3.3813,20,SYNTH
2026-03-09 13:43:18.247Z,3.3824,8,SYNTH
2026-03-09 13:43:19.069Z,3.3793,19,SYNTH
2026-03-09 13:43:20.765Z,3.3817,10,SYNTH
2026-03-09 13:43:21.023Z,3.3773,9,SYNTH
2026-03-09 13:43:22.085Z,3.3796,6,SYNTH
2026-03-09 13:43:23.089Z,3.3818,8,SYNTH
2026-03-09 13:43:24.561Z,3.3819,4,SYNTH
2026-03-09 13:43:25.675Z,3.3788,8,SYNTH
2026-03-09 13:43:26.229Z,3.3818,6,SYNTH
2026-03-09 13:43:27.130Z,3.3801,5,SYNTH
2026-03-09 13:43:28.636Z,3.3782,10,SYNTH
2026-03-09 13:43:29.404Z,3.3787,7,SYNTH
2026-03-09 13:43:30.220Z,3.3807,7,SYNTH
2026-03-09 13:43:31.286Z,3.3810,6,SYNTH
2026-03-09 13:43:32.846Z,3.3796,9,SYNTH
2026-03-09 13:43:33.717Z,3.3790,9,SYNTH
2026-03-09 13:43:34.436Z,3.3799,7,SYNTH
2026-03-09 13:43:35.064Z,3.3807,7,SYNTH
2026-03-09 13:43:36.579Z,3.3815,5,SYNTH
2026-03-09 13:43:37.700Z,3.3788,25,SYNTH
2026-03-09 13:43:38.038Z,3.3789,11,SYNTH
2026-03-09 13:43:39.105Z,3.3806,18,SYNTH
2026-03-09 13:43:40.402Z,3.3798,11,SYNTH
2026-03-09 13:43:41.137Z,3.3808,5,SYNTH
2026-03-09 13:43:42.359Z,3.3788,10,SYNTH
2026-03-09 13:43:43.687Z,3.3796,11,SYNTH
2026-03-09 13:43:44.458Z,3.3816,7,SYNTH
2026-03-09 13:43:45.658Z,3.3774,12,SYNTH
2026-03-09 13:43:46.151Z,3.3810,13,SYNTH
2026-03-09 13:43:47.167Z,3.3779,16,SYNTH
2026-03-09 13:43:48.228Z,3.3817,5,SYNTH
2026-03-09 13:43:49.600Z,3.3781,10,SYNTH
2026-03-09 13:43:50.346Z,3.3810,13,SYNTH
2026-03-09 13:43:51.894Z,3.3784,8,SYNTH
2026-03-09 13:43:52.147Z,3.3819,10,SYNTH
2026-03-09 13:43:53.537Z,3.3785,13,SYNTH
2026-03-09 13:43:54.162Z,3.3788,9,SYNTH
2026-03-09 13:43:55.192Z,3.3807,13,SYNTH
2026-03-09 13:43:56.860Z,3.3790,10,SYNTH
2026-03-09 13:43:57.834Z,3.3814,8,SYNTH
2026-03-09 13:43:58.216Z,3.3807,10,SYNTH
2026-03-09 13:43:59.062Z,3.3785,12,SYNTH
2026-03-09 13:44:00.663Z,3.3909,10,SYNTH
2026-03-09 13:44:01.083Z,3.3911,15,SYNTH
2026-03-09 13:44:02.274Z,3.3926,9,SYNTH
2026-03-09 13:44:03.077Z,3.3890,11,SYNTH
2026-03-09 13:44:04.059Z,3.3887,9,SYNTH
2026-03-09 13:44:05.605Z,3.3885,9,SYNTH
2026-03-09 13:44:06.751Z,3.3914,13,SYNTH
2026-03-09 13:44:07.744Z,3.3910,12,SYNTH
2026-03-09 13:44:08.737Z,3.3924,14,SYNTH
2026-03-09 13:44:09.418Z,3.3889,9,SYNTH
2026-03-09 13:44:10.636Z,3.3881,10,SYNTH
2026-03-09 13:44:11.453Z,3.3889,17,SYNTH
2026-03-09 13:44:12.106Z,3.3911,20,SYNTH
2026-03-09 13:44:13.412Z,3.3907,16,SYNTH
2026-03-09 13:44:14.285Z,3.3921,9,SYNTH
2026-03-09 13:44:15.419Z,3.3885,8,SYNTH
2026-03-09 13:44:16.363Z,3.3894,17,SYNTH
2026-03-09 13:44:17.248Z,3.3913,14,SYNTH
2026-03-09 13:44:18.699Z,3.3886,13,SYNTH
2026-03-09 13:44:19.200Z,3.3887,18,SYNTH
2026-03-09 13:44:20.290Z,3.3907,5,SYNTH
2026-03-09 13:44:21.289Z,3.3898,8,SYNTH
2026-03-09 13:44:22.748Z,3.3913,8,SYNTH
2026-03-09 13:44:23.670Z,3.3915,11,SYNTH
2026-03-09 13:44:24.100Z,3.3926,8,SYNTH
2026-03-09 13:44:25.381Z,3.3941,11,SYNTH
2026-03-09 13:44:26.595Z,3.3955,8,SYNTH
2026-03-09 13:44:27.007Z,3.3955,10,SYNTH
2026-03-09 13:44:28.143Z,3.3962,7,SYNTH
2026-03-09 13:44:29.012Z,3.3964,7,SYNTH
2026-03-09 13:44:30.613Z,3.3964,11,SYNTH
2026-03-09 13:44:31.835Z,3.3993,7,SYNTH
2026-03-09 13:44:32.485Z,3.3957,4,SYNTH
2026-03-09 13:44:33.456Z,3.3998,5,SYNTH
2026-03-09 13:44:34.798Z,3.3995,7,SYNTH
2026-03-09 13:44:35.645Z,3.4001,5,SYNTH
2026-03-09 13:44:36.775Z,3.3987,5,SYNTH
2026-03-09 13:44:37.514Z,3.4010,15,SYNTH
2026-03-09 13:44:38.588Z,3.4021,19,SYNTH
2026-03-09 13:44:39.894Z,3.4021,21,SYNTH
2026-03-09 13:44:40.413Z,3.4014,26,SYNTH
2026-03-09 13:44:41.773Z,3.3983,12,SYNTH
2026-03-09 13:44:42.434Z,3.4016,8,SYNTH
2026-03-09 13:44:43.241Z,3.4010,11,SYNTH
2026-03-09 13:44:44.135Z,3.3993,7,SYNTH
2026-03-09 13:44:45.638Z,3.3975,19,SYNTH
2026-03-09 13:44:46.691Z,3.4013,19,SYNTH
2026-03-09 13:44:47.382Z,3.3987,12,SYNTH
2026-03-09 13:44:48.201Z,3.3973,13,SYNTH
2026-03-09 13:44:49.267Z,3.4012,6,SYNTH
2026-03-09 13:44:50.612Z,3.3982,13,SYNTH
2026-03-09 13:44:51.248Z,3.4004,8,SYNTH
2026-03-09 13:44:52.708Z,3.4010,10,SYNTH
2026-03-09 13:44:53.577Z,3.4004,10,SYNTH
2026-03-09 13:44:54.115Z,3.4004,11,SYNTH
2026-03-09 13:44:55.806Z,3.4006,14,SYNTH
2026-03-09 13:44:56.714Z,3.4009,10,SYNTH
2026-03-09 13:44:57.054Z,3.4016,9,SYNTH
2026-03-09 13:44:58.120Z,3.3978,17,SYNTH
2026-03-09 13:44:59.305Z,3.4013,11,SYNTH
2026-03-09 13:45:00.719Z,3.4015,28,SYNTH
2026-03-09 13:45:01.772Z,3.3974,12,SYNTH
2026-03-09 13:45:02.256Z,3.4018,12,SYNTH
2026-03-09 13:45:03.224Z,3.3991,13,SYNTH
2026-03-09 13:45:04.658Z,3.3977,22,SYNTH
2026-03-09 13:45:05.130Z,3.4016,20,SYNTH
2026-03-09 13:45:06.205Z,3.3991,12,SYNTH
2026-03-09 13:45:07.263Z,3.4021,14,SYNTH
2026-03-09 13:45:08.333Z,3.3998,15,SYNTH
2026-03-09 13:45:09.690Z,3.3992,23,SYNTH
2026-03-09 13:45:10.284Z,3.3977,15,SYNTH
2026-03-09 13:45:11.341Z,3.4013,36,SYNTH
2026-03-09 13:45:12.169Z,3.4024,53,SYNTH
2026-03-09 13:45:13.547Z,3.3997,37,SYNTH
2026-03-09 13:45:14.088Z,3.4010,19,SYNTH
2026-03-09 13:45:15.502Z,3.3977,11,SYNTH
2026-03-09 13:45:16.016Z,3.4008,20,SYNTH
2026-03-09 13:45:17.658Z,3.4014,32,SYNTH
2026-03-09 13:45:18.254Z,3.4017,19,SYNTH
2026-03-09 13:45:19.539Z,3.3982,22,SYNTH
2026-03-09 13:45:20.885Z,3.3980,10,SYNTH
2026-03-09 13:45:21.691Z,3.4003,11,SYNTH
2026-03-09 13:45:22.421Z,3.4008,14,SYNTH
2026-03-09 13:45:23.886Z,3.4003,17,SYNTH
2026-03-09 13:45:24.804Z,3.4013,18,SYNTH
2026-03-09 13:45:25.179Z,3.3989,18,SYNTH
2026-03-09 13:45:26.212Z,3.4006,17,SYNTH
2026-03-09 13:45:27.646Z,3.4025,18,SYNTH
2026-03-09 13:45:28.377Z,3.3988,13,SYNTH
2026-03-09 13:45:29.781Z,3.3993,10,SYNTH
2026-03-09 13:45:30.644Z,3.4012,10,SYNTH
2026-03-09 13:45:31.122Z,3.3986,14,SYNTH
2026-03-09 13:45:32.764Z,3.3983,12,SYNTH
2026-03-09 13:45:33.085Z,3.4019,18,SYNTH
2026-03-09 13:45:34.700Z,3.3994,14,SYNTH
2026-03-09 13:45:35.595Z,3.4016,16,SYNTH
2026-03-09 13:45:36.670Z,3.3999,18,SYNTH
2026-03-09 13:45:37.107Z,3.4010,43,SYNTH
2026-03-09 13:45:38.187Z,3.4005,45,SYNTH
2026-03-09 13:45:39.076Z,3.3979,43,SYNTH
2026-03-09 13:45:40.269Z,3.4020,36,SYNTH
2026-03-09 13:45:41.856Z,3.4017,20,SYNTH
2026-03-09 13:45:42.664Z,3.4016,20,SYNTH
2026-03-09 13:45:43.620Z,3.3983,15,SYNTH
2026-03-09 13:45:44.801Z,3.3991,17,SYNTH
2026-03-09 13:45:45.597Z,3.4014,20,SYNTH
2026-03-09 13:45:46.895Z,3.3977,17,SYNTH
2026-03-09 13:45:47.021Z,3.4014,22,SYNTH
2026-03-09 13:45:48.860Z,3.4007,19,SYNTH
2026-03-09 13:45:49.837Z,3.3978,24,SYNTH
2026-03-09 13:45:50.094Z,3.4006,12,SYNTH
2026-03-09 13:45:51.860Z,3.3975,10,SYNTH
2026-03-09 13:45:52.726Z,3.4016,24,SYNTH
2026-03-09 13:45:53.791Z,3.3989,13,SYNTH
2026-03-09 13:45:54.626Z,3.3977,23,SYNTH
2026-03-09 13:45:55.280Z,3.4011,21,SYNTH
2026-03-09 13:45:56.757Z,3.4015,19,SYNTH
2026-03-09 13:45:57.496Z,3.3975,15,SYNTH
2026-03-09 13:45:58.475Z,3.4002,15,SYNTH
2026-03-09 13:45:59.628Z,3.4011,26,SYNTH
2026-03-09 13:46:00.598Z,3.3819,9,SYNTH
2026-03-09 13:46:01.556Z,3.3789,11,SYNTH
2026-03-09 13:46:02.055Z,3.3821,6,SYNTH
2026-03-09 13:46:03.707Z,3.3813,13,SYNTH
2026-03-09 13:46:04.191Z,3.3813,9,SYNTH
2026-03-09 13:46:05.189Z,3.3787,7,SYNTH
2026-03-09 13:46:06.313Z,3.3787,7,SYNTH
2026-03-09 13:46:07.727Z,3.3825,11,SYNTH
2026-03-09 13:46:08.291Z,3.3817,6,SYNTH
2026-03-09 13:46:09.639Z,3.3787,11,SYNTH
2026-03-09 13:46:10.825Z,3.3818,6,SYNTH
2026-03-09 13:46:11.617Z,3.3793,29,SYNTH
2026-03-09 13:46:12.412Z,3.3784,15,SYNTH
2026-03-09 13:46:13.105Z,3.3778,20,SYNTH
2026-03-09 13:46:14.198Z,3.3811,10,SYNTH
2026-03-09 13:46:15.852Z,3.3799,10,SYNTH
2026-03-09 13:46:16.225Z,3.3817,15,SYNTH
2026-03-09 13:46:17.289Z,3.3810,15,SYNTH
2026-03-09 13:46:18.818Z,3.3790,17,SYNTH
2026-03-09 13:46:19.321Z,3.3810,16,SYNTH
2026-03-09 13:46:20.458Z,3.3812,5,SYNTH
2026-03-09 13:46:21.753Z,3.3822,5,SYNTH
2026-03-09 13:46:22.393Z,3.3817,8,SYNTH
2026-03-09 13:46:23.215Z,3.3780,4,SYNTH
2026-03-09 13:46:24.559Z,3.3812,8,SYNTH
2026-03-09 13:46:25.019Z,3.3791,6,SYNTH
2026-03-09 13:46:26.657Z,3.3775,7,SYNTH
2026-03-09 13:46:27.051Z,3.3815,5,SYNTH
2026-03-09 13:46:28.091Z,3.3818,10,SYNTH
2026-03-09 13:46:29.758Z,3.3778,6,SYNTH
2026-03-09 13:46:30.327Z,3.3822,9,SYNTH
2026-03-09 13:46:31.644Z,3.3787,7,SYNTH
2026-03-09 13:46:32.628Z,3.3776,10,SYNTH
2026-03-09 13:46:33.578Z,3.3809,5,SYNTH
2026-03-09 13:46:34.290Z,3.3792,8,SYNTH
2026-03-09 13:46:35.066Z,3.3802,5,SYNTH
2026-03-09 13:46:36.265Z,3.3811,9,SYNTH
2026-03-09 13:46:37.235Z,3.3814,14,SYNTH
2026-03-09 13:46:38.407Z,3.3806,24,SYNTH
2026-03-09 13:46:39.393Z,3.3792,17,SYNTH
2026-03-09 13:46:40.616Z,3.3823,23,SYNTH
2026-03-09 13:46:41.421Z,3.3820,6,SYNTH
2026-03-09 13:46:42.664Z,3.3776,10,SYNTH
2026-03-09 13:46:43.839Z,3.3813,10,SYNTH
2026-03-09 13:46:44.556Z,3.3821,8,SYNTH
2026-03-09 13:46:45.131Z,3.3784,10,SYNTH
2026-03-09 13:46:46.448Z,3.3808,9,SYNTH
2026-03-09 13:46:47.498Z,3.3826,12,SYNTH
2026-03-09 13:46:48.546Z,3.3798,5,SYNTH
2026-03-09 13:46:49.063Z,3.3807,9,SYNTH
2026-03-09 13:46:50.498Z,3.3784,5,SYNTH
2026-03-09 13:46:51.516Z,3.3815,10,SYNTH
2026-03-09 13:46:52.037Z,3.3776,8,SYNTH
2026-03-09 13:46:53.679Z,3.3818,13,SYNTH
2026-03-09 13:46:54.129Z,3.3784,8,SYNTH
2026-03-09 13:46:55.393Z,3.3821,7,SYNTH
2026-03-09 13:46:56.708Z,3.3795,13,SYNTH
2026-03-09 13:46:57.181Z,3.3777,14,SYNTH
2026-03-09 13:46:58.081Z,3.3823,7,SYNTH
2026-03-09 13:46:59.164Z,3.3799,15,SYNTH
2026-03-09 13:47:00.826Z,3.4000,328,SYNTH
2026-03-09 13:47:01.273Z,3.3984,240,SYNTH
2026-03-09 13:47:02.762Z,3.4001,359,SYNTH
2026-03-09 13:47:03.496Z,3.3960,281,SYNTH
2026-03-09 13:47:04.447Z,3.3942,337,SYNTH
2026-03-09 13:47:05.832Z,3.3912,298,SYNTH
2026-03-09 13:47:06.283Z,3.3882,203,SYNTH
2026-03-09 13:47:07.763Z,3.3864,318,SYNTH
2026-03-09 13:47:08.429Z,3.3842,243,SYNTH
2026-03-09 13:47:09.709Z,3.3820,159,SYNTH
2026-03-09 13:47:10.083Z,3.3808,247,SYNTH
2026-03-09 13:47:11.754Z,3.3784,634,SYNTH
2026-03-09 13:47:12.236Z,3.3782,638,SYNTH
2026-03-09 13:47:13.354Z,3.3824,366,SYNTH
2026-03-09 13:47:14.781Z,3.3833,288,SYNTH
2026-03-09 13:47:15.468Z,3.3847,277,SYNTH
2026-03-09 13:47:16.075Z,3.3864,523,SYNTH
2026-03-09 13:47:17.734Z,3.3866,399,SYNTH
2026-03-09 13:47:18.060Z,3.3882,379,SYNTH
2026-03-09 13:47:19.277Z,3.3879,485,SYNTH
2026-03-09 13:47:20.441Z,3.3869,256,SYNTH
2026-03-09 13:47:21.459Z,3.3898,217,SYNTH
2026-03-09 13:47:22.039Z,3.3910,220,SYNTH
2026-03-09 13:47:23.241Z,3.3915,165,SYNTH
2026-03-09 13:47:24.548Z,3.3924,255,SYNTH
2026-03-09 13:47:25.769Z,3.3937,241,SYNTH
2026-03-09 13:47:26.767Z,3.3956,227,SYNTH
2026-03-09 13:47:27.251Z,3.3961,225,SYNTH
2026-03-09 13:47:28.069Z,3.3988,150,SYNTH
2026-03-09 13:47:29.890Z,3.4007,129,SYNTH
2026-03-09 13:47:30.731Z,3.4026,123,SYNTH
2026-03-09 13:47:31.829Z,3.4030,144,SYNTH
2026-03-09 13:47:32.432Z,3.4045,140,SYNTH
2026-03-09 13:47:33.032Z,3.4072,171,SYNTH
2026-03-09 13:47:34.621Z,3.4084,251,SYNTH
2026-03-09 13:47:35.820Z,3.4096,288,SYNTH
2026-03-09 13:47:36.187Z,3.4103,276,SYNTH
2026-03-09 13:47:37.364Z,3.4110,339,SYNTH
2026-03-09 13:47:38.669Z,3.4093,399,SYNTH
2026-03-09 13:47:39.701Z,3.4087,474,SYNTH
2026-03-09 13:47:40.025Z,3.4093,493,SYNTH
2026-03-09 13:47:41.890Z,3.4111,159,SYNTH
2026-03-09 13:47:42.734Z,3.4093,248,SYNTH
2026-03-09 13:47:43.004Z,3.4114,207,SYNTH
2026-03-09 13:47:44.005Z,3.4097,228,SYNTH
2026-03-09 13:47:45.467Z,3.4087,458,SYNTH
2026-03-09 13:47:46.579Z,3.4105,270,SYNTH
2026-03-09 13:47:47.679Z,3.4068,384,SYNTH
2026-03-09 13:47:48.051Z,3.4100,325,SYNTH
2026-03-09 13:47:49.600Z,3.4112,225,SYNTH
2026-03-09 13:47:50.534Z,3.4081,265,SYNTH
2026-03-09 13:47:51.239Z,3.4106,179,SYNTH
2026-03-09 13:47:52.282Z,3.4095,185,SYNTH
2026-03-09 13:47:53.049Z,3.4101,379,SYNTH
2026-03-09 13:47:54.324Z,3.4083,257,SYNTH
2026-03-09 13:47:55.290Z,3.4101,412,SYNTH
2026-03-09 13:47:56.284Z,3.4105,339,SYNTH
2026-03-09 13:47:57.724Z,3.4105,290,SYNTH
2026-03-09 13:47:58.761Z,3.4105,352,SYNTH
2026-03-09 13:47:59.725Z,3.4090,451,SYNTH
2026-03-09 13:48:00.503Z,3.4115,15,SYNTH
2026-03-09 13:48:01.446Z,3.4115,13,SYNTH
2026-03-09 13:48:02.488Z,3.4079,9,SYNTH
2026-03-09 13:48:03.764Z,3.4116,16,SYNTH
2026-03-09 13:48:04.381Z,3.4086,17,SYNTH
2026-03-09 13:48:05.586Z,3.4090,9,SYNTH
2026-03-09 13:48:06.541Z,3.4112,10,SYNTH
2026-03-09 13:48:07.889Z,3.4082,15,SYNTH
2026-03-09 13:48:08.238Z,3.4105,13,SYNTH
2026-03-09 13:48:09.858Z,3.4107,8,SYNTH
2026-03-09 13:48:10.023Z,3.4102,8,SYNTH
2026-03-09 13:48:11.641Z,3.4079,36,SYNTH
2026-03-09 13:48:12.236Z,3.4089,31,SYNTH
2026-03-09 13:48:13.676Z,3.4107,30,SYNTH
2026-03-09 13:48:14.484Z,3.4079,7,SYNTH
2026-03-09 13:48:15.344Z,3.4082,10,SYNTH
2026-03-09 13:48:16.230Z,3.4113,18,SYNTH
2026-03-09 13:48:17.237Z,3.4074,21,SYNTH
2026-03-09 13:48:18.411Z,3.4108,18,SYNTH
2026-03-09 13:48:19.779Z,3.4093,13,SYNTH
2026-03-09 13:48:20.885Z,3.4121,8,SYNTH
2026-03-09 13:48:21.269Z,3.4091,6,SYNTH
2026-03-09 13:48:22.339Z,3.4094,7,SYNTH
2026-03-09 13:48:23.183Z,3.4085,12,SYNTH
2026-03-09 13:48:24.065Z,3.4119,8,SYNTH
2026-03-09 13:48:25.502Z,3.4111,9,SYNTH
2026-03-09 13:48:26.855Z,3.4088,10,SYNTH
2026-03-09 13:48:27.169Z,3.4116,6,SYNTH
2026-03-09 13:48:28.211Z,3.4085,10,SYNTH
2026-03-09 13:48:29.315Z,3.4119,11,SYNTH
2026-03-09 13:48:30.154Z,3.4089,8,SYNTH
2026-03-09 13:48:31.644Z,3.4084,10,SYNTH
2026-03-09 13:48:32.882Z,3.4121,6,SYNTH
2026-03-09 13:48:33.014Z,3.4088,10,SYNTH
2026-03-09 13:48:34.614Z,3.4077,8,SYNTH
2026-03-09 13:48:35.680Z,3.4099,11,SYNTH
2026-03-09 13:48:36.352Z,3.4109,5,SYNTH
2026-03-09 13:48:37.084Z,3.4091,30,SYNTH
2026-03-09 13:48:38.363Z,3.4108,21,SYNTH
2026-03-09 13:48:39.023Z,3.4085,18,SYNTH
2026-03-09 13:48:40.181Z,3.4102,16,SYNTH
2026-03-09 13:48:41.566Z,3.4089,9,SYNTH
2026-03-09 13:48:42.351Z,3.4124,10,SYNTH
2026-03-09 13:48:43.069Z,3.4091,8,SYNTH
2026-03-09 13:48:44.810Z,3.4106,12,SYNTH
2026-03-09 13:48:45.060Z,3.4105,9,SYNTH
2026-03-09 13:48:46.127Z,3.4082,10,SYNTH
2026-03-09 13:48:47.101Z,3.4086,20,SYNTH
2026-03-09 13:48:48.600Z,3.4107,11,SYNTH
2026-03-09 13:48:49.435Z,3.4082,14,SYNTH
2026-03-09 13:48:50.005Z,3.4086,11,SYNTH
2026-03-09 13:48:51.021Z,3.4110,13,SYNTH
2026-03-09 13:48:52.329Z,3.4094,11,SYNTH
2026-03-09 13:48:53.486Z,3.4120,14,SYNTH
2026-03-09 13:48:54.025Z,3.4097,9,SYNTH
2026-03-09 13:48:55.718Z,3.4090,13,SYNTH
2026-03-09 13:48:56.313Z,3.4106,10,SYNTH
2026-03-09 13:48:57.409Z,3.4076,9,SYNTH
2026-03-09 13:48:58.285Z,3.4076,11,SYNTH
2026-03-09 13:48:59.765Z,3.4116,12,SYNTH
2026-03-09 13:49:00.878Z,3.4106,29,SYNTH
2026-03-09 13:49:01.699Z,3.4085,19,SYNTH
2026-03-09 13:49:02.134Z,3.4116,35,SYNTH
2026-03-09 13:49:03.237Z,3.4090,33,SYNTH
2026-03-09 13:49:04.148Z,3.4107,17,SYNTH
2026-03-09 13:49:05.640Z,3.4090,29,SYNTH
2026-03-09 13:49:06.560Z,3.4112,30,SYNTH
2026-03-09 13:49:07.218Z,3.4122,26,SYNTH
2026-03-09 13:49:08.760Z,3.4078,25,SYNTH
2026-03-09 13:49:09.550Z,3.4126,20,SYNTH
2026-03-09 13:49:10.349Z,3.4100,16,SYNTH
2026-03-09 13:49:11.677Z,3.4119,44,SYNTH
2026-03-09 13:49:12.306Z,3.4085,31,SYNTH
2026-03-09 13:49:13.832Z,3.4118,46,SYNTH
2026-03-09 13:49:14.192Z,3.4091,14,SYNTH
2026-03-09 13:49:15.631Z,3.4089,12,SYNTH
2026-03-09 13:49:16.192Z,3.4103,28,SYNTH
2026-03-09 13:49:17.611Z,3.4075,23,SYNTH
2026-03-09 13:49:18.221Z,3.4115,32,SYNTH
2026-03-09 13:49:19.305Z,3.4091,37,SYNTH
2026-03-09 13:49:20.597Z,3.4096,14,SYNTH
2026-03-09 13:49:21.776Z,3.4076,17,SYNTH
2026-03-09 13:49:22.472Z,3.4076,15,SYNTH
2026-03-09 13:49:23.220Z,3.4098,14,SYNTH
2026-03-09 13:49:24.583Z,3.4061,22,SYNTH
2026-03-09 13:49:25.707Z,3.4089,24,SYNTH
2026-03-09 13:49:26.036Z,3.4052,21,SYNTH
2026-03-09 13:49:27.500Z,3.4039,14,SYNTH
2026-03-09 13:49:28.566Z,3.4033,20,SYNTH
2026-03-09 13:49:29.662Z,3.4022,13,SYNTH
2026-03-09 13:49:30.120Z,3.4054,11,SYNTH
2026-03-09 13:49:31.522Z,3.4031,16,SYNTH
2026-03-09 13:49:32.566Z,3.4001,10,SYNTH
2026-03-09 13:49:33.387Z,3.4006,20,SYNTH
2026-03-09 13:49:34.596Z,3.4000,22,SYNTH
2026-03-09 13:49:35.353Z,3.4022,18,SYNTH
2026-03-09 13:49:36.808Z,3.3997,23,SYNTH
2026-03-09 13:49:37.477Z,3.3986,32,SYNTH
2026-03-09 13:49:38.593Z,3.4010,34,SYNTH
2026-03-09 13:49:39.001Z,3.4001,56,SYNTH
2026-03-09 13:49:40.575Z,3.4016,57,SYNTH
2026-03-09 13:49:41.345Z,3.4012,26,SYNTH
2026-03-09 13:49:42.855Z,3.3996,21,SYNTH
2026-03-09 13:49:43.558Z,3.4018,17,SYNTH
2026-03-09 13:49:44.819Z,3.4011,20,SYNTH
2026-03-09 13:49:45.754Z,3.4025,19,SYNTH
2026-03-09 13:49:46.598Z,3.4032,38,SYNTH
2026-03-09 13:49:47.705Z,3.3985,32,SYNTH
2026-03-09 13:49:48.185Z,3.4027,25,SYNTH
2026-03-09 13:49:49.666Z,3.3996,19,SYNTH
2026-03-09 13:49:50.627Z,3.3990,26,SYNTH
2026-03-09 13:49:51.189Z,3.4026,21,SYNTH
2026-03-09 13:49:52.543Z,3.4025,32,SYNTH
2026-03-09 13:49:53.812Z,3.3994,19,SYNTH
2026-03-09 13:49:54.876Z,3.3992,17,SYNTH
2026-03-09 13:49:55.766Z,3.3982,17,SYNTH
2026-03-09 13:49:56.500Z,3.4022,34,SYNTH
2026-03-09 13:49:57.141Z,3.3995,29,SYNTH
2026-03-09 13:49:58.306Z,3.4016,16,SYNTH
2026-03-09 13:49:59.893Z,3.3995,19,SYNTH
2026-03-09 13:50:00.722Z,3.3916,94,SYNTH
2026-03-09 13:50:01.034Z,3.3924,99,SYNTH
2026-03-09 13:50:02.751Z,3.3887,72,SYNTH
2026-03-09 13:50:03.764Z,3.3911,98,SYNTH
2026-03-09 13:50:04.410Z,3.3891,105,SYNTH
2026-03-09 13:50:05.289Z,3.3913,91,SYNTH
2026-03-09 13:50:06.475Z,3.3883,76,SYNTH
2026-03-09 13:50:07.650Z,3.3910,65,SYNTH
2026-03-09 13:50:08.727Z,3.3908,68,SYNTH
2026-03-09 13:50:09.227Z,3.3911,38,SYNTH
2026-03-09 13:50:10.510Z,3.3894,46,SYNTH
2026-03-09 13:50:11.812Z,3.3914,200,SYNTH
2026-03-09 13:50:12.157Z,3.3881,137,SYNTH
2026-03-09 13:50:13.874Z,3.3924,182,SYNTH
2026-03-09 13:50:14.282Z,3.3891,59,SYNTH
2026-03-09 13:50:15.024Z,3.3884,84,SYNTH
2026-03-09 13:50:16.733Z,3.3916,124,SYNTH
2026-03-09 13:50:17.327Z,3.3908,70,SYNTH
2026-03-09 13:50:18.517Z,3.3917,102,SYNTH
2026-03-09 13:50:19.157Z,3.3894,73,SYNTH
2026-03-09 13:50:20.434Z,3.3880,50,SYNTH
2026-03-09 13:50:21.713Z,3.3878,56,SYNTH
2026-03-09 13:50:22.871Z,3.3909,63,SYNTH
2026-03-09 13:50:23.211Z,3.3883,35,SYNTH
2026-03-09 13:50:24.878Z,3.3862,61,SYNTH
2026-03-09 13:50:25.619Z,3.3861,69,SYNTH
2026-03-09 13:50:26.466Z,3.3839,74,SYNTH
2026-03-09 13:50:27.896Z,3.3860,61,SYNTH
2026-03-09 13:50:28.089Z,3.3868,48,SYNTH
2026-03-09 13:50:29.072Z,3.3829,43,SYNTH
2026-03-09 13:50:30.821Z,3.3829,38,SYNTH
2026-03-09 13:50:31.489Z,3.3823,35,SYNTH
2026-03-09 13:50:32.417Z,3.3798,52,SYNTH
2026-03-09 13:50:33.322Z,3.3834,47,SYNTH
2026-03-09 13:50:34.217Z,3.3808,57,SYNTH
2026-03-09 13:50:35.061Z,3.3786,57,SYNTH
2026-03-09 13:50:36.320Z,3.3824,37,SYNTH
2026-03-09 13:50:37.308Z,3.3794,140,SYNTH
2026-03-09 13:50:38.764Z,3.3786,167,SYNTH
2026-03-09 13:50:39.217Z,3.3799,98,SYNTH
2026-03-09 13:50:40.472Z,3.3819,151,SYNTH
2026-03-09 13:50:41.547Z,3.3814,58,SYNTH
2026-03-09 13:50:42.580Z,3.3786,81,SYNTH
2026-03-09 13:50:43.785Z,3.3828,74,SYNTH
2026-03-09 13:50:44.313Z,3.3836,68,SYNTH
2026-03-09 13:50:45.610Z,3.3801,59,SYNTH
2026-03-09 13:50:46.845Z,3.3836,85,SYNTH
2026-03-09 13:50:47.187Z,3.3795,60,SYNTH
2026-03-09 13:50:48.061Z,3.3837,89,SYNTH
2026-03-09 13:50:49.882Z,3.3834,55,SYNTH
2026-03-09 13:50:50.880Z,3.3813,62,SYNTH
2026-03-09 13:50:51.169Z,3.3800,89,SYNTH
2026-03-09 13:50:52.124Z,3.3803,55,SYNTH
2026-03-09 13:50:53.541Z,3.3803,94,SYNTH
2026-03-09 13:50:54.405Z,3.3795,62,SYNTH
2026-03-09 13:50:55.296Z,3.3794,50,SYNTH
2026-03-09 13:50:56.468Z,3.3824,48,SYNTH
2026-03-09 13:50:57.463Z,3.3795,64,SYNTH
2026-03-09 13:50:58.601Z,3.3792,57,SYNTH
2026-03-09 13:50:59.661Z,3.3807,55,SYNTH
2026-03-09 13:52:00.245Z,3.3812,10,SYNTH
2026-03-09 13:52:01.261Z,3.3805,13,SYNTH
2026-03-09 13:52:02.188Z,3.3784,6,SYNTH
2026-03-09 13:52:03.731Z,3.3763,10,SYNTH
2026-03-09 13:52:04.041Z,3.3766,6,SYNTH
2026-03-09 13:52:05.330Z,3.3768,9,SYNTH
2026-03-09 13:52:06.318Z,3.3739,10,SYNTH
2026-03-09 13:52:07.433Z,3.3731,12,SYNTH
2026-03-09 13:52:08.590Z,3.3705,10,SYNTH
2026-03-09 13:52:09.616Z,3.3692,5,SYNTH
2026-03-09 13:52:10.763Z,3.3696,5,SYNTH
2026-03-09 13:52:11.270Z,3.3685,28,SYNTH
2026-03-09 13:52:12.428Z,3.3718,16,SYNTH
2026-03-09 13:52:13.478Z,3.3689,14,SYNTH
2026-03-09 13:52:14.023Z,3.3693,9,SYNTH
2026-03-09 13:52:15.272Z,3.3734,9,SYNTH
2026-03-09 13:52:16.367Z,3.3699,13,SYNTH
2026-03-09 13:52:17.884Z,3.3712,14,SYNTH
2026-03-09 13:52:18.014Z,3.3735,9,SYNTH
2026-03-09 13:52:19.649Z,3.3716,16,SYNTH
2026-03-09 13:52:20.005Z,3.3728,9,SYNTH
2026-03-09 13:52:21.124Z,3.3740,5,SYNTH
2026-03-09 13:52:22.631Z,3.3723,6,SYNTH
2026-03-09 13:52:23.844Z,3.3743,5,SYNTH
2026-03-09 13:52:24.515Z,3.3746,9,SYNTH
2026-03-09 13:52:25.321Z,3.3767,6,SYNTH
2026-03-09 13:52:26.374Z,3.3744,5,SYNTH
2026-03-09 13:52:27.812Z,3.3782,4,SYNTH
2026-03-09 13:52:28.768Z,3.3743,7,SYNTH
2026-03-09 13:52:29.707Z,3.3778,9,SYNTH
2026-03-09 13:52:30.851Z,3.3782,6,SYNTH
2026-03-09 13:52:31.049Z,3.3798,8,SYNTH
2026-03-09 13:52:32.727Z,3.3788,9,SYNTH
2026-03-09 13:52:33.463Z,3.3812,8,SYNTH
2026-03-09 13:52:34.263Z,3.3813,5,SYNTH
2026-03-09 13:52:35.876Z,3.3778,8,SYNTH
2026-03-09 13:52:36.825Z,3.3821,7,SYNTH
2026-03-09 13:52:37.871Z,3.3793,20,SYNTH
2026-03-09 13:52:38.846Z,3.3807,17,SYNTH
2026-03-09 13:52:39.386Z,3.3819,18,SYNTH
2026-03-09 13:52:40.484Z,3.3784,11,SYNTH
2026-03-09 13:52:41.539Z,3.3807,4,SYNTH
2026-03-09 13:52:42.000Z,3.3795,8,SYNTH
2026-03-09 13:52:43.169Z,3.3804,7,SYNTH
2026-03-09 13:52:44.781Z,3.3772,5,SYNTH
2026-03-09 13:52:45.110Z,3.3812,14,SYNTH
2026-03-09 13:52:46.629Z,3.3827,9,SYNTH
2026-03-09 13:52:47.505Z,3.3784,9,SYNTH
2026-03-09 13:52:48.705Z,3.3814,11,SYNTH
2026-03-09 13:52:49.065Z,3.3792,8,SYNTH
2026-03-09 13:52:50.016Z,3.3822,8,SYNTH
2026-03-09 13:52:51.627Z,3.3800,5,SYNTH
2026-03-09 13:52:52.177Z,3.3789,12,SYNTH
2026-03-09 13:52:53.761Z,3.3811,11,SYNTH
2026-03-09 13:52:54.306Z,3.3782,6,SYNTH
2026-03-09 13:52:55.748Z,3.3827,8,SYNTH
2026-03-09 13:52:56.241Z,3.3790,9,SYNTH
2026-03-09 13:52:57.080Z,3.3778,13,SYNTH
2026-03-09 13:52:58.278Z,3.3803,11,SYNTH
2026-03-09 13:52:59.509Z,3.3797,13,SYNTH
2026-03-09 13:53:00.705Z,3.3820,8,SYNTH
2026-03-09 13:53:01.115Z,3.3816,9,SYNTH
2026-03-09 13:53:02.737Z,3.3801,10,SYNTH
2026-03-09 13:53:03.038Z,3.3823,11,SYNTH
2026-03-09 13:53:04.075Z,3.3797,13,SYNTH
2026-03-09 13:53:05.690Z,3.3815,7,SYNTH
2026-03-09 13:53:06.418Z,3.3781,12,SYNTH
2026-03-09 13:53:07.103Z,3.3799,8,SYNTH
2026-03-09 13:53:08.477Z,3.3818,6,SYNTH
2026-03-09 13:53:09.759Z,3.3815,12,SYNTH
2026-03-09 13:53:10.665Z,3.3821,11,SYNTH
2026-03-09 13:53:11.611Z,3.3789,21,SYNTH
2026-03-09 13:53:12.454Z,3.3803,27,SYNTH
2026-03-09 13:53:13.721Z,3.3821,13,SYNTH
2026-03-09 13:53:14.135Z,3.3787,8,SYNTH
2026-03-09 13:53:15.284Z,3.3828,10,SYNTH
2026-03-09 13:53:16.819Z,3.3820,10,SYNTH
2026-03-09 13:53:17.464Z,3.3793,16,SYNTH
2026-03-09 13:53:18.553Z,3.3817,15,SYNTH
2026-03-09 13:53:19.156Z,3.3806,18,SYNTH
2026-03-09 13:53:20.042Z,3.3779,8,SYNTH
2026-03-09 13:53:21.455Z,3.3806,6,SYNTH
2026-03-09 13:53:22.001Z,3.3768,9,SYNTH
2026-03-09 13:53:23.451Z,3.3764,6,SYNTH
2026-03-09 13:53:24.825Z,3.3785,8,SYNTH
2026-03-09 13:53:25.777Z,3.3754,5,SYNTH
2026-03-09 13:53:26.667Z,3.3768,6,SYNTH
2026-03-09 13:53:27.552Z,3.3743,10,SYNTH
2026-03-09 13:53:28.043Z,3.3747,8,SYNTH
2026-03-09 13:53:29.243Z,3.3737,8,SYNTH
2026-03-09 13:53:30.283Z,3.3711,9,SYNTH
2026-03-09 13:53:31.321Z,3.3741,8,SYNTH
2026-03-09 13:53:32.496Z,3.3708,5,SYNTH
2026-03-09 13:53:33.223Z,3.3708,7,SYNTH
2026-03-09 13:53:34.160Z,3.3722,5,SYNTH
2026-03-09 13:53:35.548Z,3.3710,4,SYNTH
2026-03-09 13:53:36.023Z,3.3696,4,SYNTH
2026-03-09 13:53:37.609Z,3.3713,12,SYNTH
2026-03-09 13:53:38.785Z,3.3712,17,SYNTH
2026-03-09 13:53:39.128Z,3.3689,14,SYNTH
2026-03-09 13:53:40.800Z,3.3702,25,SYNTH
2026-03-09 13:53:41.360Z,3.3715,8,SYNTH
2026-03-09 13:53:42.001Z,3.3718,6,SYNTH
2026-03-09 13:53:43.249Z,3.3706,5,SYNTH
2026-03-09 13:53:44.486Z,3.3726,8,SYNTH
2026-03-09 13:53:45.315Z,3.3723,15,SYNTH
2026-03-09 13:53:46.148Z,3.3723,8,SYNTH
2026-03-09 13:53:47.505Z,3.3701,10,SYNTH
2026-03-09 13:53:48.624Z,3.3734,9,SYNTH
2026-03-09 13:53:49.043Z,3.3694,10,SYNTH
2026-03-09 13:53:50.171Z,3.3727,11,SYNTH
2026-03-09 13:53:51.664Z,3.3732,6,SYNTH
2026-03-09 13:53:52.095Z,3.3694,5,SYNTH
2026-03-09 13:53:53.329Z,3.3696,8,SYNTH
2026-03-09 13:53:54.024Z,3.3711,9,SYNTH
2026-03-09 13:53:55.104Z,3.3726,13,SYNTH
2026-03-09 13:53:56.533Z,3.3690,11,SYNTH
2026-03-09 13:53:57.188Z,3.3690,6,SYNTH
2026-03-09 13:53:58.500Z,3.3683,15,SYNTH
2026-03-09 13:53:59.683Z,3.3704,14,SYNTH
2026-03-09 13:54:00.406Z,3.3702,54,SYNTH
2026-03-09 13:54:01.373Z,3.3711,41,SYNTH
2026-03-09 13:54:02.073Z,3.3684,31,SYNTH
2026-03-09 13:54:03.694Z,3.3710,32,SYNTH
2026-03-09 13:54:04.157Z,3.3709,57,SYNTH
2026-03-09 13:54:05.819Z,3.3696,33,SYNTH
2026-03-09 13:54:06.664Z,3.3709,51,SYNTH
2026-03-09 13:54:07.736Z,3.3710,33,SYNTH
2026-03-09 13:54:08.088Z,3.3684,59,SYNTH
2026-03-09 13:54:09.338Z,3.3713,24,SYNTH
2026-03-09 13:54:10.324Z,3.3685,41,SYNTH
2026-03-09 13:54:11.652Z,3.3681,70,SYNTH
2026-03-09 13:54:12.858Z,3.3685,108,SYNTH
2026-03-09 13:54:13.469Z,3.3685,99,SYNTH
2026-03-09 13:54:14.433Z,3.3713,22,SYNTH
2026-03-09 13:54:15.823Z,3.3693,24,SYNTH
2026-03-09 13:54:16.573Z,3.3716,45,SYNTH
2026-03-09 13:54:17.738Z,3.3685,69,SYNTH
2026-03-09 13:54:18.180Z,3.3708,83,SYNTH
2026-03-09 13:54:19.009Z,3.3688,54,SYNTH
2026-03-09 13:54:20.851Z,3.3714,40,SYNTH
2026-03-09 13:54:21.334Z,3.3722,41,SYNTH
2026-03-09 13:54:22.896Z,3.3698,27,SYNTH
2026-03-09 13:54:23.836Z,3.3734,36,SYNTH
2026-03-09 13:54:24.400Z,3.3738,32,SYNTH
2026-03-09 13:54:25.505Z,3.3747,28,SYNTH
2026-03-09 13:54:26.783Z,3.3726,38,SYNTH
2026-03-09 13:54:27.618Z,3.3743,34,SYNTH
2026-03-09 13:54:28.821Z,3.3764,34,SYNTH
2026-03-09 13:54:29.247Z,3.3762,22,SYNTH
2026-03-09 13:54:30.860Z,3.3763,43,SYNTH
2026-03-09 13:54:31.526Z,3.3772,21,SYNTH
2026-03-09 13:54:32.267Z,3.3790,32,SYNTH
2026-03-09 13:54:33.898Z,3.3809,39,SYNTH
2026-03-09 13:54:34.302Z,3.3778,34,SYNTH
2026-03-09 13:54:35.084Z,3.3795,40,SYNTH
2026-03-09 13:54:36.850Z,3.3812,19,SYNTH
2026-03-09 13:54:37.604Z,3.3812,97,SYNTH
2026-03-09 13:54:38.834Z,3.3795,110,SYNTH
2026-03-09 13:54:39.108Z,3.3783,97,SYNTH
2026-03-09 13:54:40.673Z,3.3771,118,SYNTH
2026-03-09 13:54:41.007Z,3.3773,48,SYNTH
2026-03-09 13:54:42.863Z,3.3806,29,SYNTH
2026-03-09 13:54:43.459Z,3.3791,26,SYNTH
2026-03-09 13:54:44.759Z,3.3815,41,SYNTH
2026-03-09 13:54:45.595Z,3.3784,68,SYNTH
2026-03-09 13:54:46.878Z,3.3770,40,SYNTH
2026-03-09 13:54:47.238Z,3.3797,33,SYNTH
2026-03-09 13:54:48.690Z,3.3793,25,SYNTH
2026-03-09 13:54:49.531Z,3.3788,33,SYNTH
2026-03-09 13:54:50.092Z,3.3810,53,SYNTH
2026-03-09 13:54:51.021Z,3.3804,24,SYNTH
2026-03-09 13:54:52.572Z,3.3778,49,SYNTH
2026-03-09 13:54:53.306Z,3.3768,61,SYNTH
2026-03-09 13:54:54.320Z,3.3795,29,SYNTH
2026-03-09 13:54:55.583Z,3.3812,59,SYNTH
2026-03-09 13:54:56.792Z,3.3791,28,SYNTH
2026-03-09 13:54:57.843Z,3.3807,47,SYNTH
2026-03-09 13:54:58.365Z,3.3776,57,SYNTH
2026-03-09 13:54:59.779Z,3.3802,49,SYNTH
2026-03-09 13:55:00.404Z,3.3719,12,SYNTH
2026-03-09 13:55:01.716Z,3.3709,13,SYNTH
2026-03-09 13:55:02.454Z,3.3686,21,SYNTH
2026-03-09 13:55:03.349Z,3.3694,15,SYNTH
2026-03-09 13:55:04.415Z,3.3688,22,SYNTH
2026-03-09 13:55:05.691Z,3.3718,20,SYNTH
2026-03-09 13:55:06.075Z,3.3679,12,SYNTH
2026-03-09 13:55:07.133Z,3.3675,22,SYNTH
2026-03-09 13:55:08.132Z,3.3712,13,SYNTH
2026-03-09 13:55:09.813Z,3.3725,18,SYNTH
2026-03-09 13:55:10.513Z,3.3697,16,SYNTH
2026-03-09 13:55:11.081Z,3.3679,32,SYNTH
2026-03-09 13:55:12.820Z,3.3699,32,SYNTH
2026-03-09 13:55:13.496Z,3.3716,33,SYNTH
2026-03-09 13:55:14.424Z,3.3719,10,SYNTH
2026-03-09 13:55:15.862Z,3.3702,14,SYNTH
2026-03-09 13:55:16.390Z,3.3688,25,SYNTH
2026-03-09 13:55:17.046Z,3.3695,17,SYNTH
2026-03-09 13:55:18.226Z,3.3708,18,SYNTH
2026-03-09 13:55:19.100Z,3.3686,19,SYNTH
2026-03-09 13:55:20.771Z,3.3711,15,SYNTH
2026-03-09 13:55:21.281Z,3.3728,15,SYNTH
2026-03-09 13:55:22.297Z,3.3729,9,SYNTH
2026-03-09 13:55:23.186Z,3.3736,13,SYNTH
2026-03-09 13:55:24.081Z,3.3742,13,SYNTH
2026-03-09 13:55:25.700Z,3.3713,12,SYNTH
2026-03-09 13:55:26.439Z,3.3753,10,SYNTH
2026-03-09 13:55:27.569Z,3.3757,7,SYNTH
2026-03-09 13:55:28.658Z,3.3758,12,SYNTH
2026-03-09 13:55:29.024Z,3.3765,12,SYNTH
2026-03-09 13:55:30.585Z,3.3740,14,SYNTH
2026-03-09 13:55:31.691Z,3.3787,15,SYNTH
2026-03-09 13:55:32.353Z,3.3794,14,SYNTH
2026-03-09 13:55:33.618Z,3.3765,15,SYNTH
2026-03-09 13:55:34.837Z,3.3766,8,SYNTH
2026-03-09 13:55:35.554Z,3.3798,8,SYNTH
2026-03-09 13:55:36.797Z,3.3808,8,SYNTH
2026-03-09 13:55:37.309Z,3.3797,33,SYNTH
2026-03-09 13:55:38.049Z,3.3817,30,SYNTH
2026-03-09 13:55:39.037Z,3.3793,30,SYNTH
2026-03-09 13:55:40.767Z,3.3797,27,SYNTH
2026-03-09 13:55:41.496Z,3.3814,11,SYNTH
2026-03-09 13:55:42.316Z,3.3783,9,SYNTH
2026-03-09 13:55:43.518Z,3.3794,10,SYNTH
2026-03-09 13:55:44.888Z,3.3768,18,SYNTH
2026-03-09 13:55:45.262Z,3.3795,25,SYNTH
2026-03-09 13:55:46.786Z,3.3782,13,SYNTH
2026-03-09 13:55:47.572Z,3.3798,29,SYNTH
2026-03-09 13:55:48.186Z,3.3815,17,SYNTH
2026-03-09 13:55:49.273Z,3.3774,12,SYNTH
2026-03-09 13:55:50.586Z,3.3787,19,SYNTH
2026-03-09 13:55:51.051Z,3.3809,9,SYNTH
2026-03-09 13:55:52.188Z,3.3807,22,SYNTH
2026-03-09 13:55:53.783Z,3.3804,10,SYNTH
2026-03-09 13:55:54.535Z,3.3821,13,SYNTH
2026-03-09 13:55:55.048Z,3.3792,13,SYNTH
2026-03-09 13:55:56.111Z,3.3786,10,SYNTH
2026-03-09 13:55:57.581Z,3.3809,12,SYNTH
2026-03-09 13:55:58.028Z,3.3802,22,SYNTH
2026-03-09 13:55:59.338Z,3.3820,16,SYNTH
2026-03-09 13:57:00.520Z,3.3809,145,SYNTH
2026-03-09 13:57:01.424Z,3.3816,180,SYNTH
2026-03-09 13:57:02.735Z,3.3777,186,SYNTH
2026-03-09 13:57:03.374Z,3.3777,100,SYNTH
2026-03-09 13:57:04.151Z,3.3773,231,SYNTH
2026-03-09 13:57:05.186Z,3.3744,137,SYNTH
2026-03-09 13:57:06.486Z,3.3736,95,SYNTH
2026-03-09 13:57:07.314Z,3.3745,153,SYNTH
2026-03-09 13:57:08.054Z,3.3710,142,SYNTH
2026-03-09 13:57:09.858Z,3.3708,93,SYNTH
2026-03-09 13:57:10.673Z,3.3689,148,SYNTH
2026-03-09 13:57:11.544Z,3.3684,366,SYNTH
2026-03-09 13:57:12.642Z,3.3703,258,SYNTH
2026-03-09 13:57:13.351Z,3.3724,402,SYNTH
2026-03-09 13:57:14.495Z,3.3724,188,SYNTH
2026-03-09 13:57:15.655Z,3.3733,142,SYNTH
2026-03-09 13:57:16.515Z,3.3732,162,SYNTH
2026-03-09 13:57:17.428Z,3.3702,213,SYNTH
2026-03-09 13:57:18.512Z,3.3735,269,SYNTH
2026-03-09 13:57:19.668Z,3.3739,280,SYNTH
2026-03-09 13:57:20.795Z,3.3743,123,SYNTH
2026-03-09 13:57:21.056Z,3.3722,151,SYNTH
2026-03-09 13:57:22.172Z,3.3723,131,SYNTH
2026-03-09 13:57:23.767Z,3.3749,90,SYNTH
2026-03-09 13:57:24.585Z,3.3750,89,SYNTH
2026-03-09 13:57:25.012Z,3.3742,135,SYNTH
2026-03-09 13:57:26.400Z,3.3768,139,SYNTH
2026-03-09 13:57:27.284Z,3.3764,151,SYNTH
2026-03-09 13:57:28.803Z,3.3780,90,SYNTH
2026-03-09 13:57:29.206Z,3.3774,99,SYNTH
2026-03-09 13:57:30.532Z,3.3783,125,SYNTH
2026-03-09 13:57:31.420Z,3.3779,72,SYNTH
2026-03-09 13:57:32.000Z,3.3800,85,SYNTH
2026-03-09 13:57:33.158Z,3.3790,77,SYNTH
2026-03-09 13:57:34.203Z,3.3799,116,SYNTH
2026-03-09 13:57:35.002Z,3.3797,109,SYNTH
2026-03-09 13:57:36.382Z,3.3779,146,SYNTH
2026-03-09 13:57:37.140Z,3.3802,282,SYNTH
2026-03-09 13:57:38.129Z,3.3810,340,SYNTH
2026-03-09 13:57:39.631Z,3.3821,258,SYNTH
2026-03-09 13:57:40.358Z,3.3814,310,SYNTH
2026-03-09 13:57:41.627Z,3.3788,82,SYNTH
2026-03-09 13:57:42.422Z,3.3815,83,SYNTH
2026-03-09 13:57:43.805Z,3.3817,162,SYNTH
2026-03-09 13:57:44.631Z,3.3807,136,SYNTH
2026-03-09 13:57:45.282Z,3.3800,183,SYNTH
2026-03-09 13:57:46.198Z,3.3817,208,SYNTH
2026-03-09 13:57:47.484Z,3.3795,255,SYNTH
2026-03-09 13:57:48.828Z,3.3824,140,SYNTH
2026-03-09 13:57:49.126Z,3.3780,125,SYNTH
2026-03-09 13:57:50.443Z,3.3809,168,SYNTH
2026-03-09 13:57:51.613Z,3.3803,138,SYNTH
2026-03-09 13:57:52.481Z,3.3785,128,SYNTH
2026-03-09 13:57:53.606Z,3.3805,113,SYNTH
2026-03-09 13:57:54.835Z,3.3825,118,SYNTH
2026-03-09 13:57:55.136Z,3.3787,159,SYNTH
2026-03-09 13:57:56.495Z,3.3815,226,SYNTH
2026-03-09 13:57:57.533Z,3.3774,153,SYNTH
2026-03-09 13:57:58.536Z,3.3812,224,SYNTH
2026-03-09 13:57:59.899Z,3.3785,146,SYNTH
2026-03-09 13:58:00.496Z,3.3907,50,SYNTH
2026-03-09 13:58:01.031Z,3.3908,52,SYNTH
2026-03-09 13:58:02.743Z,3.3887,62,SYNTH
2026-03-09 13:58:03.459Z,3.3886,50,SYNTH
2026-03-09 13:58:04.869Z,3.3915,52,SYNTH
2026-03-09 13:58:05.744Z,3.3890,62,SYNTH
2026-03-09 13:58:06.885Z,3.3911,65,SYNTH
2026-03-09 13:58:07.641Z,3.3918,36,SYNTH
2026-03-09 13:58:08.079Z,3.3879,51,SYNTH
2026-03-09 13:58:09.782Z,3.3893,58,SYNTH
2026-03-09 13:58:10.296Z,3.3880,56,SYNTH
2026-03-09 13:58:11.868Z,3.3914,70,SYNTH
2026-03-09 13:58:12.318Z,3.3883,141,SYNTH
2026-03-09 13:58:13.825Z,3.3918,74,SYNTH
2026-03-09 13:58:14.610Z,3.3890,31,SYNTH
2026-03-09 13:58:15.456Z,3.3891,49,SYNTH
2026-03-09 13:58:16.610Z,3.3884,84,SYNTH
2026-03-09 13:58:17.705Z,3.3917,56,SYNTH
2026-03-09 13:58:18.137Z,3.3880,69,SYNTH
2026-03-09 13:58:19.015Z,3.3909,80,SYNTH
2026-03-09 13:58:20.572Z,3.3883,28,SYNTH
2026-03-09 13:58:21.509Z,3.3890,33,SYNTH
2026-03-09 13:58:22.490Z,3.3888,32,SYNTH
2026-03-09 13:58:23.445Z,3.3874,39,SYNTH
2026-03-09 13:58:24.040Z,3.3863,37,SYNTH
2026-03-09 13:58:25.277Z,3.3857,29,SYNTH
2026-03-09 13:58:26.215Z,3.3889,29,SYNTH
2026-03-09 13:58:27.618Z,3.3858,28,SYNTH
2026-03-09 13:58:28.279Z,3.3827,29,SYNTH
2026-03-09 13:58:29.624Z,3.3862,43,SYNTH
2026-03-09 13:58:30.872Z,3.3822,35,SYNTH
2026-03-09 13:58:31.348Z,3.3822,43,SYNTH
2026-03-09 13:58:32.235Z,3.3838,24,SYNTH
2026-03-09 13:58:33.304Z,3.3794,21,SYNTH
2026-03-09 13:58:34.677Z,3.3786,37,SYNTH
2026-03-09 13:58:35.616Z,3.3826,22,SYNTH
2026-03-09 13:58:36.047Z,3.3796,20,SYNTH
2026-03-09 13:58:37.274Z,3.3787,66,SYNTH
2026-03-09 13:58:38.652Z,3.3812,103,SYNTH
2026-03-09 13:58:39.818Z,3.3789,66,SYNTH
2026-03-09 13:58:40.467Z,3.3822,80,SYNTH
2026-03-09 13:58:41.688Z,3.3817,44,SYNTH
2026-03-09 13:58:42.228Z,3.3825,45,SYNTH
2026-03-09 13:58:43.449Z,3.3789,38,SYNTH
2026-03-09 13:58:44.625Z,3.3791,41,SYNTH
2026-03-09 13:58:45.104Z,3.3812,36,SYNTH
2026-03-09 13:58:46.461Z,3.3789,52,SYNTH
2026-03-09 13:58:47.667Z,3.3824,73,SYNTH
2026-03-09 13:58:48.020Z,3.3794,30,SYNTH
2026-03-09 13:58:49.419Z,3.3828,57,SYNTH
2026-03-09 13:58:50.691Z,3.3785,40,SYNTH
2026-03-09 13:58:51.204Z,3.3821,53,SYNTH
2026-03-09 13:58:52.682Z,3.3833,32,SYNTH
2026-03-09 13:58:53.742Z,3.3785,37,SYNTH
2026-03-09 13:58:54.234Z,3.3813,41,SYNTH
2026-03-09 13:58:55.629Z,3.3797,27,SYNTH
2026-03-09 13:58:56.646Z,3.3782,32,SYNTH
2026-03-09 13:58:57.815Z,3.3807,34,SYNTH
2026-03-09 13:58:58.308Z,3.3792,69,SYNTH
2026-03-09 13:58:59.522Z,3.3809,43,SYNTH
2026-03-09 13:59:00.340Z,3.3819,9,SYNTH
2026-03-09 13:59:01.794Z,3.3809,11,SYNTH
2026-03-09 13:59:02.621Z,3.3793,10,SYNTH
2026-03-09 13:59:03.203Z,3.3779,7,SYNTH
2026-03-09 13:59:04.270Z,3.3813,8,SYNTH
2026-03-09 13:59:05.877Z,3.3797,12,SYNTH
2026-03-09 13:59:06.597Z,3.3779,8,SYNTH
2026-03-09 13:59:07.614Z,3.3803,9,SYNTH
2026-03-09 13:59:08.862Z,3.3811,8,SYNTH
2026-03-09 13:59:09.209Z,3.3775,9,SYNTH
2026-03-09 13:59:10.780Z,3.3804,11,SYNTH
2026-03-09 13:59:11.870Z,3.3796,19,SYNTH
2026-03-09 13:59:12.804Z,3.3783,25,SYNTH
2026-03-09 13:59:13.301Z,3.3810,12,SYNTH
2026-03-09 13:59:14.180Z,3.3806,8,SYNTH
2026-03-09 13:59:15.747Z,3.3808,8,SYNTH
2026-03-09 13:59:16.719Z,3.3802,16,SYNTH
2026-03-09 13:59:17.119Z,3.3775,12,SYNTH
2026-03-09 13:59:18.577Z,3.3801,13,SYNTH
2026-03-09 13:59:19.745Z,3.3811,8,SYNTH
2026-03-09 13:59:20.229Z,3.3794,6,SYNTH
2026-03-09 13:59:21.823Z,3.3802,6,SYNTH
2026-03-09 13:59:22.310Z,3.3808,8,SYNTH
2026-03-09 13:59:23.850Z,3.3778,8,SYNTH
2026-03-09 13:59:24.803Z,3.3798,6,SYNTH
2026-03-09 13:59:25.892Z,3.3781,4,SYNTH
2026-03-09 13:59:26.402Z,3.3815,7,SYNTH
2026-03-09 13:59:27.547Z,3.3804,6,SYNTH
2026-03-09 13:59:28.612Z,3.3824,6,SYNTH
2026-03-09 13:59:29.882Z,3.3783,4,SYNTH
2026-03-09 13:59:30.363Z,3.3810,7,SYNTH
2026-03-09 13:59:31.148Z,3.3823,4,SYNTH
2026-03-09 13:59:32.203Z,3.3820,4,SYNTH
2026-03-09 13:59:33.871Z,3.3792,7,SYNTH
2026-03-09 13:59:34.107Z,3.3815,8,SYNTH
2026-03-09 13:59:35.742Z,3.3810,7,SYNTH
2026-03-09 13:59:36.818Z,3.3804,4,SYNTH
2026-03-09 13:59:37.023Z,3.3791,14,SYNTH
2026-03-09 13:59:38.747Z,3.3811,22,SYNTH
2026-03-09 13:59:39.891Z,3.3790,17,SYNTH
2026-03-09 13:59:40.542Z,3.3800,19,SYNTH
2026-03-09 13:59:41.873Z,3.3810,5,SYNTH
2026-03-09 13:59:42.502Z,3.3821,6,SYNTH
2026-03-09 13:59:43.165Z,3.3790,6,SYNTH
2026-03-09 13:59:44.223Z,3.3814,5,SYNTH
2026-03-09 13:59:45.606Z,3.3785,9,SYNTH
2026-03-09 13:59:46.815Z,3.3815,14,SYNTH
2026-03-09 13:59:47.447Z,3.3805,8,SYNTH
2026-03-09 13:59:48.306Z,3.3813,9,SYNTH
2026-03-09 13:59:49.065Z,3.3786,6,SYNTH
2026-03-09 13:59:50.850Z,3.3817,10,SYNTH
2026-03-09 13:59:51.629Z,3.3794,10,SYNTH
2026-03-09 13:59:52.853Z,3.3788,6,SYNTH
2026-03-09 13:59:53.375Z,3.3806,12,SYNTH
2026-03-09 13:59:54.112Z,3.3815,8,SYNTH
2026-03-09 13:59:55.569Z,3.3794,12,SYNTH
2026-03-09 13:59:56.623Z,3.3789,13,SYNTH
2026-03-09 13:59:57.257Z,3.3820,11,SYNTH
2026-03-09 13:59:58.580Z,3.3773,12,SYNTH
2026-03-09 13:59:59.057Z,3.3816,8,SYNTH
2026-03-09 14:02:00.857Z,3.3714,67,SYNTH
2026-03-09 14:02:01.334Z,3.3719,55,SYNTH
2026-03-09 14:02:02.564Z,3.3682,70,SYNTH
2026-03-09 14:02:03.160Z,3.3682,45,SYNTH
2026-03-09 14:02:04.582Z,3.3726,83,SYNTH
2026-03-09 14:02:05.309Z,3.3682,69,SYNTH
2026-03-09 14:02:06.604Z,3.3719,37,SYNTH
2026-03-09 14:02:07.428Z,3.3727,71,SYNTH
2026-03-09 14:02:08.501Z,3.3683,80,SYNTH
2026-03-09 14:02:09.193Z,3.3716,77,SYNTH
2026-03-09 14:02:10.033Z,3.3698,61,SYNTH
2026-03-09 14:02:11.828Z,3.3681,102,SYNTH
2026-03-09 14:02:12.627Z,3.3727,180,SYNTH
2026-03-09 14:02:13.860Z,3.3719,119,SYNTH
2026-03-09 14:02:14.051Z,3.3694,36,SYNTH
2026-03-09 14:02:15.705Z,3.3711,49,SYNTH
2026-03-09 14:02:16.598Z,3.3709,68,SYNTH
2026-03-09 14:02:17.334Z,3.3696,55,SYNTH
2026-03-09 14:02:18.518Z,3.3708,100,SYNTH
2026-03-09 14:02:19.552Z,3.3716,69,SYNTH
2026-03-09 14:02:20.099Z,3.3690,47,SYNTH
2026-03-09 14:02:21.344Z,3.3660,56,SYNTH
2026-03-09 14:02:22.856Z,3.3698,42,SYNTH
2026-03-09 14:02:23.640Z,3.3654,40,SYNTH
2026-03-09 14:02:24.387Z,3.3638,29,SYNTH
2026-03-09 14:02:25.701Z,3.3633,37,SYNTH
2026-03-09 14:02:26.277Z,3.3630,51,SYNTH
2026-03-09 14:02:27.804Z,3.3605,37,SYNTH
2026-03-09 14:02:28.410Z,3.3597,43,SYNTH
2026-03-09 14:02:29.606Z,3.3584,54,SYNTH
2026-03-09 14:02:30.627Z,3.3562,33,SYNTH
2026-03-09 14:02:31.893Z,3.3556,35,SYNTH
2026-03-09 14:02:32.455Z,3.3533,33,SYNTH
2026-03-09 14:02:33.513Z,3.3523,29,SYNTH
2026-03-09 14:02:34.308Z,3.3533,55,SYNTH
2026-03-09 14:02:35.867Z,3.3497,44,SYNTH
2026-03-09 14:02:36.374Z,3.3502,58,SYNTH
2026-03-09 14:02:37.260Z,3.3498,121,SYNTH
2026-03-09 14:02:38.559Z,3.3482,147,SYNTH
2026-03-09 14:02:39.124Z,3.3485,143,SYNTH
2026-03-09 14:02:40.828Z,3.3512,86,SYNTH
2026-03-09 14:02:41.332Z,3.3489,41,SYNTH
2026-03-09 14:02:42.250Z,3.3521,33,SYNTH
2026-03-09 14:02:43.856Z,3.3530,64,SYNTH
2026-03-09 14:02:44.364Z,3.3503,42,SYNTH
2026-03-09 14:02:45.399Z,3.3519,80,SYNTH
2026-03-09 14:02:46.663Z,3.3506,89,SYNTH
2026-03-09 14:02:47.512Z,3.3523,89,SYNTH
2026-03-09 14:02:48.227Z,3.3535,53,SYNTH
2026-03-09 14:02:49.505Z,3.3534,36,SYNTH
2026-03-09 14:02:50.313Z,3.3524,72,SYNTH
2026-03-09 14:02:51.078Z,3.3513,76,SYNTH
2026-03-09 14:02:52.209Z,3.3495,63,SYNTH
2026-03-09 14:02:53.662Z,3.3527,41,SYNTH
2026-03-09 14:02:54.813Z,3.3495,70,SYNTH
2026-03-09 14:02:55.719Z,3.3492,71,SYNTH
2026-03-09 14:02:56.758Z,3.3525,82,SYNTH
2026-03-09 14:02:57.444Z,3.3486,48,SYNTH
2026-03-09 14:02:58.836Z,3.3500,42,SYNTH
2026-03-09 14:02:59.356Z,3.3513,72,SYNTH
2026-03-09 14:03:00.056Z,3.3515,34,SYNTH
2026-03-09 14:03:01.407Z,3.3508,67,SYNTH
2026-03-09 14:03:02.450Z,3.3492,70,SYNTH
2026-03-09 14:03:03.142Z,3.3523,70,SYNTH
2026-03-09 14:03:04.173Z,3.3492,44,SYNTH
2026-03-09 14:03:05.030Z,3.3517,43,SYNTH
2026-03-09 14:03:06.181Z,3.3517,28,SYNTH
2026-03-09 14:03:07.418Z,3.3495,33,SYNTH
2026-03-09 14:03:08.604Z,3.3486,58,SYNTH
2026-03-09 14:03:09.622Z,3.3505,42,SYNTH
2026-03-09 14:03:10.113Z,3.3497,29,SYNTH
2026-03-09 14:03:11.413Z,3.3493,109,SYNTH
2026-03-09 14:03:12.825Z,3.3525,122,SYNTH
2026-03-09 14:03:13.849Z,3.3480,70,SYNTH
2026-03-09 14:03:14.621Z,3.3478,37,SYNTH
2026-03-09 14:03:15.149Z,3.3508,29,SYNTH
2026-03-09 14:03:16.761Z,3.3495,98,SYNTH
2026-03-09 14:03:17.043Z,3.3512,65,SYNTH
2026-03-09 14:03:18.476Z,3.3486,40,SYNTH
2026-03-09 14:03:19.587Z,3.3495,65,SYNTH
2026-03-09 14:03:20.141Z,3.3513,31,SYNTH
2026-03-09 14:03:21.756Z,3.3489,34,SYNTH
2026-03-09 14:03:22.028Z,3.3521,42,SYNTH
2026-03-09 14:03:23.232Z,3.3492,43,SYNTH
2026-03-09 14:03:24.172Z,3.3510,42,SYNTH
2026-03-09 14:03:25.547Z,3.3513,31,SYNTH
2026-03-09 14:03:26.019Z,3.3494,29,SYNTH
2026-03-09 14:03:27.138Z,3.3506,40,SYNTH
2026-03-09 14:03:28.764Z,3.3482,33,SYNTH
2026-03-09 14:03:29.727Z,3.3491,22,SYNTH
2026-03-09 14:03:30.411Z,3.3506,40,SYNTH
2026-03-09 14:03:31.341Z,3.3491,39,SYNTH
2026-03-09 14:03:32.650Z,3.3510,28,SYNTH
2026-03-09 14:03:33.202Z,3.3519,36,SYNTH
2026-03-09 14:03:34.849Z,3.3479,38,SYNTH
2026-03-09 14:03:35.810Z,3.3523,29,SYNTH
2026-03-09 14:03:36.198Z,3.3506,41,SYNTH
2026-03-09 14:03:37.566Z,3.3516,75,SYNTH
2026-03-09 14:03:38.698Z,3.3481,126,SYNTH
2026-03-09 14:03:39.281Z,3.3503,113,SYNTH
2026-03-09 14:03:40.028Z,3.3490,116,SYNTH
2026-03-09 14:03:41.813Z,3.3513,27,SYNTH
2026-03-09 14:03:42.133Z,3.3488,53,SYNTH
2026-03-09 14:03:43.702Z,3.3517,47,SYNTH
2026-03-09 14:03:44.309Z,3.3493,37,SYNTH
2026-03-09 14:03:45.636Z,3.3519,81,SYNTH
2026-03-09 14:03:46.714Z,3.3494,44,SYNTH
2026-03-09 14:03:47.469Z,3.3508,74,SYNTH
2026-03-09 14:03:48.277Z,3.3482,35,SYNTH
2026-03-09 14:03:49.149Z,3.3511,30,SYNTH
2026-03-09 14:03:50.008Z,3.3492,39,SYNTH
2026-03-09 14:03:51.711Z,3.3509,51,SYNTH
2026-03-09 14:03:52.443Z,3.3522,31,SYNTH
2026-03-09 14:03:53.677Z,3.3486,30,SYNTH
2026-03-09 14:03:54.809Z,3.3490,40,SYNTH
2026-03-09 14:03:55.641Z,3.3512,54,SYNTH
2026-03-09 14:03:56.456Z,3.3487,34,SYNTH
2026-03-09 14:03:57.361Z,3.3495,36,SYNTH
2026-03-09 14:03:58.001Z,3.3514,40,SYNTH
2026-03-09 14:03:59.192Z,3.3492,78,SYNTH
2026-03-09 14:04:00.840Z,3.3608,43,SYNTH
2026-03-09 14:04:01.579Z,3.3586,44,SYNTH
2026-03-09 14:04:02.689Z,3.3607,47,SYNTH
2026-03-09 14:04:03.350Z,3.3582,19,SYNTH
2026-03-09 14:04:04.887Z,3.3605,21,SYNTH
2026-03-09 14:04:05.137Z,3.3619,31,SYNTH
2026-03-09 14:04:06.230Z,3.3592,34,SYNTH
2026-03-09 14:04:07.316Z,3.3615,25,SYNTH
2026-03-09 14:04:08.583Z,3.3595,28,SYNTH
2026-03-09 14:04:09.579Z,3.3584,21,SYNTH
2026-03-09 14:04:10.637Z,3.3589,33,SYNTH
2026-03-09 14:04:11.419Z,3.3577,70,SYNTH
2026-03-09 14:04:12.427Z,3.3608,54,SYNTH
2026-03-09 14:04:13.137Z,3.3620,90,SYNTH
2026-03-09 14:04:14.475Z,3.3587,22,SYNTH
2026-03-09 14:04:15.312Z,3.3625,18,SYNTH
2026-03-09 14:04:16.174Z,3.3575,39,SYNTH
2026-03-09 14:04:17.180Z,3.3605,38,SYNTH
2026-03-09 14:04:18.360Z,3.3619,32,SYNTH
2026-03-09 14:04:19.804Z,3.3617,37,SYNTH
2026-03-09 14:04:20.169Z,3.3603,30,SYNTH
2026-03-09 14:04:21.666Z,3.3618,29,SYNTH
2026-03-09 14:04:22.875Z,3.3585,19,SYNTH
2026-03-09 14:04:23.674Z,3.3618,16,SYNTH
2026-03-09 14:04:24.171Z,3.3605,17,SYNTH
2026-03-09 14:04:25.817Z,3.3647,21,SYNTH
2026-03-09 14:04:26.719Z,3.3655,24,SYNTH
2026-03-09 14:04:27.024Z,3.3650,30,SYNTH
2026-03-09 14:04:28.066Z,3.3664,26,SYNTH
2026-03-09 14:04:29.594Z,3.3663,15,SYNTH
2026-03-09 14:04:30.072Z,3.3643,28,SYNTH
2026-03-09 14:04:31.765Z,3.3693,14,SYNTH
2026-03-09 14:04:32.173Z,3.3686,18,SYNTH
2026-03-09 14:04:33.151Z,3.3680,22,SYNTH
2026-03-09 14:04:34.692Z,3.3684,28,SYNTH
2026-03-09 14:04:35.079Z,3.3716,27,SYNTH
2026-03-09 14:04:36.699Z,3.3686,21,SYNTH
2026-03-09 14:04:37.021Z,3.3714,49,SYNTH
2026-03-09 14:04:38.381Z,3.3677,64,SYNTH
2026-03-09 14:04:39.537Z,3.3705,69,SYNTH
2026-03-09 14:04:40.803Z,3.3688,37,SYNTH
2026-03-09 14:04:41.525Z,3.3680,23,SYNTH
2026-03-09 14:04:42.799Z,3.3677,26,SYNTH
2026-03-09 14:04:43.039Z,3.3709,33,SYNTH
2026-03-09 14:04:44.821Z,3.3680,15,SYNTH
2026-03-09 14:04:45.143Z,3.3704,51,SYNTH
2026-03-09 14:04:46.860Z,3.3715,37,SYNTH
2026-03-09 14:04:47.756Z,3.3667,27,SYNTH
2026-03-09 14:04:48.506Z,3.3703,19,SYNTH
2026-03-09 14:04:49.464Z,3.3700,25,SYNTH
2026-03-09 14:04:50.483Z,3.3677,32,SYNTH
2026-03-09 14:04:51.885Z,3.3702,33,SYNTH
2026-03-09 14:04:52.272Z,3.3672,40,SYNTH
2026-03-09 14:04:53.326Z,3.3703,38,SYNTH
2026-03-09 14:04:54.826Z,3.3717,38,SYNTH
2026-03-09 14:04:55.431Z,3.3671,44,SYNTH
2026-03-09 14:04:56.809Z,3.3709,32,SYNTH
2026-03-09 14:04:57.048Z,3.3714,42,SYNTH
2026-03-09 14:04:58.063Z,3.3711,42,SYNTH
2026-03-09 14:04:59.816Z,3.3711,41,SYNTH
2026-03-09 14:05:00.852Z,3.3619,72,SYNTH
2026-03-09 14:05:01.746Z,3.3628,62,SYNTH
2026-03-09 14:05:02.752Z,3.3592,48,SYNTH
2026-03-09 14:05:03.245Z,3.3612,67,SYNTH
2026-03-09 14:05:04.818Z,3.3591,59,SYNTH
2026-03-09 14:05:05.589Z,3.3609,51,SYNTH
2026-03-09 14:05:06.634Z,3.3613,45,SYNTH
2026-03-09 14:05:07.899Z,3.3614,32,SYNTH
2026-03-09 14:05:08.410Z,3.3622,40,SYNTH
2026-03-09 14:05:09.229Z,3.3581,50,SYNTH
2026-03-09 14:05:10.515Z,3.3617,56,SYNTH
2026-03-09 14:05:11.775Z,3.3587,99,SYNTH
2026-03-09 14:05:12.456Z,3.3583,70,SYNTH
2026-03-09 14:05:13.650Z,3.3624,133,SYNTH
2026-03-09 14:05:14.403Z,3.3595,25,SYNTH
2026-03-09 14:05:15.018Z,3.3622,27,SYNTH
2026-03-09 14:05:16.333Z,3.3586,49,SYNTH
2026-03-09 14:05:17.570Z,3.3584,75,SYNTH
2026-03-09 14:05:18.399Z,3.3590,54,SYNTH
2026-03-09 14:05:19.678Z,3.3605,54,SYNTH
2026-03-09 14:05:20.023Z,3.3594,48,SYNTH
2026-03-09 14:05:21.813Z,3.3575,32,SYNTH
2026-03-09 14:05:22.622Z,3.3573,30,SYNTH
2026-03-09 14:05:23.863Z,3.3556,26,SYNTH
2026-03-09 14:05:24.798Z,3.3539,33,SYNTH
2026-03-09 14:05:25.647Z,3.3532,26,SYNTH
2026-03-09 14:05:26.197Z,3.3519,38,SYNTH
2026-03-09 14:05:27.528Z,3.3493,47,SYNTH
2026-03-09 14:05:28.740Z,3.3495,29,SYNTH
2026-03-09 14:05:29.718Z,3.3492,25,SYNTH
2026-03-09 14:05:30.617Z,3.3459,40,SYNTH
2026-03-09 14:05:31.495Z,3.3451,21,SYNTH
2026-03-09 14:05:32.265Z,3.3426,45,SYNTH
2026-03-09 14:05:33.457Z,3.3414,40,SYNTH
2026-03-09 14:05:34.547Z,3.3421,26,SYNTH
2026-03-09 14:05:35.732Z,3.3405,22,SYNTH
2026-03-09 14:05:36.136Z,3.3391,29,SYNTH
2026-03-09 14:05:37.252Z,3.3381,64,SYNTH
2026-03-09 14:05:38.572Z,3.3391,113,SYNTH
2026-03-09 14:05:39.471Z,3.3401,75,SYNTH
2026-03-09 14:05:40.270Z,3.3416,90,SYNTH
2026-03-09 14:05:41.751Z,3.3419,41,SYNTH
2026-03-09 14:05:42.751Z,3.3402,35,SYNTH
2026-03-09 14:05:43.224Z,3.3421,22,SYNTH
2026-03-09 14:05:44.484Z,3.3443,30,SYNTH
2026-03-09 14:05:45.353Z,3.3439,34,SYNTH
2026-03-09 14:05:46.817Z,3.3416,50,SYNTH
2026-03-09 14:05:47.789Z,3.3446,64,SYNTH
2026-03-09 14:05:48.574Z,3.3414,24,SYNTH
2026-03-09 14:05:49.417Z,3.3411,47,SYNTH
2026-03-09 14:05:50.834Z,3.3436,33,SYNTH
2026-03-09 14:05:51.743Z,3.3416,28,SYNTH
2026-03-09 14:05:52.136Z,3.3403,54,SYNTH
2026-03-09 14:05:53.114Z,3.3403,28,SYNTH
2026-03-09 14:05:54.865Z,3.3424,42,SYNTH
2026-03-09 14:05:55.238Z,3.3389,49,SYNTH
2026-03-09 14:05:56.071Z,3.3414,45,SYNTH
2026-03-09 14:05:57.491Z,3.3383,39,SYNTH
2026-03-09 14:05:58.192Z,3.3409,50,SYNTH
2026-03-09 14:05:59.601Z,3.3404,55,SYNTH
2026-03-09 14:07:00.261Z,3.3510,34,SYNTH
2026-03-09 14:07:01.060Z,3.3522,28,SYNTH
2026-03-09 14:07:02.008Z,3.3494,31,SYNTH
2026-03-09 14:07:03.220Z,3.3495,20,SYNTH
2026-03-09 14:07:04.897Z,3.3484,44,SYNTH
2026-03-09 14:07:05.303Z,3.3500,32,SYNTH
2026-03-09 14:07:06.221Z,3.3486,35,SYNTH
2026-03-09 14:07:07.541Z,3.3512,20,SYNTH
2026-03-09 14:07:08.425Z,3.3477,33,SYNTH
2026-03-09 14:07:09.193Z,3.3505,22,SYNTH
2026-03-09 14:07:10.245Z,3.3513,20,SYNTH
2026-03-09 14:07:11.265Z,3.3484,89,SYNTH
2026-03-09 14:07:12.581Z,3.3516,65,SYNTH
2026-03-09 14:07:13.798Z,3.3492,77,SYNTH
2026-03-09 14:07:14.715Z,3.3499,36,SYNTH
2026-03-09 14:07:15.577Z,3.3502,20,SYNTH
2026-03-09 14:07:16.841Z,3.3519,41,SYNTH
2026-03-09 14:07:17.175Z,3.3514,58,SYNTH
2026-03-09 14:07:18.704Z,3.3495,36,SYNTH
2026-03-09 14:07:19.810Z,3.3507,56,SYNTH
2026-03-09 14:07:20.342Z,3.3517,24,SYNTH
2026-03-09 14:07:21.500Z,3.3501,23,SYNTH
2026-03-09 14:07:22.861Z,3.3488,19,SYNTH
2026-03-09 14:07:23.511Z,3.3510,19,SYNTH
2026-03-09 14:07:24.230Z,3.3508,32,SYNTH
2026-03-09 14:07:25.122Z,3.3515,22,SYNTH
2026-03-09 14:07:26.616Z,3.3506,18,SYNTH
2026-03-09 14:07:27.043Z,3.3491,30,SYNTH
2026-03-09 14:07:28.247Z,3.3482,18,SYNTH
2026-03-09 14:07:29.596Z,3.3480,28,SYNTH
2026-03-09 14:07:30.119Z,3.3501,26,SYNTH
2026-03-09 14:07:31.374Z,3.3483,15,SYNTH
2026-03-09 14:07:32.494Z,3.3509,14,SYNTH
2026-03-09 14:07:33.728Z,3.3488,19,SYNTH
2026-03-09 14:07:34.114Z,3.3480,15,SYNTH
2026-03-09 14:07:35.086Z,3.3516,18,SYNTH
2026-03-09 14:07:36.392Z,3.3477,18,SYNTH
2026-03-09 14:07:37.662Z,3.3515,49,SYNTH
2026-03-09 14:07:38.621Z,3.3494,78,SYNTH
2026-03-09 14:07:39.762Z,3.3513,81,SYNTH
2026-03-09 14:07:40.441Z,3.3485,52,SYNTH
2026-03-09 14:07:41.601Z,3.3522,20,SYNTH
2026-03-09 14:07:42.168Z,3.3498,31,SYNTH
2026-03-09 14:07:43.269Z,3.3514,21,SYNTH
2026-03-09 14:07:44.218Z,3.3490,29,SYNTH
2026-03-09 14:07:45.869Z,3.3475,30,SYNTH
2026-03-09 14:07:46.301Z,3.3518,39,SYNTH
2026-03-09 14:07:47.176Z,3.3510,32,SYNTH
2026-03-09 14:07:48.859Z,3.3508,38,SYNTH
2026-03-09 14:07:49.625Z,3.3515,22,SYNTH
2026-03-09 14:07:50.464Z,3.3480,24,SYNTH
2026-03-09 14:07:51.724Z,3.3513,26,SYNTH
2026-03-09 14:07:52.096Z,3.3520,35,SYNTH
2026-03-09 14:07:53.809Z,3.3523,41,SYNTH
2026-03-09 14:07:54.713Z,3.3488,34,SYNTH
2026-03-09 14:07:55.848Z,3.3519,45,SYNTH
2026-03-09 14:07:56.109Z,3.3488,47,SYNTH
2026-03-09 14:07:57.256Z,3.3511,22,SYNTH
2026-03-09 14:07:58.897Z,3.3493,22,SYNTH
2026-03-09 14:07:59.825Z,3.3489,34,SYNTH
2026-03-09 14:08:00.102Z,3.3507,12,SYNTH
2026-03-09 14:08:01.727Z,3.3517,12,SYNTH
2026-03-09 14:08:02.600Z,3.3518,6,SYNTH
2026-03-09 14:08:03.102Z,3.3487,8,SYNTH
2026-03-09 14:08:04.722Z,3.3512,12,SYNTH
2026-03-09 14:08:05.234Z,3.3496,8,SYNTH
2026-03-09 14:08:06.427Z,3.3489,6,SYNTH
2026-03-09 14:08:07.733Z,3.3499,12,SYNTH
2026-03-09 14:08:08.685Z,3.3476,11,SYNTH
2026-03-09 14:08:09.068Z,3.3510,6,SYNTH
2026-03-09 14:08:10.378Z,3.3485,6,SYNTH
2026-03-09 14:08:11.004Z,3.3509,13,SYNTH
2026-03-09 14:08:12.210Z,3.3478,26,SYNTH
2026-03-09 14:08:13.698Z,3.3519,17,SYNTH
2026-03-09 14:08:14.749Z,3.3523,8,SYNTH
2026-03-09 14:08:15.190Z,3.3488,6,SYNTH
2026-03-09 14:08:16.477Z,3.3513,18,SYNTH
2026-03-09 14:08:17.378Z,3.3492,12,SYNTH
2026-03-09 14:08:18.595Z,3.3524,11,SYNTH
2026-03-09 14:08:19.290Z,3.3514,18,SYNTH
2026-03-09 14:08:20.152Z,3.3498,5,SYNTH
2026-03-09 14:08:21.639Z,3.3494,8,SYNTH
2026-03-09 14:08:22.595Z,3.3496,6,SYNTH
2026-03-09 14:08:23.768Z,3.3497,6,SYNTH
2026-03-09 14:08:24.085Z,3.3482,8,SYNTH
2026-03-09 14:08:25.767Z,3.3486,6,SYNTH
2026-03-09 14:08:26.223Z,3.3504,5,SYNTH
2026-03-09 14:08:27.312Z,3.3496,8,SYNTH
2026-03-09 14:08:28.830Z,3.3477,5,SYNTH
2026-03-09 14:08:29.801Z,3.3526,7,SYNTH
2026-03-09 14:08:30.582Z,3.3489,8,SYNTH
2026-03-09 14:08:31.628Z,3.3498,6,SYNTH
2026-03-09 14:08:32.896Z,3.3508,8,SYNTH
2026-03-09 14:08:33.594Z,3.3479,9,SYNTH
2026-03-09 14:08:34.712Z,3.3521,9,SYNTH
2026-03-09 14:08:35.167Z,3.3490,9,SYNTH
2026-03-09 14:08:36.726Z,3.3498,7,SYNTH
2026-03-09 14:08:37.848Z,3.3510,21,SYNTH
2026-03-09 14:08:38.081Z,3.3497,19,SYNTH
2026-03-09 14:08:39.315Z,3.3509,22,SYNTH
2026-03-09 14:08:40.800Z,3.3483,13,SYNTH
2026-03-09 14:08:41.528Z,3.3503,4,SYNTH
2026-03-09 14:08:42.716Z,3.3526,5,SYNTH
2026-03-09 14:08:43.628Z,3.3482,5,SYNTH
2026-03-09 14:08:44.099Z,3.3476,10,SYNTH
2026-03-09 14:08:45.769Z,3.3508,7,SYNTH
2026-03-09 14:08:46.387Z,3.3518,13,SYNTH
2026-03-09 14:08:47.576Z,3.3495,8,SYNTH
2026-03-09 14:08:48.795Z,3.3488,8,SYNTH
2026-03-09 14:08:49.474Z,3.3511,10,SYNTH
2026-03-09 14:08:50.570Z,3.3479,6,SYNTH
2026-03-09 14:08:51.768Z,3.3505,9,SYNTH
2026-03-09 14:08:52.258Z,3.3512,11,SYNTH
2026-03-09 14:08:53.185Z,3.3477,12,SYNTH
2026-03-09 14:08:54.327Z,3.3498,9,SYNTH
2026-03-09 14:08:55.851Z,3.3505,14,SYNTH
2026-03-09 14:08:56.786Z,3.3524,8,SYNTH
2026-03-09 14:08:57.156Z,3.3487,12,SYNTH
2026-03-09 14:08:58.458Z,3.3508,10,SYNTH
2026-03-09 14:08:59.325Z,3.3488,10,SYNTH
2026-03-09 14:09:00.344Z,3.3405,25,SYNTH
2026-03-09 14:09:01.121Z,3.3415,34,SYNTH
2026-03-09 14:09:02.404Z,3.3411,27,SYNTH
2026-03-09 14:09:03.737Z,3.3419,29,SYNTH
2026-03-09 14:09:04.828Z,3.3394,38,SYNTH
2026-03-09 14:09:05.629Z,3.3392,29,SYNTH
2026-03-09 14:09:06.194Z,3.3419,18,SYNTH
2026-03-09 14:09:07.566Z,3.3380,24,SYNTH
2026-03-09 14:09:08.547Z,3.3416,30,SYNTH
2026-03-09 14:09:09.418Z,3.3416,28,SYNTH
2026-03-09 14:09:10.297Z,3.3396,28,SYNTH
2026-03-09 14:09:11.729Z,3.3385,61,SYNTH
2026-03-09 14:09:12.245Z,3.3408,59,SYNTH
2026-03-09 14:09:13.014Z,3.3391,42,SYNTH
2026-03-09 14:09:14.123Z,3.3405,16,SYNTH
2026-03-09 14:09:15.510Z,3.3381,19,SYNTH
2026-03-09 14:09:16.431Z,3.3412,39,SYNTH
2026-03-09 14:09:17.370Z,3.3381,27,SYNTH
2026-03-09 14:09:18.762Z,3.3420,25,SYNTH
2026-03-09 14:09:19.014Z,3.3385,33,SYNTH
2026-03-09 14:09:20.316Z,3.3407,14,SYNTH
2026-03-09 14:09:21.344Z,3.3380,12,SYNTH
2026-03-09 14:09:22.775Z,3.3406,18,SYNTH
2026-03-09 14:09:23.251Z,3.3409,28,SYNTH
2026-03-09 14:09:24.356Z,3.3396,15,SYNTH
2026-03-09 14:09:25.210Z,3.3426,15,SYNTH
2026-03-09 14:09:26.784Z,3.3387,14,SYNTH
2026-03-09 14:09:27.610Z,3.3412,24,SYNTH
2026-03-09 14:09:28.348Z,3.3392,24,SYNTH
2026-03-09 14:09:29.186Z,3.3390,20,SYNTH
2026-03-09 14:09:30.048Z,3.3373,17,SYNTH
2026-03-09 14:09:31.572Z,3.3409,20,SYNTH
2026-03-09 14:09:32.136Z,3.3378,20,SYNTH
2026-03-09 14:09:33.432Z,3.3400,20,SYNTH
2026-03-09 14:09:34.218Z,3.3415,14,SYNTH
2026-03-09 14:09:35.116Z,3.3387,19,SYNTH
2026-03-09 14:09:36.665Z,3.3416,27,SYNTH
2026-03-09 14:09:37.884Z,3.3417,42,SYNTH
2026-03-09 14:09:38.030Z,3.3388,60,SYNTH
2026-03-09 14:09:39.032Z,3.3394,42,SYNTH
2026-03-09 14:09:40.655Z,3.3381,30,SYNTH
2026-03-09 14:09:41.582Z,3.3415,18,SYNTH
2026-03-09 14:09:42.611Z,3.3412,15,SYNTH
2026-03-09 14:09:43.745Z,3.3389,30,SYNTH
2026-03-09 14:09:44.197Z,3.3413,19,SYNTH
2026-03-09 14:09:45.309Z,3.3387,37,SYNTH
2026-03-09 14:09:46.587Z,3.3422,29,SYNTH
2026-03-09 14:09:47.670Z,3.3411,39,SYNTH
2026-03-09 14:09:48.314Z,3.3396,17,SYNTH
2026-03-09 14:09:49.430Z,3.3413,34,SYNTH
2026-03-09 14:09:50.305Z,3.3385,28,SYNTH
2026-03-09 14:09:51.441Z,3.3406,29,SYNTH
2026-03-09 14:09:52.524Z,3.3411,31,SYNTH
2026-03-09 14:09:53.749Z,3.3389,18,SYNTH
2026-03-09 14:09:54.615Z,3.3396,22,SYNTH
2026-03-09 14:09:55.770Z,3.3391,22,SYNTH
2026-03-09 14:09:56.003Z,3.3411,23,SYNTH
2026-03-09 14:09:57.021Z,3.3414,28,SYNTH
2026-03-09 14:09:58.369Z,3.3393,24,SYNTH
2026-03-09 14:09:59.440Z,3.3419,36,SYNTH
2026-03-09 14:11:00.716Z,3.3411,9,SYNTH
2026-03-09 14:11:01.233Z,3.3405,14,SYNTH
2026-03-09 14:11:02.581Z,3.3414,10,SYNTH
2026-03-09 14:11:03.315Z,3.3411,9,SYNTH
2026-03-09 14:11:04.012Z,3.3384,9,SYNTH
2026-03-09 14:11:05.525Z,3.3411,12,SYNTH
2026-03-09 14:11:06.823Z,3.3384,11,SYNTH
2026-03-09 14:11:07.634Z,3.3404,10,SYNTH
2026-03-09 14:11:08.396Z,3.3390,6,SYNTH
2026-03-09 14:11:09.639Z,3.3402,6,SYNTH
2026-03-09 14:11:10.865Z,3.3391,8,SYNTH
2026-03-09 14:11:11.337Z,3.3396,24,SYNTH
2026-03-09 14:11:12.498Z,3.3378,22,SYNTH
2026-03-09 14:11:13.414Z,3.3416,27,SYNTH
2026-03-09 14:11:14.802Z,3.3396,10,SYNTH
2026-03-09 14:11:15.699Z,3.3417,10,SYNTH
2026-03-09 14:11:16.423Z,3.3381,8,SYNTH
2026-03-09 14:11:17.395Z,3.3393,11,SYNTH
2026-03-09 14:11:18.109Z,3.3408,14,SYNTH
2026-03-09 14:11:19.753Z,3.3381,12,SYNTH
2026-03-09 14:11:20.638Z,3.3402,5,SYNTH
2026-03-09 14:11:21.207Z,3.3392,6,SYNTH
2026-03-09 14:11:22.703Z,3.3405,5,SYNTH
2026-03-09 14:11:23.724Z,3.3416,7,SYNTH
2026-03-09 14:11:24.089Z,3.3422,9,SYNTH
2026-03-09 14:11:25.887Z,3.3387,8,SYNTH
2026-03-09 14:11:26.359Z,3.3400,4,SYNTH
2026-03-09 14:11:27.516Z,3.3399,8,SYNTH
2026-03-09 14:11:28.592Z,3.3377,5,SYNTH
2026-03-09 14:11:29.899Z,3.3420,5,SYNTH
2026-03-09 14:11:30.665Z,3.3377,7,SYNTH
2026-03-09 14:11:31.679Z,3.3404,5,SYNTH
2026-03-09 14:11:32.118Z,3.3411,8,SYNTH
2026-03-09 14:11:33.363Z,3.3396,4,SYNTH
2026-03-09 14:11:34.609Z,3.3378,5,SYNTH
2026-03-09 14:11:35.393Z,3.3388,7,SYNTH
2026-03-09 14:11:36.433Z,3.3405,5,SYNTH
2026-03-09 14:11:37.217Z,3.3404,22,SYNTH
2026-03-09 14:11:38.722Z,3.3420,16,SYNTH
2026-03-09 14:11:39.031Z,3.3392,11,SYNTH
2026-03-09 14:11:40.550Z,3.3420,22,SYNTH
2026-03-09 14:11:41.230Z,3.3416,10,SYNTH
2026-03-09 14:11:42.595Z,3.3389,6,SYNTH
2026-03-09 14:11:43.507Z,3.3411,5,SYNTH
2026-03-09 14:11:44.750Z,3.3408,6,SYNTH
2026-03-09 14:11:45.619Z,3.3382,10,SYNTH
2026-03-09 14:11:46.742Z,3.3404,15,SYNTH
2026-03-09 14:11:47.423Z,3.3382,13,SYNTH
2026-03-09 14:11:48.731Z,3.3385,6,SYNTH
2026-03-09 14:11:49.841Z,3.3411,7,SYNTH
2026-03-09 14:11:50.476Z,3.3390,12,SYNTH
2026-03-09 14:11:51.064Z,3.3404,5,SYNTH
2026-03-09 14:11:52.271Z,3.3419,9,SYNTH
2026-03-09 14:11:53.353Z,3.3412,9,SYNTH
2026-03-09 14:11:54.259Z,3.3383,8,SYNTH
2026-03-09 14:11:55.576Z,3.3411,14,SYNTH
2026-03-09 14:11:56.386Z,3.3390,11,SYNTH
2026-03-09 14:11:57.261Z,3.3376,14,SYNTH
2026-03-09 14:11:58.176Z,3.3423,11,SYNTH
2026-03-09 14:11:59.698Z,3.3381,12,SYNTH
2026-03-09 14:12:00.837Z,3.3504,3,SYNTH
2026-03-09 14:12:01.585Z,3.3490,5,SYNTH
2026-03-09 14:12:02.575Z,3.3527,6,SYNTH
2026-03-09 14:12:03.525Z,3.3491,6,SYNTH
2026-03-09 14:12:04.130Z,3.3512,3,SYNTH
2026-03-09 14:12:05.714Z,3.3515,6,SYNTH
2026-03-09 14:12:06.638Z,3.3492,5,SYNTH
2026-03-09 14:12:07.323Z,3.3498,5,SYNTH
2026-03-09 14:12:08.855Z,3.3506,2,SYNTH
2026-03-09 14:12:09.720Z,3.3496,2,SYNTH
2026-03-09 14:12:10.460Z,3.3498,3,SYNTH
2026-03-09 14:12:11.718Z,3.3513,8,SYNTH
2026-03-09 14:12:12.397Z,3.3523,11,SYNTH
2026-03-09 14:12:13.500Z,3.3494,13,SYNTH
2026-03-09 14:12:14.217Z,3.3497,4,SYNTH
2026-03-09 14:12:15.170Z,3.3517,3,SYNTH
2026-03-09 14:12:16.523Z,3.3509,6,SYNTH
2026-03-09 14:12:17.091Z,3.3484,6,SYNTH
2026-03-09 14:12:18.630Z,3.3491,6,SYNTH
2026-03-09 14:12:19.423Z,3.3485,5,SYNTH
2026-03-09 14:12:20.798Z,3.3503,4,SYNTH
2026-03-09 14:12:21.708Z,3.3523,3,SYNTH
2026-03-09 14:12:22.676Z,3.3488,2,SYNTH
2026-03-09 14:12:23.734Z,3.3509,3,SYNTH
2026-03-09 14:12:24.547Z,3.3518,2,SYNTH
2026-03-09 14:12:25.385Z,3.3490,4,SYNTH
2026-03-09 14:12:26.517Z,3.3521,4,SYNTH
2026-03-09 14:12:27.647Z,3.3507,4,SYNTH
2026-03-09 14:12:28.834Z,3.3483,4,SYNTH
2026-03-09 14:12:29.378Z,3.3523,3,SYNTH
2026-03-09 14:12:30.488Z,3.3501,4,SYNTH
2026-03-09 14:12:31.244Z,3.3504,3,SYNTH
2026-03-09 14:12:32.394Z,3.3511,2,SYNTH
2026-03-09 14:12:33.608Z,3.3476,4,SYNTH
2026-03-09 14:12:34.851Z,3.3518,2,SYNTH
2026-03-09 14:12:35.361Z,3.3485,2,SYNTH
2026-03-09 14:12:36.092Z,3.3517,4,SYNTH
2026-03-09 14:12:37.476Z,3.3515,9,SYNTH
2026-03-09 14:12:38.593Z,3.3523,8,SYNTH
2026-03-09 14:12:39.268Z,3.3491,10,SYNTH
2026-03-09 14:12:40.388Z,3.3518,7,SYNTH
2026-03-09 14:12:41.436Z,3.3515,2,SYNTH
2026-03-09 14:12:42.244Z,3.3499,2,SYNTH
2026-03-09 14:12:43.193Z,3.3515,3,SYNTH
2026-03-09 14:12:44.463Z,3.3511,4,SYNTH
2026-03-09 14:12:45.082Z,3.3486,4,SYNTH
2026-03-09 14:12:46.200Z,3.3506,7,SYNTH
2026-03-09 14:12:47.733Z,3.3486,7,SYNTH
2026-03-09 14:12:48.715Z,3.3508,4,SYNTH
2026-03-09 14:12:49.538Z,3.3519,5,SYNTH
2026-03-09 14:12:50.117Z,3.3485,5,SYNTH
2026-03-09 14:12:51.360Z,3.3498,2,SYNTH
2026-03-09 14:12:52.453Z,3.3511,3,SYNTH
2026-03-09 14:12:53.660Z,3.3477,3,SYNTH
2026-03-09 14:12:54.733Z,3.3512,4,SYNTH
2026-03-09 14:12:55.440Z,3.3512,5,SYNTH
2026-03-09 14:12:56.756Z,3.3507,4,SYNTH
2026-03-09 14:12:57.205Z,3.3518,5,SYNTH
2026-03-09 14:12:58.098Z,3.3501,5,SYNTH
2026-03-09 14:12:59.177Z,3.3493,3,SYNTH
2026-03-09 14:13:00.069Z,3.3415,32,SYNTH
2026-03-09 14:13:01.007Z,3.3379,23,SYNTH
2026-03-09 14:13:02.298Z,3.3412,13,SYNTH
2026-03-09 14:13:03.482Z,3.3396,26,SYNTH
2026-03-09 14:13:04.087Z,3.3422,26,SYNTH
2026-03-09 14:13:05.838Z,3.3395,19,SYNTH
2026-03-09 14:13:06.311Z,3.3388,26,SYNTH
2026-03-09 14:13:07.749Z,3.3416,20,SYNTH
2026-03-09 14:13:08.091Z,3.3416,20,SYNTH
2026-03-09 14:13:09.219Z,3.3427,22,SYNTH
2026-03-09 14:13:10.195Z,3.3425,16,SYNTH
2026-03-09 14:13:11.033Z,3.3401,49,SYNTH
2026-03-09 14:13:12.417Z,3.3408,49,SYNTH
2026-03-09 14:13:13.633Z,3.3386,57,SYNTH
2026-03-09 14:13:14.220Z,3.3418,11,SYNTH
2026-03-09 14:13:15.034Z,3.3419,14,SYNTH
2026-03-09 14:13:16.473Z,3.3390,38,SYNTH
2026-03-09 14:13:17.221Z,3.3387,40,SYNTH
2026-03-09 14:13:18.172Z,3.3403,26,SYNTH
2026-03-09 14:13:19.263Z,3.3395,32,SYNTH
2026-03-09 14:13:20.868Z,3.3413,10,SYNTH
2026-03-09 14:13:21.885Z,3.3425,21,SYNTH
2026-03-09 14:13:22.108Z,3.3390,10,SYNTH
2026-03-09 14:13:23.078Z,3.3433,17,SYNTH
2026-03-09 14:13:24.326Z,3.3435,11,SYNTH
2026-03-09 14:13:25.709Z,3.3412,19,SYNTH
2026-03-09 14:13:26.146Z,3.3452,13,SYNTH
2026-03-09 14:13:27.332Z,3.3454,13,SYNTH
2026-03-09 14:13:28.356Z,3.3463,12,SYNTH
2026-03-09 14:13:29.230Z,3.3431,20,SYNTH
2026-03-09 14:13:30.285Z,3.3468,20,SYNTH
2026-03-09 14:13:31.373Z,3.3490,12,SYNTH
2026-03-09 14:13:32.507Z,3.3498,13,SYNTH
2026-03-09 14:13:33.725Z,3.3481,20,SYNTH
2026-03-09 14:13:34.864Z,3.3500,17,SYNTH
2026-03-09 14:13:35.803Z,3.3501,18,SYNTH
2026-03-09 14:13:36.251Z,3.3479,21,SYNTH
2026-03-09 14:13:37.812Z,3.3512,24,SYNTH
2026-03-09 14:13:38.860Z,3.3498,32,SYNTH
2026-03-09 14:13:39.535Z,3.3517,48,SYNTH
2026-03-09 14:13:40.803Z,3.3476,33,SYNTH
2026-03-09 14:13:41.093Z,3.3517,17,SYNTH
2026-03-09 14:13:42.512Z,3.3492,12,SYNTH
2026-03-09 14:13:43.793Z,3.3482,21,SYNTH
2026-03-09 14:13:44.023Z,3.3507,19,SYNTH
2026-03-09 14:13:45.746Z,3.3479,22,SYNTH
2026-03-09 14:13:46.038Z,3.3467,31,SYNTH
2026-03-09 14:13:47.596Z,3.3493,22,SYNTH
2026-03-09 14:13:48.332Z,3.3485,18,SYNTH
2026-03-09 14:13:49.536Z,3.3500,24,SYNTH
2026-03-09 14:13:50.862Z,3.3513,11,SYNTH
2026-03-09 14:13:51.659Z,3.3477,11,SYNTH
2026-03-09 14:13:52.820Z,3.3480,24,SYNTH
2026-03-09 14:13:53.750Z,3.3516,28,SYNTH
2026-03-09 14:13:54.492Z,3.3479,20,SYNTH
2026-03-09 14:13:55.165Z,3.3511,30,SYNTH
2026-03-09 14:13:56.887Z,3.3522,20,SYNTH
2026-03-09 14:13:57.570Z,3.3483,19,SYNTH
2026-03-09 14:13:58.316Z,3.3504,24,SYNTH
2026-03-09 14:13:59.513Z,3.3497,32,SYNTH
2026-03-09 14:18:00.804Z,3.3409,23,SYNTH
2026-03-09 14:18:01.214Z,3.3397,11,SYNTH
2026-03-09 14:18:02.483Z,3.3402,23,SYNTH
2026-03-09 14:18:03.433Z,3.3402,20,SYNTH
2026-03-09 14:18:04.868Z,3.3386,12,SYNTH
2026-03-09 14:18:05.465Z,3.3407,13,SYNTH
2026-03-09 14:18:06.380Z,3.3408,14,SYNTH
2026-03-09 14:18:07.288Z,3.3388,19,SYNTH
2026-03-09 14:18:08.063Z,3.3417,10,SYNTH
2026-03-09 14:18:09.879Z,3.3389,15,SYNTH
2026-03-09 14:18:10.093Z,3.3426,13,SYNTH
2026-03-09 14:18:11.733Z,3.3399,24,SYNTH
2026-03-09 14:18:12.828Z,3.3387,28,SYNTH
2026-03-09 14:18:13.095Z,3.3389,42,SYNTH
2026-03-09 14:18:14.618Z,3.3419,15,SYNTH
2026-03-09 14:18:15.724Z,3.3416,11,SYNTH
2026-03-09 14:18:16.055Z,3.3389,20,SYNTH
2026-03-09 14:18:17.131Z,3.3412,18,SYNTH
2026-03-09 14:18:18.720Z,3.3393,16,SYNTH
2026-03-09 14:18:19.516Z,3.3391,20,SYNTH
2026-03-09 14:18:20.078Z,3.3376,8,SYNTH
2026-03-09 14:18:21.658Z,3.3376,10,SYNTH
2026-03-09 14:18:22.314Z,3.3419,14,SYNTH
2026-03-09 14:18:23.207Z,3.3386,12,SYNTH
2026-03-09 14:18:24.064Z,3.3394,11,SYNTH
2026-03-09 14:18:25.793Z,3.3410,9,SYNTH
2026-03-09 14:18:26.806Z,3.3391,10,SYNTH
2026-03-09 14:18:27.470Z,3.3421,11,SYNTH
2026-03-09 14:18:28.730Z,3.3399,16,SYNTH
2026-03-09 14:18:29.604Z,3.3412,8,SYNTH
2026-03-09 14:18:30.880Z,3.3393,7,SYNTH
2026-03-09 14:18:31.464Z,3.3386,8,SYNTH
2026-03-09 14:18:32.154Z,3.3380,14,SYNTH
2026-03-09 14:18:33.360Z,3.3406,8,SYNTH
2026-03-09 14:18:34.029Z,3.3419,7,SYNTH
2026-03-09 14:18:35.759Z,3.3393,14,SYNTH
2026-03-09 14:18:36.728Z,3.3384,14,SYNTH
2026-03-09 14:18:37.176Z,3.3399,39,SYNTH
2026-03-09 14:18:38.617Z,3.3414,20,SYNTH
2026-03-09 14:18:39.168Z,3.3417,42,SYNTH
2026-03-09 14:18:40.313Z,3.3390,25,SYNTH
2026-03-09 14:18:41.126Z,3.3396,14,SYNTH
2026-03-09 14:18:42.897Z,3.3392,17,SYNTH
2026-03-09 14:18:43.864Z,3.3379,14,SYNTH
2026-03-09 14:18:44.346Z,3.3389,14,SYNTH
2026-03-09 14:18:45.407Z,3.3411,18,SYNTH
2026-03-09 14:18:46.259Z,3.3399,16,SYNTH
2026-03-09 14:18:47.637Z,3.3378,17,SYNTH
2026-03-09 14:18:48.719Z,3.3397,19,SYNTH
2026-03-09 14:18:49.461Z,3.3385,10,SYNTH
2026-03-09 14:18:50.806Z,3.3404,14,SYNTH
2026-03-09 14:18:51.523Z,3.3416,16,SYNTH
2026-03-09 14:18:52.809Z,3.3380,19,SYNTH
2026-03-09 14:18:53.617Z,3.3418,9,SYNTH
2026-03-09 14:18:54.265Z,3.3385,13,SYNTH
2026-03-09 14:18:55.447Z,3.3408,16,SYNTH
2026-03-09 14:18:56.476Z,3.3415,15,SYNTH
2026-03-09 14:18:57.445Z,3.3380,15,SYNTH
2026-03-09 14:18:58.216Z,3.3407,15,SYNTH
2026-03-09 14:18:59.049Z,3.3409,25,SYNTH
2026-03-09 14:19:00.460Z,3.3406,28,SYNTH
2026-03-09 14:19:01.731Z,3.3389,14,SYNTH
2026-03-09 14:19:02.541Z,3.3381,12,SYNTH
2026-03-09 14:19:03.814Z,3.3423,13,SYNTH
2026-03-09 14:19:04.103Z,3.3401,13,SYNTH
2026-03-09 14:19:05.817Z,3.3393,14,SYNTH
2026-03-09 14:19:06.885Z,3.3390,15,SYNTH
2026-03-09 14:19:07.575Z,3.3414,15,SYNTH
2026-03-09 14:19:08.428Z,3.3403,20,SYNTH
2026-03-09 14:19:09.225Z,3.3392,13,SYNTH
2026-03-09 14:19:10.788Z,3.3385,11,SYNTH
2026-03-09 14:19:11.574Z,3.3384,35,SYNTH
2026-03-09 14:19:12.189Z,3.3386,23,SYNTH
2026-03-09 14:19:13.131Z,3.3408,33,SYNTH
2026-03-09 14:19:14.829Z,3.3384,11,SYNTH
2026-03-09 14:19:15.440Z,3.3410,11,SYNTH
2026-03-09 14:19:16.169Z,3.3420,32,SYNTH
2026-03-09 14:19:17.270Z,3.3405,32,SYNTH
2026-03-09 14:19:18.605Z,3.3383,16,SYNTH
2026-03-09 14:19:19.158Z,3.3390,23,SYNTH
2026-03-09 14:19:20.254Z,3.3418,11,SYNTH
2026-03-09 14:19:21.300Z,3.3397,15,SYNTH
2026-03-09 14:19:22.104Z,3.3404,12,SYNTH
2026-03-09 14:19:23.373Z,3.3405,18,SYNTH
2026-03-09 14:19:24.263Z,3.3389,17,SYNTH
2026-03-09 14:19:25.873Z,3.3396,15,SYNTH
2026-03-09 14:19:26.185Z,3.3409,16,SYNTH
2026-03-09 14:19:27.766Z,3.3381,14,SYNTH
2026-03-09 14:19:28.409Z,3.3418,18,SYNTH
2026-03-09 14:19:29.831Z,3.3398,11,SYNTH
2026-03-09 14:19:30.888Z,3.3390,7,SYNTH
2026-03-09 14:19:31.166Z,3.3385,11,SYNTH
2026-03-09 14:19:32.108Z,3.3420,15,SYNTH
2026-03-09 14:19:33.800Z,3.3392,8,SYNTH
2026-03-09 14:19:34.082Z,3.3399,16,SYNTH
2026-03-09 14:19:35.094Z,3.3426,15,SYNTH
2026-03-09 14:19:36.635Z,3.3379,14,SYNTH
2026-03-09 14:19:37.095Z,3.3403,33,SYNTH
2026-03-09 14:19:38.205Z,3.3408,31,SYNTH
2026-03-09 14:19:39.587Z,3.3425,22,SYNTH
2026-03-09 14:19:40.412Z,3.3424,28,SYNTH
2026-03-09 14:19:41.140Z,3.3393,12,SYNTH
2026-03-09 14:19:42.782Z,3.3422,11,SYNTH
2026-03-09 14:19:43.233Z,3.3393,13,SYNTH
2026-03-09 14:19:44.481Z,3.3381,13,SYNTH
2026-03-09 14:19:45.798Z,3.3406,15,SYNTH
2026-03-09 14:19:46.029Z,3.3414,24,SYNTH
2026-03-09 14:19:47.596Z,3.3372,30,SYNTH
2026-03-09 14:19:48.548Z,3.3409,22,SYNTH
2026-03-09 14:19:49.442Z,3.3399,17,SYNTH
2026-03-09 14:19:50.258Z,3.3389,16,SYNTH
2026-03-09 14:19:51.519Z,3.3423,11,SYNTH
2026-03-09 14:19:52.675Z,3.3385,20,SYNTH
2026-03-09 14:19:53.369Z,3.3380,15,SYNTH
2026-03-09 14:19:54.064Z,3.3424,16,SYNTH
2026-03-09 14:19:55.832Z,3.3389,15,SYNTH
2026-03-09 14:19:56.283Z,3.3425,21,SYNTH
2026-03-09 14:19:57.452Z,3.3403,13,SYNTH
2026-03-09 14:19:58.864Z,3.3390,15,SYNTH
2026-03-09 14:19:59.661Z,3.3397,19,SYNTH
2026-03-09 14:20:00.522Z,3.3410,36,SYNTH
2026-03-09 14:20:01.201Z,3.3423,26,SYNTH
2026-03-09 14:20:02.308Z,3.3419,23,SYNTH
2026-03-09 14:20:03.844Z,3.3385,15,SYNTH
2026-03-09 14:20:04.090Z,3.3410,29,SYNTH
2026-03-09 14:20:05.571Z,3.3380,19,SYNTH
2026-03-09 14:20:06.037Z,3.3412,21,SYNTH
2026-03-09 14:20:07.340Z,3.3386,28,SYNTH
2026-03-09 14:20:08.407Z,3.3389,22,SYNTH
2026-03-09 14:20:09.896Z,3.3413,24,SYNTH
2026-03-09 14:20:10.077Z,3.3419,22,SYNTH
2026-03-09 14:20:11.504Z,3.3398,37,SYNTH
2026-03-09 14:20:12.030Z,3.3419,34,SYNTH
2026-03-09 14:20:13.507Z,3.3410,31,SYNTH
2026-03-09 14:20:14.094Z,3.3380,22,SYNTH
2026-03-09 14:20:15.045Z,3.3411,19,SYNTH
2026-03-09 14:20:16.710Z,3.3427,26,SYNTH
2026-03-09 14:20:17.275Z,3.3424,21,SYNTH
2026-03-09 14:20:18.493Z,3.3378,38,SYNTH
2026-03-09 14:20:19.738Z,3.3408,38,SYNTH
2026-03-09 14:20:20.831Z,3.3379,12,SYNTH
2026-03-09 14:20:21.782Z,3.3417,24,SYNTH
2026-03-09 14:20:22.199Z,3.3378,21,SYNTH
2026-03-09 14:20:23.259Z,3.3418,10,SYNTH
2026-03-09 14:20:24.549Z,3.3390,15,SYNTH
2026-03-09 14:20:25.089Z,3.3380,24,SYNTH
2026-03-09 14:20:26.840Z,3.3408,20,SYNTH
2026-03-09 14:20:27.862Z,3.3377,19,SYNTH
2026-03-09 14:20:28.284Z,3.3386,16,SYNTH
2026-03-09 14:20:29.572Z,3.3416,12,SYNTH
2026-03-09 14:20:30.332Z,3.3416,11,SYNTH
2026-03-09 14:20:31.427Z,3.3385,14,SYNTH
2026-03-09 14:20:32.326Z,3.3388,22,SYNTH
2026-03-09 14:20:33.566Z,3.3408,14,SYNTH
2026-03-09 14:20:34.622Z,3.3379,10,SYNTH
2026-03-09 14:20:35.197Z,3.3405,21,SYNTH
2026-03-09 14:20:36.860Z,3.3394,12,SYNTH
2026-03-09 14:20:37.273Z,3.3423,40,SYNTH
2026-03-09 14:20:38.176Z,3.3420,41,SYNTH
2026-03-09 14:20:39.602Z,3.3408,62,SYNTH
2026-03-09 14:20:40.462Z,3.3382,28,SYNTH
2026-03-09 14:20:41.777Z,3.3405,13,SYNTH
2026-03-09 14:20:42.598Z,3.3386,11,SYNTH
2026-03-09 14:20:43.857Z,3.3383,23,SYNTH
2026-03-09 14:20:44.758Z,3.3415,19,SYNTH
2026-03-09 14:20:45.726Z,3.3410,36,SYNTH
2026-03-09 14:20:46.331Z,3.3384,39,SYNTH
2026-03-09 14:20:47.652Z,3.3402,35,SYNTH
2026-03-09 14:20:48.060Z,3.3384,26,SYNTH
2026-03-09 14:20:49.175Z,3.3389,28,SYNTH
2026-03-09 14:20:50.041Z,3.3411,27,SYNTH
2026-03-09 14:20:51.510Z,3.3381,22,SYNTH
2026-03-09 14:20:52.720Z,3.3421,16,SYNTH
2026-03-09 14:20:53.732Z,3.3391,16,SYNTH
2026-03-09 14:20:54.425Z,3.3385,21,SYNTH
2026-03-09 14:20:55.039Z,3.3388,34,SYNTH
2026-03-09 14:20:56.741Z,3.3411,30,SYNTH
2026-03-09 14:20:57.888Z,3.3406,22,SYNTH
2026-03-09 14:20:58.765Z,3.3412,30,SYNTH
2026-03-09 14:20:59.337Z,3.3390,33,SYNTH
2026-03-09 14:22:00.280Z,3.3519,66,SYNTH
2026-03-09 14:22:01.419Z,3.3517,121,SYNTH
2026-03-09 14:22:02.289Z,3.3479,121,SYNTH
2026-03-09 14:22:03.517Z,3.3469,56,SYNTH
2026-03-09 14:22:04.455Z,3.3463,81,SYNTH
2026-03-09 14:22:05.213Z,3.3454,76,SYNTH
2026-03-09 14:22:06.519Z,3.3439,58,SYNTH
2026-03-09 14:22:07.476Z,3.3429,91,SYNTH
2026-03-09 14:22:08.396Z,3.3407,103,SYNTH
2026-03-09 14:22:09.444Z,3.3406,86,SYNTH
2026-03-09 14:22:10.897Z,3.3397,89,SYNTH
2026-03-09 14:22:11.364Z,3.3396,125,SYNTH
2026-03-09 14:22:12.887Z,3.3422,182,SYNTH
2026-03-09 14:22:13.615Z,3.3425,114,SYNTH
2026-03-09 14:22:14.678Z,3.3412,83,SYNTH
2026-03-09 14:22:15.003Z,3.3434,89,SYNTH
2026-03-09 14:22:16.891Z,3.3433,87,SYNTH
2026-03-09 14:22:17.225Z,3.3448,140,SYNTH
2026-03-09 14:22:18.371Z,3.3421,142,SYNTH
2026-03-09 14:22:19.059Z,3.3444,89,SYNTH
2026-03-09 14:22:20.043Z,3.3418,66,SYNTH
2026-03-09 14:22:21.771Z,3.3443,80,SYNTH
2026-03-09 14:22:22.448Z,3.3453,49,SYNTH
2026-03-09 14:22:23.032Z,3.3458,84,SYNTH
2026-03-09 14:22:24.394Z,3.3429,74,SYNTH
2026-03-09 14:22:25.146Z,3.3464,68,SYNTH
2026-03-09 14:22:26.100Z,3.3466,38,SYNTH
2026-03-09 14:22:27.252Z,3.3481,77,SYNTH
2026-03-09 14:22:28.154Z,3.3444,58,SYNTH
2026-03-09 14:22:29.295Z,3.3484,56,SYNTH
2026-03-09 14:22:30.837Z,3.3475,70,SYNTH
2026-03-09 14:22:31.891Z,3.3483,48,SYNTH
2026-03-09 14:22:32.656Z,3.3484,46,SYNTH
2026-03-09 14:22:33.018Z,3.3504,77,SYNTH
2026-03-09 14:22:34.470Z,3.3508,79,SYNTH
2026-03-09 14:22:35.883Z,3.3470,44,SYNTH
2026-03-09 14:22:36.032Z,3.3504,64,SYNTH
2026-03-09 14:22:37.887Z,3.3490,153,SYNTH
2026-03-09 14:22:38.590Z,3.3497,151,SYNTH
2026-03-09 14:22:39.899Z,3.3478,154,SYNTH
2026-03-09 14:22:40.117Z,3.3501,198,SYNTH
2026-03-09 14:22:41.591Z,3.3503,37,SYNTH
2026-03-09 14:22:42.446Z,3.3507,69,SYNTH
2026-03-09 14:22:43.259Z,3.3511,92,SYNTH
2026-03-09 14:22:44.023Z,3.3503,62,SYNTH
2026-03-09 14:22:45.127Z,3.3519,87,SYNTH
2026-03-09 14:22:46.611Z,3.3485,75,SYNTH
2026-03-09 14:22:47.114Z,3.3487,78,SYNTH
2026-03-09 14:22:48.232Z,3.3509,84,SYNTH
2026-03-09 14:22:49.835Z,3.3490,74,SYNTH
2026-03-09 14:22:50.098Z,3.3505,53,SYNTH
2026-03-09 14:22:51.379Z,3.3509,76,SYNTH
2026-03-09 14:22:52.329Z,3.3485,99,SYNTH
2026-03-09 14:22:53.620Z,3.3503,95,SYNTH
2026-03-09 14:22:54.877Z,3.3497,103,SYNTH
2026-03-09 14:22:55.304Z,3.3495,68,SYNTH
2026-03-09 14:22:56.791Z,3.3485,94,SYNTH
2026-03-09 14:22:57.748Z,3.3514,122,SYNTH
2026-03-09 14:22:58.244Z,3.3528,74,SYNTH
2026-03-09 14:22:59.781Z,3.3492,114,SYNTH
2026-03-09 14:24:00.775Z,3.3415,75,SYNTH
2026-03-09 14:24:01.317Z,3.3414,77,SYNTH
2026-03-09 14:24:02.698Z,3.3390,35,SYNTH
2026-03-09 14:24:03.281Z,3.3361,65,SYNTH
2026-03-09 14:24:04.604Z,3.3359,53,SYNTH
2026-03-09 14:24:05.769Z,3.3354,69,SYNTH
2026-03-09 14:24:06.189Z,3.3343,62,SYNTH
2026-03-09 14:24:07.142Z,3.3327,45,SYNTH
2026-03-09 14:24:08.295Z,3.3321,65,SYNTH
2026-03-09 14:24:09.381Z,3.3313,64,SYNTH
2026-03-09 14:24:10.785Z,3.3303,33,SYNTH
2026-03-09 14:24:11.529Z,3.3300,125,SYNTH
2026-03-09 14:24:12.382Z,3.3288,104,SYNTH
2026-03-09 14:24:13.221Z,3.3310,70,SYNTH
2026-03-09 14:24:14.450Z,3.3326,54,SYNTH
2026-03-09 14:24:15.767Z,3.3331,34,SYNTH
2026-03-09 14:24:16.124Z,3.3340,93,SYNTH
2026-03-09 14:24:17.187Z,3.3337,70,SYNTH
2026-03-09 14:24:18.203Z,3.3340,94,SYNTH
2026-03-09 14:24:19.409Z,3.3342,41,SYNTH
2026-03-09 14:24:20.803Z,3.3333,40,SYNTH
2026-03-09 14:24:21.360Z,3.3313,49,SYNTH
2026-03-09 14:24:22.699Z,3.3352,22,SYNTH
2026-03-09 14:24:23.684Z,3.3312,25,SYNTH
2026-03-09 14:24:24.120Z,3.3338,21,SYNTH
2026-03-09 14:24:25.748Z,3.3343,30,SYNTH
2026-03-09 14:24:26.167Z,3.3365,22,SYNTH
2026-03-09 14:24:27.305Z,3.3337,39,SYNTH
2026-03-09 14:24:28.704Z,3.3386,51,SYNTH
2026-03-09 14:24:29.813Z,3.3388,48,SYNTH
2026-03-09 14:24:30.783Z,3.3380,25,SYNTH
2026-03-09 14:24:31.385Z,3.3391,47,SYNTH
2026-03-09 14:24:32.597Z,3.3397,51,SYNTH
2026-03-09 14:24:33.798Z,3.3404,41,SYNTH
2026-03-09 14:24:34.071Z,3.3380,45,SYNTH
2026-03-09 14:24:35.054Z,3.3409,25,SYNTH
2026-03-09 14:24:36.883Z,3.3386,38,SYNTH
2026-03-09 14:24:37.627Z,3.3381,94,SYNTH
2026-03-09 14:24:38.316Z,3.3411,127,SYNTH
2026-03-09 14:24:39.470Z,3.3404,73,SYNTH
2026-03-09 14:24:40.060Z,3.3390,84,SYNTH
2026-03-09 14:24:41.532Z,3.3412,30,SYNTH
2026-03-09 14:24:42.009Z,3.3383,48,SYNTH
2026-03-09 14:24:43.414Z,3.3414,27,SYNTH
2026-03-09 14:24:44.250Z,3.3376,43,SYNTH
2026-03-09 14:24:45.786Z,3.3414,90,SYNTH
2026-03-09 14:24:46.369Z,3.3408,71,SYNTH
2026-03-09 14:24:47.291Z,3.3417,81,SYNTH
2026-03-09 14:24:48.525Z,3.3380,39,SYNTH
2026-03-09 14:24:49.695Z,3.3412,54,SYNTH
2026-03-09 14:24:50.720Z,3.3399,56,SYNTH
2026-03-09 14:24:51.802Z,3.3374,39,SYNTH
2026-03-09 14:24:52.829Z,3.3408,66,SYNTH
2026-03-09 14:24:53.768Z,3.3376,36,SYNTH
2026-03-09 14:24:54.366Z,3.3377,73,SYNTH
2026-03-09 14:24:55.728Z,3.3407,30,SYNTH
2026-03-09 14:24:56.570Z,3.3408,73,SYNTH
2026-03-09 14:24:57.509Z,3.3414,78,SYNTH
2026-03-09 14:24:58.716Z,3.3392,68,SYNTH
2026-03-09 14:24:59.345Z,3.3411,44,SYNTH
2026-03-09 14:25:00.357Z,3.3314,8,SYNTH
2026-03-09 14:25:01.398Z,3.3280,11,SYNTH
2026-03-09 14:25:02.662Z,3.3315,10,SYNTH
2026-03-09 14:25:03.391Z,3.3285,6,SYNTH
2026-03-09 14:25:04.825Z,3.3319,10,SYNTH
2026-03-09 14:25:05.455Z,3.3292,7,SYNTH
2026-03-09 14:25:06.467Z,3.3315,5,SYNTH
2026-03-09 14:25:07.535Z,3.3279,7,SYNTH
2026-03-09 14:25:08.597Z,3.3303,7,SYNTH
2026-03-09 14:25:09.379Z,3.3320,7,SYNTH
2026-03-09 14:25:10.168Z,3.3297,9,SYNTH
2026-03-09 14:25:11.809Z,3.3309,14,SYNTH
2026-03-09 14:25:12.189Z,3.3295,18,SYNTH
2026-03-09 14:25:13.381Z,3.3316,14,SYNTH
2026-03-09 14:25:14.747Z,3.3291,9,SYNTH
2026-03-09 14:25:15.734Z,3.3314,6,SYNTH
2026-03-09 14:25:16.456Z,3.3287,8,SYNTH
2026-03-09 14:25:17.796Z,3.3311,10,SYNTH
2026-03-09 14:25:18.217Z,3.3303,7,SYNTH
2026-03-09 14:25:19.498Z,3.3304,11,SYNTH
2026-03-09 14:25:20.860Z,3.3324,4,SYNTH
2026-03-09 14:25:21.092Z,3.3300,5,SYNTH
2026-03-09 14:25:22.287Z,3.3290,7,SYNTH
2026-03-09 14:25:23.831Z,3.3318,5,SYNTH
2026-03-09 14:25:24.743Z,3.3284,7,SYNTH
2026-03-09 14:25:25.334Z,3.3301,4,SYNTH
2026-03-09 14:25:26.331Z,3.3313,3,SYNTH
2026-03-09 14:25:27.574Z,3.3317,5,SYNTH
2026-03-09 14:25:28.082Z,3.3280,4,SYNTH
2026-03-09 14:25:29.377Z,3.3309,4,SYNTH
2026-03-09 14:25:30.832Z,3.3278,7,SYNTH
2026-03-09 14:25:31.028Z,3.3301,5,SYNTH
2026-03-09 14:25:32.186Z,3.3314,5,SYNTH
2026-03-09 14:25:33.762Z,3.3309,5,SYNTH
2026-03-09 14:25:34.641Z,3.3290,6,SYNTH
2026-03-09 14:25:35.541Z,3.3306,6,SYNTH
2026-03-09 14:25:36.477Z,3.3311,6,SYNTH
2026-03-09 14:25:37.632Z,3.3291,9,SYNTH
2026-03-09 14:25:38.348Z,3.3312,19,SYNTH
2026-03-09 14:25:39.622Z,3.3282,18,SYNTH
2026-03-09 14:25:40.114Z,3.3312,11,SYNTH
2026-03-09 14:25:41.203Z,3.3294,7,SYNTH
2026-03-09 14:25:42.150Z,3.3296,7,SYNTH
2026-03-09 14:25:43.373Z,3.3324,5,SYNTH
2026-03-09 14:25:44.301Z,3.3290,7,SYNTH
2026-03-09 14:25:45.236Z,3.3303,10,SYNTH
2026-03-09 14:25:46.473Z,3.3295,7,SYNTH
2026-03-09 14:25:47.774Z,3.3316,10,SYNTH
2026-03-09 14:25:48.672Z,3.3312,4,SYNTH
2026-03-09 14:25:49.179Z,3.3303,5,SYNTH
2026-03-09 14:25:50.842Z,3.3308,7,SYNTH
2026-03-09 14:25:51.256Z,3.3311,6,SYNTH
2026-03-09 14:25:52.385Z,3.3311,6,SYNTH
2026-03-09 14:25:53.865Z,3.3275,8,SYNTH
2026-03-09 14:25:54.019Z,3.3306,5,SYNTH
2026-03-09 14:25:55.181Z,3.3313,10,SYNTH
2026-03-09 14:25:56.443Z,3.3309,5,SYNTH
2026-03-09 14:25:57.520Z,3.3293,7,SYNTH
2026-03-09 14:25:58.151Z,3.3287,8,SYNTH
2026-03-09 14:25:59.763Z,3.3304,10,SYNTH
2026-03-09 14:26:00.039Z,3.3207,23,SYNTH
2026-03-09 14:26:01.351Z,3.3214,30,SYNTH
2026-03-09 14:26:02.387Z,3.3213,29,SYNTH
2026-03-09 14:26:03.097Z,3.3194,17,SYNTH
2026-03-09 14:26:04.570Z,3.3210,19,SYNTH
2026-03-09 14:26:05.709Z,3.3193,34,SYNTH
2026-03-09 14:26:06.771Z,3.3217,18,SYNTH
2026-03-09 14:26:07.281Z,3.3190,14,SYNTH
2026-03-09 14:26:08.314Z,3.3190,28,SYNTH
2026-03-09 14:26:09.184Z,3.3182,13,SYNTH
2026-03-09 14:26:10.552Z,3.3215,22,SYNTH
2026-03-09 14:26:11.634Z,3.3192,69,SYNTH
2026-03-09 14:26:12.273Z,3.3217,45,SYNTH
2026-03-09 14:26:13.722Z,3.3202,51,SYNTH
2026-03-09 14:26:14.219Z,3.3215,29,SYNTH
2026-03-09 14:26:15.274Z,3.3214,21,SYNTH
2026-03-09 14:26:16.117Z,3.3215,27,SYNTH
2026-03-09 14:26:17.090Z,3.3197,48,SYNTH
2026-03-09 14:26:18.608Z,3.3193,26,SYNTH
2026-03-09 14:26:19.358Z,3.3185,34,SYNTH
2026-03-09 14:26:20.089Z,3.3199,21,SYNTH
2026-03-09 14:26:21.258Z,3.3178,25,SYNTH
2026-03-09 14:26:22.738Z,3.3214,11,SYNTH
2026-03-09 14:26:23.502Z,3.3194,12,SYNTH
2026-03-09 14:26:24.166Z,3.3212,16,SYNTH
2026-03-09 14:26:25.565Z,3.3181,13,SYNTH
2026-03-09 14:26:26.409Z,3.3211,23,SYNTH
2026-03-09 14:26:27.094Z,3.3179,15,SYNTH
2026-03-09 14:26:28.268Z,3.3194,14,SYNTH
2026-03-09 14:26:29.653Z,3.3208,11,SYNTH
2026-03-09 14:26:30.055Z,3.3180,20,SYNTH
2026-03-09 14:26:31.381Z,3.3215,12,SYNTH
2026-03-09 14:26:32.285Z,3.3191,22,SYNTH
2026-03-09 14:26:33.256Z,3.3210,12,SYNTH
2026-03-09 14:26:34.850Z,3.3210,16,SYNTH
2026-03-09 14:26:35.246Z,3.3193,17,SYNTH
2026-03-09 14:26:36.187Z,3.3182,13,SYNTH
2026-03-09 14:26:37.593Z,3.3190,62,SYNTH
2026-03-09 14:26:38.457Z,3.3211,53,SYNTH
2026-03-09 14:26:39.101Z,3.3216,47,SYNTH
2026-03-09 14:26:40.517Z,3.3181,34,SYNTH
2026-03-09 14:26:41.797Z,3.3208,20,SYNTH
2026-03-09 14:26:42.053Z,3.3176,13,SYNTH
2026-03-09 14:26:43.000Z,3.3207,15,SYNTH
2026-03-09 14:26:44.342Z,3.3195,22,SYNTH
2026-03-09 14:26:45.028Z,3.3181,27,SYNTH
2026-03-09 14:26:46.607Z,3.3201,32,SYNTH
2026-03-09 14:26:47.478Z,3.3213,33,SYNTH
2026-03-09 14:26:48.489Z,3.3192,14,SYNTH
2026-03-09 14:26:49.236Z,3.3190,28,SYNTH
2026-03-09 14:26:50.553Z,3.3201,22,SYNTH
2026-03-09 14:26:51.810Z,3.3213,31,SYNTH
2026-03-09 14:26:52.666Z,3.3182,14,SYNTH
2026-03-09 14:26:53.119Z,3.3186,29,SYNTH
2026-03-09 14:26:54.828Z,3.3208,23,SYNTH
2026-03-09 14:26:55.436Z,3.3215,23,SYNTH
2026-03-09 14:26:56.305Z,3.3217,28,SYNTH
2026-03-09 14:26:57.306Z,3.3178,27,SYNTH
2026-03-09 14:26:58.514Z,3.3207,33,SYNTH
2026-03-09 14:26:59.143Z,3.3213,17,SYNTH
2026-03-09 14:27:00.453Z,3.3308,43,SYNTH
2026-03-09 14:27:01.033Z,3.3276,47,SYNTH
2026-03-09 14:27:02.463Z,3.3326,25,SYNTH
2026-03-09 14:27:03.749Z,3.3283,54,SYNTH
2026-03-09 14:27:04.332Z,3.3313,46,SYNTH
2026-03-09 14:27:05.678Z,3.3281,50,SYNTH
2026-03-09 14:27:06.775Z,3.3309,44,SYNTH
2026-03-09 14:27:07.831Z,3.3299,51,SYNTH
2026-03-09 14:27:08.463Z,3.3296,33,SYNTH
2026-03-09 14:27:09.243Z,3.3283,33,SYNTH
2026-03-09 14:27:10.726Z,3.3311,46,SYNTH
2026-03-09 14:27:11.687Z,3.3289,48,SYNTH
2026-03-09 14:27:12.393Z,3.3279,82,SYNTH
2026-03-09 14:27:13.683Z,3.3294,53,SYNTH
2026-03-09 14:27:14.763Z,3.3316,22,SYNTH
2026-03-09 14:27:15.758Z,3.3277,22,SYNTH
2026-03-09 14:27:16.376Z,3.3306,74,SYNTH
2026-03-09 14:27:17.845Z,3.3281,61,SYNTH
2026-03-09 14:27:18.870Z,3.3312,33,SYNTH
2026-03-09 14:27:19.424Z,3.3303,40,SYNTH
2026-03-09 14:27:20.081Z,3.3319,19,SYNTH
2026-03-09 14:27:21.205Z,3.3285,25,SYNTH
2026-03-09 14:27:22.777Z,3.3279,29,SYNTH
2026-03-09 14:27:23.578Z,3.3308,19,SYNTH
2026-03-09 14:27:24.444Z,3.3277,29,SYNTH
2026-03-09 14:27:25.603Z,3.3305,19,SYNTH
2026-03-09 14:27:26.511Z,3.3308,24,SYNTH
2026-03-09 14:27:27.750Z,3.3280,24,SYNTH
2026-03-09 14:27:28.236Z,3.3313,31,SYNTH
2026-03-09 14:27:29.500Z,3.3316,18,SYNTH
2026-03-09 14:27:30.225Z,3.3288,16,SYNTH
2026-03-09 14:27:31.154Z,3.3291,35,SYNTH
2026-03-09 14:27:32.477Z,3.3317,24,SYNTH
2026-03-09 14:27:33.214Z,3.3281,21,SYNTH
2026-03-09 14:27:34.262Z,3.3306,23,SYNTH
2026-03-09 14:27:35.881Z,3.3319,38,SYNTH
2026-03-09 14:27:36.456Z,3.3278,32,SYNTH
2026-03-09 14:27:37.882Z,3.3316,73,SYNTH
2026-03-09 14:27:38.014Z,3.3315,85,SYNTH
2026-03-09 14:27:39.495Z,3.3311,77,SYNTH
2026-03-09 14:27:40.185Z,3.3288,56,SYNTH
2026-03-09 14:27:41.126Z,3.3313,24,SYNTH
2026-03-09 14:27:42.420Z,3.3287,18,SYNTH
2026-03-09 14:27:43.026Z,3.3315,26,SYNTH
2026-03-09 14:27:44.652Z,3.3307,36,SYNTH
2026-03-09 14:27:45.317Z,3.3320,33,SYNTH
2026-03-09 14:27:46.642Z,3.3283,59,SYNTH
2026-03-09 14:27:47.438Z,3.3300,53,SYNTH
2026-03-09 14:27:48.085Z,3.3314,20,SYNTH
2026-03-09 14:27:49.298Z,3.3294,25,SYNTH
2026-03-09 14:27:50.684Z,3.3284,39,SYNTH
2026-03-09 14:27:51.751Z,3.3315,28,SYNTH
2026-03-09 14:27:52.473Z,3.3319,29,SYNTH
2026-03-09 14:27:53.321Z,3.3293,45,SYNTH
2026-03-09 14:27:54.119Z,3.3312,30,SYNTH
2026-03-09 14:27:55.299Z,3.3302,26,SYNTH
2026-03-09 14:27:56.243Z,3.3324,26,SYNTH
2026-03-09 14:27:57.717Z,3.3287,55,SYNTH
2026-03-09 14:27:58.160Z,3.3318,36,SYNTH
2026-03-09 14:27:59.756Z,3.3282,45,SYNTH
2026-03-09 14:29:00.120Z,3.3118,11,SYNTH
2026-03-09 14:29:01.761Z,3.3122,8,SYNTH
2026-03-09 14:29:02.816Z,3.3097,8,SYNTH
2026-03-09 14:29:03.153Z,3.3083,10,SYNTH
2026-03-09 14:29:04.174Z,3.3091,5,SYNTH
2026-03-09 14:29:05.293Z,3.3110,8,SYNTH
2026-03-09 14:29:06.208Z,3.3088,5,SYNTH
2026-03-09 14:29:07.076Z,3.3094,10,SYNTH
2026-03-09 14:29:08.000Z,3.3117,9,SYNTH
2026-03-09 14:29:09.129Z,3.3115,4,SYNTH
2026-03-09 14:29:10.634Z,3.3117,8,SYNTH
2026-03-09 14:29:11.203Z,3.3086,23,SYNTH
2026-03-09 14:29:12.299Z,3.3116,13,SYNTH
2026-03-09 14:29:13.052Z,3.3093,11,SYNTH
2026-03-09 14:29:14.219Z,3.3104,5,SYNTH
2026-03-09 14:29:15.823Z,3.3087,4,SYNTH
2026-03-09 14:29:16.087Z,3.3113,8,SYNTH
2026-03-09 14:29:17.824Z,3.3114,7,SYNTH
2026-03-09 14:29:18.304Z,3.3090,14,SYNTH
2026-03-09 14:29:19.430Z,3.3092,11,SYNTH
2026-03-09 14:29:20.875Z,3.3116,4,SYNTH
2026-03-09 14:29:21.826Z,3.3099,7,SYNTH
2026-03-09 14:29:22.068Z,3.3124,5,SYNTH
2026-03-09 14:29:23.044Z,3.3106,4,SYNTH
2026-03-09 14:29:24.178Z,3.3131,6,SYNTH
2026-03-09 14:29:25.214Z,3.3140,4,SYNTH
2026-03-09 14:29:26.572Z,3.3157,5,SYNTH
2026-03-09 14:29:27.825Z,3.3163,5,SYNTH
2026-03-09 14:29:28.780Z,3.3158,7,SYNTH
2026-03-09 14:29:29.886Z,3.3171,3,SYNTH
2026-03-09 14:29:30.301Z,3.3176,4,SYNTH
2026-03-09 14:29:31.682Z,3.3170,7,SYNTH
2026-03-09 14:29:32.767Z,3.3174,7,SYNTH
2026-03-09 14:29:33.202Z,3.3198,6,SYNTH
2026-03-09 14:29:34.328Z,3.3207,5,SYNTH
2026-03-09 14:29:35.842Z,3.3177,5,SYNTH
2026-03-09 14:29:36.762Z,3.3203,4,SYNTH
2026-03-09 14:29:37.318Z,3.3220,10,SYNTH
2026-03-09 14:29:38.818Z,3.3219,14,SYNTH
2026-03-09 14:29:39.054Z,3.3176,16,SYNTH
2026-03-09 14:29:40.138Z,3.3209,17,SYNTH
2026-03-09 14:29:41.074Z,3.3192,8,SYNTH
2026-03-09 14:29:42.836Z,3.3174,5,SYNTH
2026-03-09 14:29:43.319Z,3.3210,6,SYNTH
2026-03-09 14:29:44.737Z,3.3180,8,SYNTH
2026-03-09 14:29:45.890Z,3.3212,7,SYNTH
2026-03-09 14:29:46.450Z,3.3202,13,SYNTH
2026-03-09 14:29:47.489Z,3.3172,10,SYNTH
2026-03-09 14:29:48.476Z,3.3191,6,SYNTH
2026-03-09 14:29:49.898Z,3.3201,8,SYNTH
2026-03-09 14:29:50.836Z,3.3169,5,SYNTH
2026-03-09 14:29:51.651Z,3.3193,9,SYNTH
2026-03-09 14:29:52.614Z,3.3200,7,SYNTH
2026-03-09 14:29:53.717Z,3.3216,5,SYNTH
2026-03-09 14:29:54.023Z,3.3208,10,SYNTH
2026-03-09 14:29:55.622Z,3.3189,5,SYNTH
2026-03-09 14:29:56.804Z,3.3188,6,SYNTH
2026-03-09 14:29:57.615Z,3.3208,7,SYNTH
2026-03-09 14:29:58.348Z,3.3220,7,SYNTH
2026-03-09 14:29:59.768Z,3.3185,11,SYNTH
2026-03-09 14:30:00.305Z,3.3217,266,SYNTH
2026-03-09 14:30:01.247Z,3.3184,167,SYNTH
2026-03-09 14:30:02.041Z,3.3210,105,SYNTH
2026-03-09 14:30:03.101Z,3.3200,245,SYNTH
2026-03-09 14:30:04.270Z,3.3177,186,SYNTH
2026-03-09 14:30:05.172Z,3.3214,146,SYNTH
2026-03-09 14:30:06.450Z,3.3194,147,SYNTH
2026-03-09 14:30:07.441Z,3.3183,122,SYNTH
2026-03-09 14:30:08.276Z,3.3198,145,SYNTH
2026-03-09 14:30:09.279Z,3.3195,131,SYNTH
2026-03-09 14:30:10.395Z,3.3205,172,SYNTH
2026-03-09 14:30:11.771Z,3.3218,229,SYNTH
2026-03-09 14:30:12.473Z,3.3178,502,SYNTH
2026-03-09 14:30:13.389Z,3.3202,354,SYNTH
2026-03-09 14:30:14.267Z,3.3194,124,SYNTH
2026-03-09 14:30:15.401Z,3.3188,108,SYNTH
2026-03-09 14:30:16.726Z,3.3220,253,SYNTH
2026-03-09 14:30:17.108Z,3.3191,208,SYNTH
2026-03-09 14:30:18.321Z,3.3187,197,SYNTH
2026-03-09 14:30:19.048Z,3.3215,264,SYNTH
2026-03-09 14:30:20.263Z,3.3216,110,SYNTH
2026-03-09 14:30:21.687Z,3.3227,142,SYNTH
2026-03-09 14:30:22.111Z,3.3227,73,SYNTH
2026-03-09 14:30:23.796Z,3.3234,112,SYNTH
2026-03-09 14:30:24.390Z,3.3231,93,SYNTH
2026-03-09 14:30:25.107Z,3.3248,69,SYNTH
2026-03-09 14:30:26.311Z,3.3252,70,SYNTH
2026-03-09 14:30:27.395Z,3.3225,143,SYNTH
2026-03-09 14:30:28.485Z,3.3259,148,SYNTH
2026-03-09 14:30:29.023Z,3.3271,150,SYNTH
2026-03-09 14:30:30.372Z,3.3270,115,SYNTH
2026-03-09 14:30:31.002Z,3.3254,109,SYNTH
2026-03-09 14:30:32.676Z,3.3285,87,SYNTH
2026-03-09 14:30:33.691Z,3.3286,80,SYNTH
2026-03-09 14:30:34.212Z,3.3289,142,SYNTH
2026-03-09 14:30:35.169Z,3.3301,158,SYNTH
2026-03-09 14:30:36.686Z,3.3301,93,SYNTH
2026-03-09 14:30:37.718Z,3.3307,213,SYNTH
2026-03-09 14:30:38.455Z,3.3309,302,SYNTH
2026-03-09 14:30:39.229Z,3.3317,386,SYNTH
2026-03-09 14:30:40.735Z,3.3284,217,SYNTH
2026-03-09 14:30:41.397Z,3.3290,100,SYNTH
2026-03-09 14:30:42.447Z,3.3281,164,SYNTH
2026-03-09 14:30:43.579Z,3.3278,82,SYNTH
2026-03-09 14:30:44.358Z,3.3282,125,SYNTH
