TimestampUtc,Bid,Ask,BidSize,AskSize,SpreadBps
2026-03-09 13:30:00.517Z,5.6707,5.6893,300,165,32.7
2026-03-09 13:30:01.440Z,5.6711,5.6905,297,143,34.2
2026-03-09 13:30:02.176Z,5.6707,5.6881,100,419,30.6
2026-03-09 13:30:03.772Z,5.6697,5.6893,298,140,34.5
2026-03-09 13:30:04.661Z,5.6703,5.6875,189,365,30.3
2026-03-09 13:30:05.540Z,5.6674,5.6910,177,117,41.6
2026-03-09 13:30:06.088Z,5.6689,5.6915,186,100,39.8
2026-03-09 13:30:07.402Z,5.6712,5.6900,316,165,33.1
2026-03-09 13:30:08.814Z,5.6707,5.6887,109,184,31.7
2026-03-09 13:30:09.623Z,5.6695,5.6923,135,166,40.1
2026-03-09 13:30:10.629Z,5.6714,5.6900,100,157,32.7
2026-03-09 13:30:11.403Z,5.6687,5.6903,223,489,38.0
2026-03-09 13:30:12.500Z,5.6703,5.6869,174,350,29.2
2026-03-09 13:30:13.398Z,5.6708,5.6912,791,351,35.9
2026-03-09 13:30:14.469Z,5.6690,5.6894,100,107,35.9
2026-03-09 13:30:15.480Z,5.6677,5.6909,234,152,40.9
2026-03-09 13:30:16.746Z,5.6680,5.6914,335,166,41.2
2026-03-09 13:30:17.708Z,5.6690,5.6884,147,351,34.2
2026-03-09 13:30:18.752Z,5.6722,5.6898,479,201,31.0
2026-03-09 13:30:19.787Z,5.6677,5.6919,272,270,42.6
2026-03-09 13:30:20.259Z,5.6670,5.6904,100,108,41.2
2026-03-09 13:30:21.225Z,5.6657,5.6865,100,201,36.6
2026-03-09 13:30:22.501Z,5.6595,5.6853,100,141,45.5
2026-03-09 13:30:23.605Z,5.6566,5.6796,100,296,40.6
2026-03-09 13:30:24.067Z,5.6525,5.6777,100,235,44.5
2026-03-09 13:30:25.395Z,5.6488,5.6734,106,227,43.5
2026-03-09 13:30:26.542Z,5.6418,5.6686,114,202,47.4
2026-03-09 13:30:27.890Z,5.6380,5.6598,100,232,38.6
2026-03-09 13:30:28.301Z,5.6337,5.6537,130,241,35.4
2026-03-09 13:30:29.792Z,5.6294,5.6520,100,199,40.1
2026-03-09 13:30:30.258Z,5.6234,5.6492,100,213,45.8
2026-03-09 13:30:31.322Z,5.6179,5.6419,100,273,42.6
2026-03-09 13:30:32.415Z,5.6120,5.6376,100,155,45.5
2026-03-09 13:30:33.581Z,5.6112,5.6318,100,159,36.6
2026-03-09 13:30:34.294Z,5.6055,5.6281,100,149,40.2
2026-03-09 13:30:35.773Z,5.6069,5.6237,100,100,29.9
2026-03-09 13:30:36.735Z,5.6038,5.6232,100,213,34.6
2026-03-09 13:30:37.625Z,5.6005,5.6229,251,293,39.9
2026-03-09 13:30:38.358Z,5.6013,5.6203,163,309,33.9
2026-03-09 13:30:39.439Z,5.5976,5.6204,100,251,40.6
2026-03-09 13:30:40.442Z,5.6009,5.6227,366,393,38.8
2026-03-09 13:30:41.678Z,5.6030,5.6228,158,100,35.3
2026-03-09 13:30:42.311Z,5.6064,5.6242,159,100,31.7
2026-03-09 13:30:43.129Z,5.6060,5.6298,282,112,42.4
2026-03-09 13:30:44.875Z,5.6091,5.6325,120,149,41.6
2026-03-09 13:30:45.893Z,5.6145,5.6335,172,150,33.8
2026-03-09 13:30:46.121Z,5.6127,5.6357,244,196,40.9
2026-03-09 13:30:47.240Z,5.6160,5.6338,256,149,31.6
2026-03-09 13:30:48.247Z,5.6131,5.6365,100,156,41.6
2026-03-09 13:30:49.267Z,5.6155,5.6351,113,100,34.8
2026-03-09 13:30:50.623Z,5.6165,5.6433,340,189,47.6
2026-03-09 13:30:51.686Z,5.6204,5.6410,216,159,36.6
2026-03-09 13:30:52.506Z,5.6246,5.6438,196,203,34.1
2026-03-09 13:30:53.448Z,5.6277,5.6451,301,182,30.9
2026-03-09 13:30:54.857Z,5.6291,5.6519,146,100,40.4
2026-03-09 13:30:55.048Z,5.6334,5.6510,147,107,31.2
2026-03-09 13:30:56.509Z,5.6323,5.6553,299,118,40.8
2026-03-09 13:30:57.122Z,5.6349,5.6605,221,172,45.3
2026-03-09 13:30:58.658Z,5.6362,5.6596,355,200,41.4
2026-03-09 13:30:59.069Z,5.6366,5.6594,245,100,40.4
2026-03-09 13:31:00.448Z,5.6229,5.6417,100,100,33.4
2026-03-09 13:31:01.058Z,5.6242,5.6412,100,100,30.2
2026-03-09 13:31:02.067Z,5.6220,5.6438,100,100,38.7
2026-03-09 13:31:03.888Z,5.6214,5.6410,100,100,34.8
2026-03-09 13:31:04.569Z,5.6239,5.6405,100,100,29.5
2026-03-09 13:31:05.231Z,5.6214,5.6428,100,100,38.0
2026-03-09 13:31:06.257Z,5.6239,5.6405,100,100,29.5
2026-03-09 13:31:07.090Z,5.6209,5.6451,100,100,43.0
2026-03-09 13:31:08.325Z,5.6243,5.6411,100,100,29.8
2026-03-09 13:31:09.787Z,5.6220,5.6404,100,100,32.7
2026-03-09 13:31:10.834Z,5.6221,5.6429,100,100,36.9
2026-03-09 13:31:11.435Z,5.6233,5.6413,100,100,32.0
2026-03-09 13:31:12.362Z,5.6217,5.6401,100,170,32.7
2026-03-09 13:31:13.895Z,5.6229,5.6435,100,100,36.6
2026-03-09 13:31:14.021Z,5.6231,5.6431,100,100,35.5
2026-03-09 13:31:15.488Z,5.6192,5.6428,100,100,41.9
2026-03-09 13:31:16.026Z,5.6210,5.6408,100,100,35.2
2026-03-09 13:31:17.684Z,5.6223,5.6407,147,100,32.7
2026-03-09 13:31:18.775Z,5.6241,5.6409,116,100,29.8
2026-03-09 13:31:19.125Z,5.6226,5.6430,100,100,36.2
2026-03-09 13:31:20.403Z,5.6208,5.6384,100,100,31.3
2026-03-09 13:31:21.392Z,5.6171,5.6393,100,100,39.4
2026-03-09 13:31:22.611Z,5.6159,5.6389,100,100,40.9
2026-03-09 13:31:23.831Z,5.6131,5.6351,100,100,39.1
2026-03-09 13:31:24.656Z,5.6141,5.6339,100,100,35.2
2026-03-09 13:31:25.869Z,5.6097,5.6329,100,100,41.3
2026-03-09 13:31:26.005Z,5.6064,5.6270,100,100,36.7
2026-03-09 13:31:27.891Z,5.6018,5.6254,100,100,42.0
2026-03-09 13:31:28.066Z,5.5985,5.6223,100,100,42.4
2026-03-09 13:31:29.036Z,5.5979,5.6167,100,100,33.5
2026-03-09 13:31:30.531Z,5.5932,5.6154,100,100,39.6
2026-03-09 13:31:31.879Z,5.5896,5.6124,100,100,40.7
2026-03-09 13:31:32.646Z,5.5899,5.6107,100,100,37.1
2026-03-09 13:31:33.323Z,5.5858,5.6096,100,100,42.5
2026-03-09 13:31:34.164Z,5.5841,5.6081,100,100,42.9
2026-03-09 13:31:35.874Z,5.5837,5.6039,100,100,36.1
2026-03-09 13:31:36.700Z,5.5811,5.6009,100,100,35.4
2026-03-09 13:31:37.378Z,5.5808,5.6006,100,154,35.4
2026-03-09 13:31:38.318Z,5.5802,5.6008,100,100,36.8
2026-03-09 13:31:39.458Z,5.5782,5.6020,100,173,42.6
2026-03-09 13:31:40.230Z,5.5795,5.6039,100,100,43.6
2026-03-09 13:31:41.625Z,5.5807,5.6055,100,100,44.3
2026-03-09 13:31:42.539Z,5.5849,5.6053,100,100,36.5
2026-03-09 13:31:43.364Z,5.5877,5.6043,100,100,29.7
2026-03-09 13:31:44.823Z,5.5862,5.6072,100,100,37.5
2026-03-09 13:31:45.556Z,5.5853,5.6093,100,100,42.9
2026-03-09 13:31:46.023Z,5.5872,5.6106,100,100,41.8
2026-03-09 13:31:47.757Z,5.5904,5.6066,100,118,28.9
2026-03-09 13:31:48.378Z,5.5887,5.6087,100,100,35.7
2026-03-09 13:31:49.838Z,5.5894,5.6126,100,100,41.4
2026-03-09 13:31:50.423Z,5.5935,5.6111,100,100,31.4
2026-03-09 13:31:51.605Z,5.5903,5.6119,100,100,38.6
2026-03-09 13:31:52.676Z,5.5920,5.6128,111,100,37.1
2026-03-09 13:31:53.702Z,5.5929,5.6165,100,100,42.1
2026-03-09 13:31:54.356Z,5.5944,5.6196,100,100,44.9
2026-03-09 13:31:55.377Z,5.5968,5.6194,100,100,40.3
2026-03-09 13:31:56.783Z,5.5977,5.6173,100,100,35.0
2026-03-09 13:31:57.799Z,5.6010,5.6184,100,100,31.0
2026-03-09 13:31:58.206Z,5.5988,5.6192,100,100,36.4
2026-03-09 13:31:59.822Z,5.5997,5.6203,100,100,36.7
2026-03-09 13:32:00.136Z,5.6006,5.6244,100,100,42.4
2026-03-09 13:32:01.334Z,5.6023,5.6253,100,100,41.0
2026-03-09 13:32:02.126Z,5.5996,5.6236,100,100,42.8
2026-03-09 13:32:03.094Z,5.6019,5.6231,100,100,37.8
2026-03-09 13:32:04.808Z,5.6031,5.6237,100,100,36.7
2026-03-09 13:32:05.524Z,5.6008,5.6214,100,100,36.7
2026-03-09 13:32:06.406Z,5.6010,5.6250,100,100,42.8
2026-03-09 13:32:07.369Z,5.6041,5.6209,100,100,29.9
2026-03-09 13:32:08.766Z,5.6048,5.6226,100,100,31.7
2026-03-09 13:32:09.541Z,5.6003,5.6247,100,100,43.5
2026-03-09 13:32:10.402Z,5.6027,5.6217,100,100,33.9
2026-03-09 13:32:11.568Z,5.6039,5.6231,100,100,34.2
2026-03-09 13:32:12.839Z,5.6007,5.6215,100,100,37.1
2026-03-09 13:32:13.256Z,5.6000,5.6240,100,100,42.8
2026-03-09 13:32:14.026Z,5.6024,5.6232,100,100,37.1
2026-03-09 13:32:15.673Z,5.6038,5.6216,100,100,31.7
2026-03-09 13:32:16.560Z,5.6025,5.6247,100,100,39.5
2026-03-09 13:32:17.075Z,5.6029,5.6239,100,100,37.4
2026-03-09 13:32:18.066Z,5.6022,5.6240,100,100,38.8
2026-03-09 13:32:19.359Z,5.6034,5.6214,100,100,32.1
2026-03-09 13:32:20.611Z,5.6004,5.6236,100,100,41.3
2026-03-09 13:32:21.815Z,5.5968,5.6212,100,100,43.5
2026-03-09 13:32:22.380Z,5.5969,5.6203,100,100,41.7
2026-03-09 13:32:23.202Z,5.5994,5.6172,100,100,31.7
2026-03-09 13:32:24.610Z,5.5939,5.6173,100,100,41.7
2026-03-09 13:32:25.283Z,5.5930,5.6144,100,100,38.2
2026-03-09 13:32:26.478Z,5.5896,5.6122,100,100,40.4
2026-03-09 13:32:27.683Z,5.5874,5.6118,100,100,43.6
2026-03-09 13:32:28.227Z,5.5870,5.6080,100,100,37.5
2026-03-09 13:32:29.150Z,5.5805,5.6063,100,100,46.1
2026-03-09 13:32:30.166Z,5.5826,5.6012,100,100,33.3
2026-03-09 13:32:31.848Z,5.5782,5.5990,100,100,37.2
2026-03-09 13:32:32.308Z,5.5757,5.6001,100,100,43.7
2026-03-09 13:32:33.698Z,5.5731,5.5973,100,100,43.3
2026-03-09 13:32:34.233Z,5.5714,5.5948,100,100,41.9
2026-03-09 13:32:35.155Z,5.5754,5.5916,100,100,29.0
2026-03-09 13:32:36.345Z,5.5696,5.5912,100,100,38.7
2026-03-09 13:32:37.257Z,5.5672,5.5908,100,100,42.3
2026-03-09 13:32:38.317Z,5.5706,5.5870,100,100,29.4
2026-03-09 13:32:39.228Z,5.5698,5.5878,100,100,32.3
2026-03-09 13:32:40.296Z,5.5721,5.5891,100,100,30.5
2026-03-09 13:32:41.363Z,5.5703,5.5893,100,100,34.1
2026-03-09 13:32:42.842Z,5.5723,5.5905,100,100,32.6
2026-03-09 13:32:43.755Z,5.5713,5.5947,100,100,41.9
2026-03-09 13:32:44.842Z,5.5722,5.5916,100,100,34.8
2026-03-09 13:32:45.202Z,5.5712,5.5956,100,100,43.7
2026-03-09 13:32:46.819Z,5.5723,5.5953,100,100,41.2
2026-03-09 13:32:47.313Z,5.5730,5.5966,100,100,42.3
2026-03-09 13:32:48.853Z,5.5715,5.5941,100,100,40.5
2026-03-09 13:32:49.142Z,5.5753,5.5933,100,100,32.2
2026-03-09 13:32:50.389Z,5.5712,5.5944,100,100,41.6
2026-03-09 13:32:51.870Z,5.5749,5.5911,100,100,29.0
2026-03-09 13:32:52.418Z,5.5689,5.5933,100,100,43.7
2026-03-09 13:32:53.074Z,5.5721,5.5913,100,100,34.4
2026-03-09 13:32:54.864Z,5.5737,5.5899,100,100,29.0
2026-03-09 13:32:55.213Z,5.5671,5.5921,100,100,44.8
2026-03-09 13:32:56.054Z,5.5698,5.5914,100,100,38.7
2026-03-09 13:32:57.093Z,5.5690,5.5902,100,100,38.0
2026-03-09 13:32:58.303Z,5.5722,5.5900,100,100,31.9
2026-03-09 13:32:59.033Z,5.5698,5.5902,100,100,36.6
2026-03-09 13:33:00.817Z,5.5715,5.5885,100,100,30.5
2026-03-09 13:33:01.185Z,5.5678,5.5918,100,100,43.0
2026-03-09 13:33:02.278Z,5.5721,5.5903,100,100,32.6
2026-03-09 13:33:03.166Z,5.5697,5.5899,100,100,36.2
2026-03-09 13:33:04.363Z,5.5701,5.5889,100,100,33.7
2026-03-09 13:33:05.066Z,5.5687,5.5923,100,100,42.3
2026-03-09 13:33:06.871Z,5.5682,5.5900,100,100,39.1
2026-03-09 13:33:07.853Z,5.5715,5.5901,100,100,33.3
2026-03-09 13:33:08.016Z,5.5672,5.5900,100,100,40.9
2026-03-09 13:33:09.800Z,5.5677,5.5895,100,100,39.1
2026-03-09 13:33:10.636Z,5.5708,5.5888,100,100,32.3
2026-03-09 13:33:11.516Z,5.5702,5.5906,160,100,36.6
2026-03-09 13:33:12.287Z,5.5709,5.5893,100,100,33.0
2026-03-09 13:33:13.599Z,5.5692,5.5926,100,100,41.9
2026-03-09 13:33:14.854Z,5.5726,5.5888,100,100,29.0
2026-03-09 13:33:15.637Z,5.5687,5.5897,100,100,37.6
2026-03-09 13:33:16.310Z,5.5692,5.5936,100,100,43.7
2026-03-09 13:33:17.709Z,5.5710,5.5908,100,100,35.5
2026-03-09 13:33:18.393Z,5.5703,5.5897,100,100,34.8
2026-03-09 13:33:19.664Z,5.5693,5.5907,100,100,38.4
2026-03-09 13:33:20.018Z,5.5719,5.5923,100,100,36.5
2026-03-09 13:33:21.619Z,5.5732,5.5898,100,100,29.7
2026-03-09 13:33:22.043Z,5.5735,5.5955,100,100,39.4
2026-03-09 13:33:23.395Z,5.5760,5.5988,100,100,40.8
2026-03-09 13:33:24.193Z,5.5785,5.5999,100,100,38.3
2026-03-09 13:33:25.527Z,5.5787,5.6019,100,100,41.5
2026-03-09 13:33:26.035Z,5.5838,5.6060,100,100,39.7
2026-03-09 13:33:27.822Z,5.5856,5.6090,100,100,41.8
2026-03-09 13:33:28.658Z,5.5890,5.6124,100,100,41.8
2026-03-09 13:33:29.786Z,5.5917,5.6133,100,100,38.6
2026-03-09 13:33:30.067Z,5.5966,5.6170,100,100,36.4
2026-03-09 13:33:31.412Z,5.5976,5.6208,100,100,41.4
2026-03-09 13:33:32.768Z,5.6005,5.6241,100,100,42.1
2026-03-09 13:33:33.504Z,5.6015,5.6263,100,100,44.2
2026-03-09 13:33:34.609Z,5.6054,5.6236,100,100,32.4
2026-03-09 13:33:35.467Z,5.6070,5.6286,100,100,38.4
2026-03-09 13:33:36.895Z,5.6088,5.6258,100,100,30.3
2026-03-09 13:33:37.669Z,5.6105,5.6279,100,100,31.0
2026-03-09 13:33:38.164Z,5.6084,5.6330,100,100,43.8
2026-03-09 13:33:39.003Z,5.6098,5.6322,100,100,39.9
2026-03-09 13:33:40.804Z,5.6089,5.6315,100,100,40.2
2026-03-09 13:33:41.741Z,5.6062,5.6290,100,100,40.6
2026-03-09 13:33:42.873Z,5.6088,5.6268,100,100,32.0
2026-03-09 13:33:43.683Z,5.6054,5.6254,100,100,35.6
2026-03-09 13:33:44.429Z,5.6065,5.6245,100,100,32.1
2026-03-09 13:33:45.642Z,5.6042,5.6254,100,100,37.8
2026-03-09 13:33:46.674Z,5.6044,5.6252,100,100,37.0
2026-03-09 13:33:47.207Z,5.6068,5.6232,100,100,29.2
2026-03-09 13:33:48.062Z,5.6001,5.6245,100,100,43.5
2026-03-09 13:33:49.846Z,5.5992,5.6234,100,100,43.1
2026-03-09 13:33:50.579Z,5.6008,5.6210,100,100,36.0
2026-03-09 13:33:51.581Z,5.5961,5.6211,100,100,44.6
2026-03-09 13:33:52.191Z,5.5959,5.6169,100,100,37.5
2026-03-09 13:33:53.331Z,5.5954,5.6166,100,100,37.8
2026-03-09 13:33:54.656Z,5.5965,5.6133,100,100,30.0
2026-03-09 13:33:55.547Z,5.5920,5.6138,100,100,38.9
2026-03-09 13:33:56.681Z,5.5943,5.6117,100,100,31.1
2026-03-09 13:33:57.215Z,5.5872,5.6126,100,100,45.4
2026-03-09 13:33:58.252Z,5.5915,5.6107,100,100,34.3
2026-03-09 13:33:59.514Z,5.5907,5.6093,100,100,33.2
2026-03-09 13:34:00.084Z,5.5794,5.6006,100,100,37.9
2026-03-09 13:34:01.215Z,5.5775,5.5999,100,100,40.1
2026-03-09 13:34:02.381Z,5.5791,5.5987,100,100,35.1
2026-03-09 13:34:03.861Z,5.5815,5.5991,100,100,31.5
2026-03-09 13:34:04.845Z,5.5815,5.5981,100,100,29.7
2026-03-09 13:34:05.705Z,5.5782,5.6022,100,100,42.9
2026-03-09 13:34:06.893Z,5.5810,5.6002,100,100,34.3
2026-03-09 13:34:07.717Z,5.5817,5.6005,100,100,33.6
2026-03-09 13:34:08.775Z,5.5790,5.5986,100,100,35.1
2026-03-09 13:34:09.370Z,5.5786,5.6026,100,100,42.9
2026-03-09 13:34:10.067Z,5.5795,5.6015,100,100,39.4
2026-03-09 13:34:11.032Z,5.5788,5.6012,100,100,40.1
2026-03-09 13:34:12.240Z,5.5770,5.6004,100,100,41.9
2026-03-09 13:34:13.037Z,5.5802,5.5972,100,100,30.4
2026-03-09 13:34:14.570Z,5.5781,5.6017,100,100,42.2
2026-03-09 13:34:15.553Z,5.5796,5.6024,100,100,40.8
2026-03-09 13:34:16.818Z,5.5779,5.6003,100,100,40.1
2026-03-09 13:34:17.217Z,5.5793,5.6003,100,100,37.6
2026-03-09 13:34:18.018Z,5.5788,5.6008,100,100,39.4
2026-03-09 13:34:19.028Z,5.5792,5.5988,100,100,35.1
2026-03-09 13:34:20.252Z,5.5808,5.5996,100,100,33.6
2026-03-09 13:34:21.196Z,5.5779,5.5995,100,100,38.6
2026-03-09 13:34:22.236Z,5.5777,5.5995,100,100,39.0
2026-03-09 13:34:23.539Z,5.5739,5.5989,100,100,44.8
2026-03-09 13:34:24.419Z,5.5749,5.5935,100,100,33.3
2026-03-09 13:34:25.798Z,5.5750,5.5946,100,100,35.1
2026-03-09 13:34:26.195Z,5.5693,5.5945,100,100,45.1
2026-03-09 13:34:27.560Z,5.5743,5.5913,100,100,30.5
2026-03-09 13:34:28.571Z,5.5685,5.5907,100,100,39.8
2026-03-09 13:34:29.277Z,5.5675,5.5881,100,100,36.9
2026-03-09 13:34:30.064Z,5.5659,5.5873,100,100,38.4
2026-03-09 13:34:31.064Z,5.5639,5.5853,100,100,38.4
2026-03-09 13:34:32.722Z,5.5640,5.5848,100,100,37.3
2026-03-09 13:34:33.285Z,5.5635,5.5859,100,100,40.2
2026-03-09 13:34:34.469Z,5.5596,5.5838,100,100,43.4
2026-03-09 13:34:35.817Z,5.5614,5.5786,100,100,30.9
2026-03-09 13:34:36.387Z,5.5623,5.5801,100,100,32.0
2026-03-09 13:34:37.551Z,5.5583,5.5823,100,100,43.1
2026-03-09 13:34:38.059Z,5.5616,5.5802,100,100,33.4
2026-03-09 13:34:39.038Z,5.5587,5.5805,100,100,39.1
2026-03-09 13:34:40.473Z,5.5612,5.5804,100,100,34.5
2026-03-09 13:34:41.221Z,5.5622,5.5790,100,100,30.2
2026-03-09 13:34:42.001Z,5.5615,5.5835,100,100,39.5
2026-03-09 13:34:43.578Z,5.5608,5.5830,100,100,39.8
2026-03-09 13:34:44.343Z,5.5624,5.5830,100,100,37.0
2026-03-09 13:34:45.218Z,5.5637,5.5813,100,100,31.6
2026-03-09 13:34:46.249Z,5.5636,5.5810,100,100,31.2
2026-03-09 13:34:47.089Z,5.5624,5.5850,100,100,40.5
2026-03-09 13:34:48.470Z,5.5617,5.5813,100,100,35.2
2026-03-09 13:34:49.393Z,5.5614,5.5826,100,100,38.0
2026-03-09 13:34:50.282Z,5.5602,5.5822,100,100,39.5
2026-03-09 13:34:51.891Z,5.5607,5.5829,100,100,39.8
2026-03-09 13:34:52.060Z,5.5600,5.5832,100,100,41.6
2026-03-09 13:34:53.762Z,5.5589,5.5811,100,100,39.9
2026-03-09 13:34:54.823Z,5.5609,5.5833,100,100,40.2
2026-03-09 13:34:55.053Z,5.5612,5.5794,100,100,32.7
2026-03-09 13:34:56.569Z,5.5611,5.5781,100,100,30.5
2026-03-09 13:34:57.524Z,5.5585,5.5831,100,100,44.2
2026-03-09 13:34:58.336Z,5.5588,5.5818,100,100,41.3
2026-03-09 13:34:59.574Z,5.5600,5.5800,100,100,35.9
2026-03-09 13:35:00.503Z,5.5686,5.5914,100,100,40.9
2026-03-09 13:35:01.484Z,5.5691,5.5899,100,100,37.3
2026-03-09 13:35:02.498Z,5.5688,5.5888,100,100,35.9
2026-03-09 13:35:03.440Z,5.5688,5.5920,100,100,41.6
2026-03-09 13:35:04.119Z,5.5697,5.5885,100,100,33.7
2026-03-09 13:35:05.129Z,5.5695,5.5915,100,100,39.4
2026-03-09 13:35:06.100Z,5.5687,5.5887,100,100,35.9
2026-03-09 13:35:07.415Z,5.5725,5.5897,100,100,30.8
2026-03-09 13:35:08.180Z,5.5721,5.5897,100,100,31.5
2026-03-09 13:35:09.603Z,5.5722,5.5900,100,100,31.9
2026-03-09 13:35:10.399Z,5.5720,5.5888,100,100,30.1
2026-03-09 13:35:11.254Z,5.5718,5.5892,100,100,31.2
2026-03-09 13:35:12.794Z,5.5702,5.5910,100,100,37.3
2026-03-09 13:35:13.148Z,5.5715,5.5911,100,100,35.1
2026-03-09 13:35:14.415Z,5.5699,5.5899,100,100,35.8
2026-03-09 13:35:15.854Z,5.5665,5.5909,100,100,43.7
2026-03-09 13:35:16.844Z,5.5719,5.5889,100,100,30.5
2026-03-09 13:35:17.048Z,5.5723,5.5899,100,100,31.5
2026-03-09 13:35:18.252Z,5.5722,5.5898,100,100,31.5
2026-03-09 13:35:19.544Z,5.5697,5.5899,100,100,36.2
2026-03-09 13:35:20.238Z,5.5683,5.5893,100,100,37.6
2026-03-09 13:35:21.024Z,5.5709,5.5903,100,100,34.8
2026-03-09 13:35:22.296Z,5.5681,5.5895,100,100,38.4
2026-03-09 13:35:23.752Z,5.5708,5.5868,100,100,28.7
2026-03-09 13:35:24.001Z,5.5690,5.5888,100,100,35.5
2026-03-09 13:35:25.241Z,5.5708,5.5890,100,100,32.6
2026-03-09 13:35:26.452Z,5.5690,5.5900,100,100,37.6
2026-03-09 13:35:27.347Z,5.5702,5.5874,100,100,30.8
2026-03-09 13:35:28.652Z,5.5707,5.5897,100,100,34.0
2026-03-09 13:35:29.648Z,5.5725,5.5897,100,100,30.8
2026-03-09 13:35:30.538Z,5.5695,5.5907,100,100,38.0
2026-03-09 13:35:31.708Z,5.5704,5.5914,100,100,37.6
2026-03-09 13:35:32.720Z,5.5681,5.5895,100,100,38.4
2026-03-09 13:35:33.658Z,5.5724,5.5898,100,100,31.2
2026-03-09 13:35:34.654Z,5.5692,5.5888,100,100,35.1
2026-03-09 13:35:35.627Z,5.5695,5.5883,100,100,33.7
2026-03-09 13:35:36.142Z,5.5718,5.5896,100,100,31.9
2026-03-09 13:35:37.820Z,5.5690,5.5928,100,100,42.6
2026-03-09 13:35:38.729Z,5.5704,5.5892,100,100,33.7
2026-03-09 13:35:39.175Z,5.5710,5.5878,100,100,30.1
2026-03-09 13:35:40.606Z,5.5671,5.5911,100,100,43.0
2026-03-09 13:35:41.237Z,5.5689,5.5935,100,100,44.1
2026-03-09 13:35:42.395Z,5.5718,5.5888,100,100,30.5
2026-03-09 13:35:43.613Z,5.5709,5.5889,100,100,32.3
2026-03-09 13:35:44.690Z,5.5679,5.5905,100,100,40.5
2026-03-09 13:35:45.385Z,5.5710,5.5912,100,100,36.2
2026-03-09 13:35:46.557Z,5.5702,5.5892,100,100,34.1
2026-03-09 13:35:47.166Z,5.5699,5.5883,100,100,33.0
2026-03-09 13:35:48.899Z,5.5678,5.5904,100,100,40.5
2026-03-09 13:35:49.657Z,5.5701,5.5897,100,100,35.1
2026-03-09 13:35:50.873Z,5.5698,5.5908,100,100,37.6
2026-03-09 13:35:51.816Z,5.5677,5.5919,100,100,43.4
2026-03-09 13:35:52.775Z,5.5682,5.5922,100,100,43.0
2026-03-09 13:35:53.127Z,5.5699,5.5891,100,100,34.4
2026-03-09 13:35:54.383Z,5.5709,5.5901,100,100,34.4
2026-03-09 13:35:55.843Z,5.5687,5.5899,100,100,38.0
2026-03-09 13:35:56.021Z,5.5684,5.5904,100,100,39.4
2026-03-09 13:35:57.021Z,5.5720,5.5906,100,100,33.3
2026-03-09 13:35:58.182Z,5.5695,5.5907,100,100,38.0
2026-03-09 13:35:59.018Z,5.5688,5.5912,100,100,40.1
2026-03-09 13:36:00.382Z,5.5417,5.5583,2756,2290,29.9
2026-03-09 13:36:01.077Z,5.5402,5.5592,1070,1965,34.2
2026-03-09 13:36:02.427Z,5.5400,5.5590,966,3416,34.2
2026-03-09 13:36:03.402Z,5.5384,5.5622,2083,1821,42.9
2026-03-09 13:36:04.300Z,5.5396,5.5614,3072,1331,39.3
2026-03-09 13:36:05.719Z,5.5412,5.5614,2037,1070,36.4
2026-03-09 13:36:06.758Z,5.5375,5.5609,1011,1681,42.2
2026-03-09 13:36:07.364Z,5.5394,5.5622,2732,968,41.1
2026-03-09 13:36:08.726Z,5.5389,5.5601,1096,1979,38.2
2026-03-09 13:36:09.098Z,5.5381,5.5593,745,1303,38.2
2026-03-09 13:36:10.622Z,5.5369,5.5609,2714,1587,43.3
2026-03-09 13:36:11.643Z,5.5415,5.5595,4552,4410,32.4
2026-03-09 13:36:12.553Z,5.5417,5.5595,2634,1731,32.1
2026-03-09 13:36:13.635Z,5.5366,5.5612,3680,6696,44.3
2026-03-09 13:36:14.642Z,5.5416,5.5586,1661,599,30.6
2026-03-09 13:36:15.696Z,5.5419,5.5593,2050,1245,31.3
2026-03-09 13:36:16.180Z,5.5397,5.5583,622,2505,33.5
2026-03-09 13:36:17.761Z,5.5382,5.5616,3469,1517,42.2
2026-03-09 13:36:18.214Z,5.5410,5.5610,3224,1042,36.0
2026-03-09 13:36:19.531Z,5.5374,5.5566,1114,2439,34.6
2026-03-09 13:36:20.135Z,5.5281,5.5525,1076,1962,44.0
2026-03-09 13:36:21.561Z,5.5197,5.5399,678,1076,36.5
2026-03-09 13:36:22.509Z,5.5035,5.5315,768,1320,50.7
2026-03-09 13:36:23.344Z,5.4897,5.5139,527,932,44.0
2026-03-09 13:36:24.754Z,5.4696,5.4978,1016,1607,51.4
2026-03-09 13:36:25.245Z,5.4495,5.4761,832,1423,48.7
2026-03-09 13:36:26.525Z,5.4300,5.4550,735,1409,45.9
2026-03-09 13:36:27.526Z,5.4064,5.4396,871,1253,61.2
2026-03-09 13:36:28.760Z,5.3851,5.4141,809,2863,53.7
2026-03-09 13:36:29.512Z,5.3625,5.3951,406,771,60.6
2026-03-09 13:36:30.372Z,5.3410,5.3734,941,1934,60.5
2026-03-09 13:36:31.652Z,5.3185,5.3533,494,2041,65.2
2026-03-09 13:36:32.392Z,5.3040,5.3294,1002,1219,47.8
2026-03-09 13:36:33.437Z,5.2855,5.3121,890,1486,50.2
2026-03-09 13:36:34.534Z,5.2713,5.2979,583,1921,50.3
2026-03-09 13:36:35.500Z,5.2581,5.2819,594,1085,45.2
2026-03-09 13:36:36.534Z,5.2452,5.2738,711,1103,54.4
2026-03-09 13:36:37.861Z,5.2422,5.2644,2679,6349,42.3
2026-03-09 13:36:38.679Z,5.2377,5.2619,2827,2694,46.1
2026-03-09 13:36:39.628Z,5.2413,5.2601,5161,1929,35.8
2026-03-09 13:36:40.245Z,5.2475,5.2685,2625,1353,39.9
2026-03-09 13:36:41.864Z,5.2575,5.2819,1891,620,46.3
2026-03-09 13:36:42.488Z,5.2708,5.2916,1209,1006,39.4
2026-03-09 13:36:43.543Z,5.2798,5.3066,1194,690,50.6
2026-03-09 13:36:44.076Z,5.2918,5.3192,1582,1033,51.6
2026-03-09 13:36:45.726Z,5.3007,5.3243,1394,1352,44.4
2026-03-09 13:36:46.240Z,5.3064,5.3258,3532,1855,36.5
2026-03-09 13:36:47.337Z,5.3078,5.3314,3574,2026,44.4
2026-03-09 13:36:48.546Z,5.3115,5.3343,1953,717,42.8
2026-03-09 13:36:49.664Z,5.3173,5.3395,1197,900,41.7
2026-03-09 13:36:50.114Z,5.3261,5.3521,1462,1197,48.7
2026-03-09 13:36:51.592Z,5.3338,5.3592,2223,1369,47.5
2026-03-09 13:36:52.410Z,5.3472,5.3692,1696,573,41.1
2026-03-09 13:36:53.283Z,5.3564,5.3824,971,646,48.4
2026-03-09 13:36:54.800Z,5.3687,5.3883,1811,908,36.4
2026-03-09 13:36:55.412Z,5.3788,5.3994,2183,1501,38.2
2026-03-09 13:36:56.337Z,5.3860,5.4088,1993,866,42.2
2026-03-09 13:36:57.640Z,5.3902,5.4178,2899,945,51.1
2026-03-09 13:36:58.630Z,5.3993,5.4201,1209,1140,38.4
2026-03-09 13:36:59.439Z,5.3991,5.4209,1785,1174,40.3
2026-03-09 13:37:00.189Z,5.4067,5.4233,185,236,30.7
2026-03-09 13:37:01.637Z,5.4036,5.4232,349,369,36.2
2026-03-09 13:37:02.140Z,5.4043,5.4221,147,220,32.9
2026-03-09 13:37:03.199Z,5.3988,5.4210,322,755,41.0
2026-03-09 13:37:04.097Z,5.3961,5.4197,199,268,43.6
2026-03-09 13:37:05.650Z,5.3954,5.4136,283,519,33.7
2026-03-09 13:37:06.649Z,5.3903,5.4145,100,203,44.8
2026-03-09 13:37:07.152Z,5.3905,5.4091,236,320,34.4
2026-03-09 13:37:08.732Z,5.3861,5.4069,257,272,38.5
2026-03-09 13:37:09.108Z,5.3814,5.4042,162,320,42.3
2026-03-09 13:37:10.810Z,5.3807,5.4039,188,455,43.0
2026-03-09 13:37:11.369Z,5.3820,5.3998,641,1029,33.0
2026-03-09 13:37:12.552Z,5.3797,5.4007,283,1092,39.0
2026-03-09 13:37:13.261Z,5.3810,5.3982,428,1113,31.9
2026-03-09 13:37:14.027Z,5.3798,5.4028,246,100,42.7
2026-03-09 13:37:15.644Z,5.3848,5.4020,366,160,31.9
2026-03-09 13:37:16.102Z,5.3835,5.4057,506,396,41.2
2026-03-09 13:37:17.773Z,5.3870,5.4066,268,169,36.3
2026-03-09 13:37:18.018Z,5.3861,5.4053,140,379,35.6
2026-03-09 13:37:19.215Z,5.3886,5.4074,584,322,34.8
2026-03-09 13:37:20.011Z,5.3925,5.4101,275,133,32.6
2026-03-09 13:37:21.130Z,5.3932,5.4134,317,126,37.4
2026-03-09 13:37:22.331Z,5.3996,5.4206,202,150,38.8
2026-03-09 13:37:23.834Z,5.4066,5.4268,232,190,37.3
2026-03-09 13:37:24.872Z,5.4115,5.4381,208,219,49.0
2026-03-09 13:37:25.623Z,5.4203,5.4437,252,147,43.1
2026-03-09 13:37:26.444Z,5.4299,5.4523,207,203,41.2
2026-03-09 13:37:27.075Z,5.4384,5.4598,108,120,39.3
2026-03-09 13:37:28.404Z,5.4444,5.4726,178,106,51.7
2026-03-09 13:37:29.693Z,5.4528,5.4816,221,100,52.7
2026-03-09 13:37:30.062Z,5.4628,5.4908,234,100,51.1
2026-03-09 13:37:31.216Z,5.4714,5.4992,351,138,50.7
2026-03-09 13:37:32.606Z,5.4801,5.5043,260,146,44.1
2026-03-09 13:37:33.082Z,5.4908,5.5104,281,210,35.6
2026-03-09 13:37:34.634Z,5.4963,5.5143,232,183,32.7
2026-03-09 13:37:35.111Z,5.5002,5.5236,271,100,42.5
2026-03-09 13:37:36.662Z,5.5039,5.5293,259,124,46.0
2026-03-09 13:37:37.600Z,5.5090,5.5288,385,277,35.9
2026-03-09 13:37:38.199Z,5.5089,5.5303,298,367,38.8
2026-03-09 13:37:39.780Z,5.5116,5.5294,835,483,32.2
2026-03-09 13:37:40.679Z,5.5072,5.5282,336,614,38.1
2026-03-09 13:37:41.052Z,5.5056,5.5258,100,180,36.6
2026-03-09 13:37:42.657Z,5.5005,5.5257,107,296,45.7
2026-03-09 13:37:43.740Z,5.4984,5.5226,125,257,43.9
2026-03-09 13:37:44.668Z,5.4955,5.5205,126,256,45.4
2026-03-09 13:37:45.062Z,5.4933,5.5185,173,327,45.8
2026-03-09 13:37:46.855Z,5.4923,5.5161,137,362,43.2
2026-03-09 13:37:47.252Z,5.4958,5.5124,206,768,30.2
2026-03-09 13:37:48.244Z,5.4947,5.5129,149,265,33.1
2026-03-09 13:37:49.228Z,5.4936,5.5118,100,195,33.1
2026-03-09 13:37:50.029Z,5.4912,5.5154,258,177,44.0
2026-03-09 13:37:51.734Z,5.4915,5.5103,171,306,34.2
2026-03-09 13:37:52.054Z,5.4864,5.5102,243,606,43.3
2026-03-09 13:37:53.790Z,5.4859,5.5081,259,327,40.4
2026-03-09 13:37:54.683Z,5.4840,5.5066,102,302,41.1
2026-03-09 13:37:55.444Z,5.4829,5.5069,178,330,43.7
2026-03-09 13:37:56.760Z,5.4803,5.5041,146,585,43.3
2026-03-09 13:37:57.880Z,5.4826,5.5018,306,324,35.0
2026-03-09 13:37:58.063Z,5.4786,5.5002,198,281,39.3
2026-03-09 13:37:59.420Z,5.4793,5.5007,352,243,39.0
2026-03-09 13:38:00.812Z,5.4718,5.4882,100,100,29.9
2026-03-09 13:38:01.613Z,5.4699,5.4893,100,100,35.4
2026-03-09 13:38:02.878Z,5.4700,5.4914,100,100,39.0
2026-03-09 13:38:03.201Z,5.4712,5.4878,100,100,30.3
2026-03-09 13:38:04.196Z,5.4720,5.4886,100,100,30.3
2026-03-09 13:38:05.739Z,5.4717,5.4887,100,100,31.0
2026-03-09 13:38:06.663Z,5.4724,5.4900,100,100,32.1
2026-03-09 13:38:07.262Z,5.4702,5.4890,100,100,34.3
2026-03-09 13:38:08.899Z,5.4724,5.4896,100,100,31.4
2026-03-09 13:38:09.293Z,5.4690,5.4922,100,100,42.3
2026-03-09 13:38:10.371Z,5.4678,5.4904,100,100,41.2
2026-03-09 13:38:11.787Z,5.4709,5.4887,100,100,32.5
2026-03-09 13:38:12.507Z,5.4701,5.4911,100,100,38.3
2026-03-09 13:38:13.756Z,5.4709,5.4879,100,103,31.0
2026-03-09 13:38:14.870Z,5.4699,5.4911,100,100,38.7
2026-03-09 13:38:15.125Z,5.4722,5.4884,100,100,29.6
2026-03-09 13:38:16.861Z,5.4691,5.4923,100,100,42.3
2026-03-09 13:38:17.023Z,5.4694,5.4910,100,100,39.4
2026-03-09 13:38:18.089Z,5.4680,5.4918,100,100,43.4
2026-03-09 13:38:19.388Z,5.4670,5.4888,100,100,39.8
2026-03-09 13:38:20.245Z,5.4670,5.4854,100,100,33.6
2026-03-09 13:38:21.756Z,5.4634,5.4854,100,100,40.2
2026-03-09 13:38:22.782Z,5.4607,5.4789,100,100,33.3
2026-03-09 13:38:23.624Z,5.4572,5.4752,100,100,32.9
2026-03-09 13:38:24.154Z,5.4519,5.4751,100,100,42.5
2026-03-09 13:38:25.007Z,5.4422,5.4696,100,100,50.2
2026-03-09 13:38:26.499Z,5.4413,5.4625,100,100,38.9
2026-03-09 13:38:27.667Z,5.4344,5.4560,100,100,39.7
2026-03-09 13:38:28.348Z,5.4301,5.4521,100,100,40.4
2026-03-09 13:38:29.052Z,5.4220,5.4488,100,100,49.3
2026-03-09 13:38:30.332Z,5.4178,5.4384,100,100,38.0
2026-03-09 13:38:31.503Z,5.4133,5.4325,100,100,35.4
2026-03-09 13:38:32.862Z,5.4069,5.4287,100,100,40.2
2026-03-09 13:38:33.406Z,5.4001,5.4263,100,100,48.4
2026-03-09 13:38:34.334Z,5.3977,5.4223,100,100,45.5
2026-03-09 13:38:35.615Z,5.3958,5.4170,100,100,39.2
2026-03-09 13:38:36.069Z,5.3893,5.4149,100,100,47.4
2026-03-09 13:38:37.337Z,5.3928,5.4110,100,100,33.7
2026-03-09 13:38:38.558Z,5.3883,5.4111,100,100,42.2
2026-03-09 13:38:39.868Z,5.3919,5.4103,100,100,34.1
2026-03-09 13:38:40.117Z,5.3916,5.4124,100,100,38.5
2026-03-09 13:38:41.469Z,5.3945,5.4115,100,100,31.5
2026-03-09 13:38:42.125Z,5.3974,5.4162,100,100,34.8
2026-03-09 13:38:43.060Z,5.3979,5.4175,100,100,36.2
2026-03-09 13:38:44.158Z,5.4005,5.4191,100,100,34.4
2026-03-09 13:38:45.605Z,5.3989,5.4235,100,100,45.5
2026-03-09 13:38:46.418Z,5.4024,5.4226,100,100,37.3
2026-03-09 13:38:47.490Z,5.3998,5.4230,100,100,42.9
2026-03-09 13:38:48.278Z,5.4042,5.4254,100,100,39.2
2026-03-09 13:38:49.420Z,5.4062,5.4230,100,100,31.0
2026-03-09 13:38:50.502Z,5.4083,5.4273,100,100,35.1
2026-03-09 13:38:51.819Z,5.4114,5.4314,100,100,36.9
2026-03-09 13:38:52.487Z,5.4136,5.4344,100,100,38.3
2026-03-09 13:38:53.628Z,5.4165,5.4375,100,100,38.7
2026-03-09 13:38:54.227Z,5.4180,5.4408,100,100,42.0
2026-03-09 13:38:55.670Z,5.4212,5.4444,100,100,42.7
2026-03-09 13:38:56.525Z,5.4239,5.4455,100,100,39.7
2026-03-09 13:38:57.248Z,5.4269,5.4473,100,100,37.5
2026-03-09 13:38:58.224Z,5.4280,5.4478,100,100,36.4
2026-03-09 13:38:59.774Z,5.4278,5.4498,100,100,40.5
2026-03-09 13:39:00.353Z,5.4313,5.4485,100,100,31.6
2026-03-09 13:39:01.496Z,5.4305,5.4499,100,100,35.7
2026-03-09 13:39:02.705Z,5.4291,5.4527,100,100,43.4
2026-03-09 13:39:03.710Z,5.4322,5.4496,100,100,32.0
2026-03-09 13:39:04.579Z,5.4267,5.4509,100,100,44.5
2026-03-09 13:39:05.836Z,5.4319,5.4503,100,100,33.8
2026-03-09 13:39:06.040Z,5.4284,5.4518,100,100,43.0
2026-03-09 13:39:07.028Z,5.4298,5.4502,100,100,37.5
2026-03-09 13:39:08.718Z,5.4303,5.4481,100,100,32.7
2026-03-09 13:39:09.597Z,5.4288,5.4506,100,100,40.1
2026-03-09 13:39:10.462Z,5.4288,5.4524,100,100,43.4
2026-03-09 13:39:11.463Z,5.4288,5.4492,100,114,37.5
2026-03-09 13:39:12.343Z,5.4304,5.4470,105,225,30.5
2026-03-09 13:39:13.836Z,5.4315,5.4509,156,100,35.7
2026-03-09 13:39:14.221Z,5.4281,5.4523,100,100,44.5
2026-03-09 13:39:15.413Z,5.4320,5.4492,100,100,31.6
2026-03-09 13:39:16.224Z,5.4295,5.4485,100,100,34.9
2026-03-09 13:39:17.133Z,5.4298,5.4476,100,100,32.7
2026-03-09 13:39:18.526Z,5.4296,5.4490,100,100,35.7
2026-03-09 13:39:19.672Z,5.4303,5.4495,100,100,35.3
2026-03-09 13:39:20.336Z,5.4323,5.4497,100,100,32.0
2026-03-09 13:39:21.516Z,5.4310,5.4522,100,100,39.0
2026-03-09 13:39:22.351Z,5.4325,5.4519,100,100,35.6
2026-03-09 13:39:23.089Z,5.4341,5.4507,100,100,30.5
2026-03-09 13:39:24.641Z,5.4346,5.4522,100,100,32.3
2026-03-09 13:39:25.763Z,5.4347,5.4525,100,100,32.7
2026-03-09 13:39:26.092Z,5.4351,5.4535,100,100,33.8
2026-03-09 13:39:27.110Z,5.4329,5.4545,100,100,39.7
2026-03-09 13:39:28.477Z,5.4335,5.4539,100,100,37.5
2026-03-09 13:39:29.182Z,5.4326,5.4560,100,100,43.0
2026-03-09 13:39:30.620Z,5.4356,5.4588,100,100,42.6
2026-03-09 13:39:31.201Z,5.4351,5.4575,100,100,41.1
2026-03-09 13:39:32.318Z,5.4385,5.4585,100,100,36.7
2026-03-09 13:39:33.115Z,5.4398,5.4570,100,100,31.6
2026-03-09 13:39:34.389Z,5.4405,5.4593,100,100,34.5
2026-03-09 13:39:35.138Z,5.4361,5.4609,100,100,45.5
2026-03-09 13:39:36.873Z,5.4398,5.4574,100,100,32.3
2026-03-09 13:39:37.354Z,5.4416,5.4600,100,100,33.8
2026-03-09 13:39:38.338Z,5.4404,5.4578,100,100,31.9
2026-03-09 13:39:39.153Z,5.4398,5.4600,100,100,37.1
2026-03-09 13:39:40.058Z,5.4396,5.4596,100,101,36.7
2026-03-09 13:39:41.382Z,5.4399,5.4605,100,100,37.8
2026-03-09 13:39:42.201Z,5.4382,5.4610,100,100,41.8
2026-03-09 13:39:43.147Z,5.4401,5.4595,100,100,35.6
2026-03-09 13:39:44.849Z,5.4409,5.4575,100,100,30.5
2026-03-09 13:39:45.304Z,5.4402,5.4572,100,100,31.2
2026-03-09 13:39:46.609Z,5.4392,5.4564,100,100,31.6
2026-03-09 13:39:47.445Z,5.4383,5.4575,100,100,35.2
2026-03-09 13:39:48.779Z,5.4376,5.4568,100,100,35.2
2026-03-09 13:39:49.508Z,5.4372,5.4598,100,100,41.5
2026-03-09 13:39:50.675Z,5.4354,5.4578,100,100,41.1
2026-03-09 13:39:51.025Z,5.4342,5.4544,100,100,37.1
2026-03-09 13:39:52.300Z,5.4316,5.4556,100,100,44.1
2026-03-09 13:39:53.112Z,5.4330,5.4548,100,100,40.0
2026-03-09 13:39:54.690Z,5.4328,5.4514,100,100,34.2
2026-03-09 13:39:55.522Z,5.4309,5.4547,100,100,43.7
2026-03-09 13:39:56.547Z,5.4328,5.4506,100,100,32.7
2026-03-09 13:39:57.002Z,5.4291,5.4495,100,100,37.5
2026-03-09 13:39:58.093Z,5.4304,5.4522,100,100,40.1
2026-03-09 13:39:59.828Z,5.4292,5.4508,100,104,39.7
2026-03-09 13:40:00.676Z,5.4332,5.4498,100,100,30.5
2026-03-09 13:40:01.106Z,5.4315,5.4505,100,100,34.9
2026-03-09 13:40:02.238Z,5.4306,5.4510,100,100,37.5
2026-03-09 13:40:03.683Z,5.4333,5.4499,100,100,30.5
2026-03-09 13:40:04.404Z,5.4319,5.4499,100,100,33.1
2026-03-09 13:40:05.662Z,5.4323,5.4487,100,100,30.1
2026-03-09 13:40:06.285Z,5.4323,5.4493,100,100,31.2
2026-03-09 13:40:07.472Z,5.4300,5.4512,100,100,39.0
2026-03-09 13:40:08.765Z,5.4316,5.4492,100,100,32.4
2026-03-09 13:40:09.282Z,5.4323,5.4533,100,100,38.6
2026-03-09 13:40:10.547Z,5.4303,5.4543,100,100,44.1
2026-03-09 13:40:11.477Z,5.4314,5.4538,100,100,41.2
2026-03-09 13:40:12.085Z,5.4318,5.4534,100,100,39.7
2026-03-09 13:40:13.131Z,5.4309,5.4503,100,100,35.7
2026-03-09 13:40:14.115Z,5.4321,5.4485,100,100,30.1
2026-03-09 13:40:15.227Z,5.4317,5.4523,100,100,37.9
2026-03-09 13:40:16.224Z,5.4319,5.4527,100,100,38.2
2026-03-09 13:40:17.321Z,5.4313,5.4543,100,100,42.3
2026-03-09 13:40:18.660Z,5.4325,5.4517,100,100,35.3
2026-03-09 13:40:19.138Z,5.4301,5.4515,100,100,39.3
2026-03-09 13:40:20.006Z,5.4305,5.4517,100,100,39.0
2026-03-09 13:40:21.508Z,5.4341,5.4523,100,100,33.4
2026-03-09 13:40:22.054Z,5.4311,5.4549,100,100,43.7
2026-03-09 13:40:23.472Z,5.4318,5.4554,100,100,43.4
2026-03-09 13:40:24.268Z,5.4356,5.4560,100,100,37.5
2026-03-09 13:40:25.693Z,5.4378,5.4558,100,100,33.0
2026-03-09 13:40:26.585Z,5.4358,5.4592,100,100,43.0
2026-03-09 13:40:27.549Z,5.4407,5.4577,100,100,31.2
2026-03-09 13:40:28.185Z,5.4411,5.4629,100,100,40.0
2026-03-09 13:40:29.704Z,5.4444,5.4616,100,100,31.5
2026-03-09 13:40:30.226Z,5.4447,5.4631,100,100,33.7
2026-03-09 13:40:31.539Z,5.4439,5.4633,100,100,35.6
2026-03-09 13:40:32.341Z,5.4455,5.4677,100,100,40.7
2026-03-09 13:40:33.167Z,5.4474,5.4678,100,100,37.4
2026-03-09 13:40:34.446Z,5.4479,5.4661,100,100,33.4
2026-03-09 13:40:35.679Z,5.4491,5.4687,100,100,35.9
2026-03-09 13:40:36.609Z,5.4487,5.4717,100,100,42.1
2026-03-09 13:40:37.364Z,5.4514,5.4692,100,100,32.6
2026-03-09 13:40:38.186Z,5.4502,5.4710,100,100,38.1
2026-03-09 13:40:39.567Z,5.4498,5.4690,100,100,35.2
2026-03-09 13:40:40.263Z,5.4506,5.4676,100,100,31.1
2026-03-09 13:40:41.016Z,5.4482,5.4706,100,100,41.0
2026-03-09 13:40:42.235Z,5.4490,5.4668,100,100,32.6
2026-03-09 13:40:43.531Z,5.4480,5.4666,100,100,34.1
2026-03-09 13:40:44.865Z,5.4475,5.4699,100,100,41.0
2026-03-09 13:40:45.824Z,5.4473,5.4691,100,100,39.9
2026-03-09 13:40:46.377Z,5.4476,5.4698,100,100,40.7
2026-03-09 13:40:47.507Z,5.4472,5.4656,100,100,33.7
2026-03-09 13:40:48.560Z,5.4464,5.4706,100,100,44.3
2026-03-09 13:40:49.055Z,5.4490,5.4690,100,100,36.6
2026-03-09 13:40:50.307Z,5.4454,5.4694,100,100,44.0
2026-03-09 13:40:51.525Z,5.4465,5.4713,100,100,45.4
2026-03-09 13:40:52.289Z,5.4467,5.4685,100,100,39.9
2026-03-09 13:40:53.469Z,5.4473,5.4715,100,100,44.3
2026-03-09 13:40:54.373Z,5.4479,5.4717,100,100,43.6
2026-03-09 13:40:55.077Z,5.4502,5.4676,100,100,31.9
2026-03-09 13:40:56.407Z,5.4499,5.4667,100,100,30.8
2026-03-09 13:40:57.487Z,5.4485,5.4689,100,100,37.4
2026-03-09 13:40:58.514Z,5.4515,5.4709,100,100,35.5
2026-03-09 13:40:59.886Z,5.4494,5.4706,100,100,38.8
2026-03-09 13:41:00.064Z,5.4315,5.4485,100,100,31.3
2026-03-09 13:41:01.777Z,5.4287,5.4491,100,100,37.5
2026-03-09 13:41:02.877Z,5.4290,5.4496,100,100,37.9
2026-03-09 13:41:03.683Z,5.4306,5.4488,100,100,33.5
2026-03-09 13:41:04.044Z,5.4295,5.4495,100,100,36.8
2026-03-09 13:41:05.185Z,5.4298,5.4526,125,100,41.9
2026-03-09 13:41:06.273Z,5.4295,5.4503,100,108,38.2
2026-03-09 13:41:07.653Z,5.4294,5.4508,100,100,39.3
2026-03-09 13:41:08.272Z,5.4289,5.4509,100,148,40.4
2026-03-09 13:41:09.523Z,5.4293,5.4483,100,100,34.9
2026-03-09 13:41:10.168Z,5.4287,5.4485,100,136,36.4
2026-03-09 13:41:11.530Z,5.4286,5.4528,256,189,44.5
2026-03-09 13:41:12.109Z,5.4297,5.4501,100,247,37.5
2026-03-09 13:41:13.401Z,5.4291,5.4495,113,166,37.5
2026-03-09 13:41:14.082Z,5.4297,5.4525,100,100,41.9
2026-03-09 13:41:15.272Z,5.4294,5.4530,100,100,43.4
2026-03-09 13:41:16.803Z,5.4307,5.4509,105,122,37.1
2026-03-09 13:41:17.766Z,5.4302,5.4510,100,167,38.2
2026-03-09 13:41:18.763Z,5.4296,5.4476,112,278,33.1
2026-03-09 13:41:19.720Z,5.4274,5.4488,119,144,39.4
2026-03-09 13:41:20.061Z,5.4259,5.4483,100,100,41.2
2026-03-09 13:41:21.412Z,5.4279,5.4449,100,100,31.3
2026-03-09 13:41:22.588Z,5.4241,5.4439,100,100,36.4
2026-03-09 13:41:23.559Z,5.4162,5.4422,100,100,47.9
2026-03-09 13:41:24.769Z,5.4177,5.4353,100,100,32.4
2026-03-09 13:41:25.858Z,5.4142,5.4320,100,100,32.8
2026-03-09 13:41:26.597Z,5.4056,5.4320,100,100,48.7
2026-03-09 13:41:27.136Z,5.4051,5.4263,100,100,39.1
2026-03-09 13:41:28.685Z,5.3970,5.4234,100,100,48.8
2026-03-09 13:41:29.452Z,5.3961,5.4173,100,100,39.2
2026-03-09 13:41:30.810Z,5.3883,5.4121,100,100,44.1
2026-03-09 13:41:31.895Z,5.3885,5.4069,100,151,34.1
2026-03-09 13:41:32.359Z,5.3829,5.4063,100,100,43.4
2026-03-09 13:41:33.611Z,5.3802,5.3990,100,100,34.9
2026-03-09 13:41:34.148Z,5.3759,5.3977,100,100,40.5
2026-03-09 13:41:35.853Z,5.3723,5.3969,100,100,45.7
2026-03-09 13:41:36.468Z,5.3706,5.3916,100,100,39.0
2026-03-09 13:41:37.097Z,5.3711,5.3883,100,211,32.0
2026-03-09 13:41:38.896Z,5.3696,5.3890,100,189,36.1
2026-03-09 13:41:39.047Z,5.3692,5.3914,227,184,41.3
2026-03-09 13:41:40.382Z,5.3696,5.3910,170,166,39.8
2026-03-09 13:41:41.321Z,5.3704,5.3930,100,100,42.0
2026-03-09 13:41:42.076Z,5.3723,5.3943,104,100,40.9
2026-03-09 13:41:43.884Z,5.3737,5.3929,100,100,35.7
2026-03-09 13:41:44.545Z,5.3736,5.3934,125,100,36.8
2026-03-09 13:41:45.687Z,5.3764,5.3944,138,100,33.4
2026-03-09 13:41:46.223Z,5.3747,5.3951,100,172,37.9
2026-03-09 13:41:47.762Z,5.3768,5.3932,227,100,30.5
2026-03-09 13:41:48.339Z,5.3745,5.3925,100,121,33.4
2026-03-09 13:41:49.316Z,5.3732,5.3960,100,100,42.3
2026-03-09 13:41:50.579Z,5.3722,5.3952,100,100,42.7
2026-03-09 13:41:51.859Z,5.3710,5.3942,100,100,43.1
2026-03-09 13:41:52.179Z,5.3727,5.3917,100,100,35.3
2026-03-09 13:41:53.516Z,5.3691,5.3933,100,104,45.0
2026-03-09 13:41:54.833Z,5.3726,5.3928,114,100,37.5
2026-03-09 13:41:55.395Z,5.3715,5.3931,100,136,40.1
2026-03-09 13:41:56.887Z,5.3677,5.3927,100,137,46.5
2026-03-09 13:41:57.391Z,5.3701,5.3885,100,100,34.2
2026-03-09 13:41:58.011Z,5.3720,5.3906,100,100,34.6
2026-03-09 13:41:59.023Z,5.3693,5.3907,100,100,39.8
2026-03-09 13:42:00.182Z,5.3696,5.3904,104,124,38.7
2026-03-09 13:42:01.206Z,5.3725,5.3899,111,100,32.3
2026-03-09 13:42:02.781Z,5.3722,5.3938,222,100,40.1
2026-03-09 13:42:03.617Z,5.3726,5.3954,104,100,42.3
2026-03-09 13:42:04.856Z,5.3760,5.3988,100,106,42.3
2026-03-09 13:42:05.200Z,5.3815,5.4009,100,100,36.0
2026-03-09 13:42:06.482Z,5.3843,5.4087,100,100,45.2
2026-03-09 13:42:07.373Z,5.3900,5.4100,130,115,37.0
2026-03-09 13:42:08.771Z,5.3913,5.4129,100,100,40.0
2026-03-09 13:42:09.861Z,5.3973,5.4159,100,100,34.4
2026-03-09 13:42:10.677Z,5.3974,5.4214,100,100,44.4
2026-03-09 13:42:11.515Z,5.3984,5.4192,217,400,38.5
2026-03-09 13:42:12.014Z,5.3989,5.4197,203,100,38.5
2026-03-09 13:42:13.149Z,5.3994,5.4174,100,237,33.3
2026-03-09 13:42:14.340Z,5.3963,5.4165,100,105,37.4
2026-03-09 13:42:15.350Z,5.3972,5.4158,100,100,34.4
2026-03-09 13:42:16.128Z,5.3917,5.4169,100,162,46.6
2026-03-09 13:42:17.651Z,5.3908,5.4126,100,109,40.4
2026-03-09 13:42:18.763Z,5.3909,5.4113,100,195,37.8
2026-03-09 13:42:19.261Z,5.3905,5.4143,137,100,44.1
2026-03-09 13:42:20.688Z,5.3887,5.4133,100,134,45.5
2026-03-09 13:42:21.322Z,5.3894,5.4080,100,100,34.5
2026-03-09 13:42:22.239Z,5.3881,5.4055,100,105,32.2
2026-03-09 13:42:23.029Z,5.3853,5.4055,100,100,37.4
2026-03-09 13:42:24.554Z,5.3819,5.4005,100,100,34.5
2026-03-09 13:42:25.788Z,5.3785,5.4007,100,100,41.2
2026-03-09 13:42:26.466Z,5.3787,5.3969,100,125,33.8
2026-03-09 13:42:27.159Z,5.3748,5.3944,100,100,36.4
2026-03-09 13:42:28.467Z,5.3706,5.3932,100,100,42.0
2026-03-09 13:42:29.693Z,5.3671,5.3909,100,126,44.2
2026-03-09 13:42:30.770Z,5.3642,5.3882,100,100,44.6
2026-03-09 13:42:31.593Z,5.3636,5.3820,100,100,34.2
2026-03-09 13:42:32.621Z,5.3574,5.3788,100,100,39.9
2026-03-09 13:42:33.077Z,5.3551,5.3775,100,101,41.7
2026-03-09 13:42:34.677Z,5.3557,5.3745,100,100,35.0
2026-03-09 13:42:35.869Z,5.3540,5.3720,100,100,33.6
2026-03-09 13:42:36.089Z,5.3530,5.3720,100,100,35.4
2026-03-09 13:42:37.643Z,5.3529,5.3705,100,291,32.8
2026-03-09 13:42:38.048Z,5.3472,5.3712,111,141,44.8
2026-03-09 13:42:39.120Z,5.3500,5.3724,152,100,41.8
2026-03-09 13:42:40.087Z,5.3484,5.3702,100,183,40.7
2026-03-09 13:42:41.517Z,5.3517,5.3701,127,100,34.3
2026-03-09 13:42:42.468Z,5.3512,5.3704,100,100,35.8
2026-03-09 13:42:43.306Z,5.3520,5.3712,100,100,35.8
2026-03-09 13:42:44.840Z,5.3518,5.3732,100,100,39.9
2026-03-09 13:42:45.842Z,5.3527,5.3729,174,100,37.7
2026-03-09 13:42:46.273Z,5.3547,5.3749,100,100,37.7
2026-03-09 13:42:47.456Z,5.3529,5.3767,100,100,44.4
2026-03-09 13:42:48.459Z,5.3552,5.3754,132,100,37.6
2026-03-09 13:42:49.585Z,5.3548,5.3754,100,100,38.4
2026-03-09 13:42:50.700Z,5.3569,5.3757,108,100,35.0
2026-03-09 13:42:51.433Z,5.3581,5.3743,100,100,30.2
2026-03-09 13:42:52.053Z,5.3558,5.3788,100,100,42.9
2026-03-09 13:42:53.110Z,5.3584,5.3758,100,119,32.4
2026-03-09 13:42:54.337Z,5.3595,5.3787,100,100,35.8
2026-03-09 13:42:55.401Z,5.3587,5.3805,151,100,40.6
2026-03-09 13:42:56.325Z,5.3591,5.3781,100,120,35.4
2026-03-09 13:42:57.029Z,5.3570,5.3798,100,131,42.5
2026-03-09 13:42:58.436Z,5.3580,5.3798,135,100,40.6
2026-03-09 13:42:59.638Z,5.3612,5.3788,160,101,32.8
2026-03-09 13:43:00.055Z,5.3587,5.3813,100,100,42.1
2026-03-09 13:43:01.731Z,5.3605,5.3779,100,100,32.4
2026-03-09 13:43:02.398Z,5.3568,5.3792,100,100,41.7
2026-03-09 13:43:03.134Z,5.3554,5.3780,100,100,42.1
2026-03-09 13:43:04.604Z,5.3570,5.3746,100,100,32.8
2026-03-09 13:43:05.467Z,5.3529,5.3735,100,100,38.4
2026-03-09 13:43:06.045Z,5.3493,5.3683,100,100,35.5
2026-03-09 13:43:07.444Z,5.3454,5.3694,100,100,44.8
2026-03-09 13:43:08.101Z,5.3453,5.3661,100,100,38.8
2026-03-09 13:43:09.758Z,5.3398,5.3638,100,100,44.8
2026-03-09 13:43:10.136Z,5.3407,5.3615,100,100,38.9
2026-03-09 13:43:11.822Z,5.3397,5.3585,100,100,35.1
2026-03-09 13:43:12.345Z,5.3385,5.3603,100,100,40.8
2026-03-09 13:43:13.279Z,5.3402,5.3624,100,100,41.5
2026-03-09 13:43:14.222Z,5.3421,5.3611,100,100,35.5
2026-03-09 13:43:15.160Z,5.3440,5.3640,100,100,37.4
2026-03-09 13:43:16.702Z,5.3461,5.3647,100,100,34.7
2026-03-09 13:43:17.449Z,5.3450,5.3670,100,100,41.1
2026-03-09 13:43:18.222Z,5.3435,5.3673,100,100,44.4
2026-03-09 13:43:19.358Z,5.3479,5.3647,100,100,31.4
2026-03-09 13:43:20.183Z,5.3466,5.3686,100,100,41.1
2026-03-09 13:43:21.713Z,5.3484,5.3688,100,100,38.1
2026-03-09 13:43:22.492Z,5.3474,5.3704,100,100,42.9
2026-03-09 13:43:23.131Z,5.3520,5.3720,100,100,37.3
2026-03-09 13:43:24.541Z,5.3531,5.3737,100,100,38.4
2026-03-09 13:43:25.282Z,5.3546,5.3792,100,100,45.8
2026-03-09 13:43:26.110Z,5.3560,5.3790,100,100,42.9
2026-03-09 13:43:27.108Z,5.3593,5.3827,100,100,43.6
2026-03-09 13:43:28.009Z,5.3638,5.3810,100,100,32.0
2026-03-09 13:43:29.354Z,5.3668,5.3856,100,100,35.0
2026-03-09 13:43:30.065Z,5.3682,5.3896,100,100,39.8
2026-03-09 13:43:31.638Z,5.3716,5.3894,100,100,33.1
2026-03-09 13:43:32.860Z,5.3706,5.3948,100,100,45.0
2026-03-09 13:43:33.648Z,5.3730,5.3970,100,100,44.6
2026-03-09 13:43:34.403Z,5.3785,5.3963,100,100,33.0
2026-03-09 13:43:35.480Z,5.3741,5.3987,100,100,45.7
2026-03-09 13:43:36.150Z,5.3784,5.3980,100,100,36.4
2026-03-09 13:43:37.556Z,5.3816,5.3994,100,100,33.0
2026-03-09 13:43:38.880Z,5.3791,5.3987,100,100,36.4
2026-03-09 13:43:39.126Z,5.3810,5.4016,100,100,38.2
2026-03-09 13:43:40.507Z,5.3804,5.3992,100,100,34.9
2026-03-09 13:43:41.866Z,5.3818,5.3982,100,100,30.4
2026-03-09 13:43:42.643Z,5.3789,5.3985,100,100,36.4
2026-03-09 13:43:43.546Z,5.3780,5.3982,100,100,37.5
2026-03-09 13:43:44.554Z,5.3756,5.3990,100,100,43.4
2026-03-09 13:43:45.077Z,5.3783,5.3985,100,100,37.5
2026-03-09 13:43:46.083Z,5.3772,5.3960,100,100,34.9
2026-03-09 13:43:47.806Z,5.3787,5.3975,100,100,34.9
2026-03-09 13:43:48.522Z,5.3767,5.3977,100,100,39.0
2026-03-09 13:43:49.535Z,5.3783,5.3971,100,100,34.9
2026-03-09 13:43:50.579Z,5.3782,5.3962,100,100,33.4
2026-03-09 13:43:51.628Z,5.3772,5.3988,100,100,40.1
2026-03-09 13:43:52.458Z,5.3807,5.3987,100,100,33.4
2026-03-09 13:43:53.422Z,5.3762,5.3990,100,100,42.3
2026-03-09 13:43:54.305Z,5.3806,5.4002,100,100,36.4
2026-03-09 13:43:55.046Z,5.3794,5.4008,100,100,39.7
2026-03-09 13:43:56.683Z,5.3799,5.3977,100,100,33.0
2026-03-09 13:43:57.794Z,5.3802,5.4002,100,100,37.1
2026-03-09 13:43:58.233Z,5.3776,5.3998,100,100,41.2
2026-03-09 13:43:59.369Z,5.3796,5.4004,100,100,38.6
2026-03-09 13:44:00.735Z,5.3413,5.3587,100,100,32.5
2026-03-09 13:44:01.243Z,5.3389,5.3629,100,100,44.9
2026-03-09 13:44:02.242Z,5.3388,5.3624,100,100,44.1
2026-03-09 13:44:03.197Z,5.3392,5.3600,100,100,38.9
2026-03-09 13:44:04.130Z,5.3386,5.3598,100,100,39.6
2026-03-09 13:44:05.337Z,5.3391,5.3623,100,100,43.4
2026-03-09 13:44:06.351Z,5.3393,5.3609,100,100,40.4
2026-03-09 13:44:07.417Z,5.3413,5.3587,100,100,32.5
2026-03-09 13:44:08.626Z,5.3394,5.3582,100,100,35.1
2026-03-09 13:44:09.078Z,5.3402,5.3576,100,100,32.5
2026-03-09 13:44:10.722Z,5.3373,5.3615,100,100,45.2
2026-03-09 13:44:11.169Z,5.3409,5.3595,100,100,34.8
2026-03-09 13:44:12.419Z,5.3389,5.3601,100,100,39.6
2026-03-09 13:44:13.550Z,5.3394,5.3598,100,100,38.1
2026-03-09 13:44:14.051Z,5.3400,5.3604,100,100,38.1
2026-03-09 13:44:15.778Z,5.3415,5.3591,100,100,32.9
2026-03-09 13:44:16.180Z,5.3384,5.3594,100,100,39.3
2026-03-09 13:44:17.357Z,5.3377,5.3605,100,100,42.6
2026-03-09 13:44:18.170Z,5.3405,5.3571,100,100,31.0
2026-03-09 13:44:19.084Z,5.3403,5.3581,100,100,33.3
2026-03-09 13:44:20.481Z,5.3419,5.3595,100,100,32.9
2026-03-09 13:44:21.255Z,5.3404,5.3652,100,100,46.3
2026-03-09 13:44:22.005Z,5.3407,5.3645,100,100,44.5
2026-03-09 13:44:23.828Z,5.3430,5.3682,100,100,47.1
2026-03-09 13:44:24.706Z,5.3446,5.3676,100,100,42.9
2026-03-09 13:44:25.894Z,5.3469,5.3731,100,100,48.9
2026-03-09 13:44:26.598Z,5.3520,5.3714,100,100,36.2
2026-03-09 13:44:27.082Z,5.3501,5.3743,100,100,45.1
2026-03-09 13:44:28.405Z,5.3535,5.3779,100,100,45.5
2026-03-09 13:44:29.210Z,5.3582,5.3752,100,100,31.7
2026-03-09 13:44:30.141Z,5.3609,5.3793,100,100,34.3
2026-03-09 13:44:31.627Z,5.3617,5.3833,100,100,40.2
2026-03-09 13:44:32.273Z,5.3633,5.3859,100,100,42.0
2026-03-09 13:44:33.612Z,5.3664,5.3852,100,100,35.0
2026-03-09 13:44:34.843Z,5.3675,5.3883,100,100,38.7
2026-03-09 13:44:35.884Z,5.3687,5.3909,100,100,41.3
2026-03-09 13:44:36.819Z,5.3711,5.3905,100,100,36.1
2026-03-09 13:44:37.488Z,5.3694,5.3908,100,100,39.8
2026-03-09 13:44:38.491Z,5.3717,5.3921,100,100,37.9
2026-03-09 13:44:39.692Z,5.3725,5.3909,100,100,34.2
2026-03-09 13:44:40.853Z,5.3700,5.3898,100,100,36.8
2026-03-09 13:44:41.621Z,5.3709,5.3875,100,100,30.9
2026-03-09 13:44:42.053Z,5.3708,5.3910,100,100,37.5
2026-03-09 13:44:43.850Z,5.3655,5.3909,100,100,47.2
2026-03-09 13:44:44.053Z,5.3673,5.3893,100,100,40.9
2026-03-09 13:44:45.453Z,5.3667,5.3899,100,100,43.1
2026-03-09 13:44:46.622Z,5.3671,5.3905,100,100,43.5
2026-03-09 13:44:47.483Z,5.3687,5.3899,100,100,39.4
2026-03-09 13:44:48.450Z,5.3672,5.3908,100,100,43.9
2026-03-09 13:44:49.117Z,5.3704,5.3884,100,100,33.5
2026-03-09 13:44:50.705Z,5.3666,5.3904,100,100,44.3
2026-03-09 13:44:51.192Z,5.3679,5.3915,100,100,43.9
2026-03-09 13:44:52.716Z,5.3674,5.3912,100,100,44.2
2026-03-09 13:44:53.150Z,5.3706,5.3894,100,100,34.9
2026-03-09 13:44:54.292Z,5.3667,5.3895,100,100,42.4
2026-03-09 13:44:55.122Z,5.3711,5.3899,100,100,34.9
2026-03-09 13:44:56.257Z,5.3715,5.3889,100,100,32.3
2026-03-09 13:44:57.696Z,5.3675,5.3899,100,100,41.6
2026-03-09 13:44:58.595Z,5.3694,5.3890,100,100,36.4
2026-03-09 13:44:59.495Z,5.3703,5.3897,100,100,36.1
2026-03-09 13:45:00.231Z,5.3398,5.3602,100,100,38.1
2026-03-09 13:45:01.521Z,5.3375,5.3615,100,100,44.9
2026-03-09 13:45:02.281Z,5.3398,5.3606,100,100,38.9
2026-03-09 13:45:03.313Z,5.3370,5.3606,100,100,44.1
2026-03-09 13:45:04.396Z,5.3392,5.3594,100,100,37.8
2026-03-09 13:45:05.682Z,5.3396,5.3622,100,100,42.2
2026-03-09 13:45:06.099Z,5.3422,5.3594,100,100,32.1
2026-03-09 13:45:07.571Z,5.3396,5.3620,100,100,41.9
2026-03-09 13:45:08.775Z,5.3427,5.3599,100,100,32.1
2026-03-09 13:45:09.628Z,5.3409,5.3591,100,100,34.0
2026-03-09 13:45:10.849Z,5.3392,5.3630,100,100,44.5
2026-03-09 13:45:11.695Z,5.3397,5.3599,100,112,37.8
2026-03-09 13:45:12.770Z,5.3401,5.3607,100,100,38.5
2026-03-09 13:45:13.158Z,5.3391,5.3617,100,100,42.2
2026-03-09 13:45:14.503Z,5.3425,5.3589,100,100,30.7
2026-03-09 13:45:15.278Z,5.3405,5.3583,100,100,33.3
2026-03-09 13:45:16.505Z,5.3408,5.3576,100,100,31.4
2026-03-09 13:45:17.184Z,5.3387,5.3619,100,100,43.4
2026-03-09 13:45:18.164Z,5.3409,5.3589,100,100,33.6
2026-03-09 13:45:19.298Z,5.3388,5.3612,100,100,41.9
2026-03-09 13:45:20.778Z,5.3402,5.3610,100,100,38.9
2026-03-09 13:45:21.826Z,5.3427,5.3619,100,100,35.9
2026-03-09 13:45:22.559Z,5.3439,5.3627,100,100,35.1
2026-03-09 13:45:23.685Z,5.3451,5.3635,100,100,34.4
2026-03-09 13:45:24.311Z,5.3431,5.3649,100,100,40.7
2026-03-09 13:45:25.307Z,5.3441,5.3695,100,100,47.4
2026-03-09 13:45:26.454Z,5.3484,5.3680,100,100,36.6
2026-03-09 13:45:27.892Z,5.3484,5.3702,100,100,40.7
2026-03-09 13:45:28.819Z,5.3495,5.3717,100,100,41.4
2026-03-09 13:45:29.800Z,5.3531,5.3695,100,100,30.6
2026-03-09 13:45:30.085Z,5.3513,5.3751,100,100,44.4
2026-03-09 13:45:31.134Z,5.3519,5.3747,100,100,42.5
2026-03-09 13:45:32.856Z,5.3553,5.3765,100,100,39.5
2026-03-09 13:45:33.225Z,5.3595,5.3763,100,100,31.3
2026-03-09 13:45:34.104Z,5.3564,5.3772,100,100,38.8
2026-03-09 13:45:35.591Z,5.3610,5.3782,100,100,32.0
2026-03-09 13:45:36.297Z,5.3592,5.3804,100,100,39.5
2026-03-09 13:45:37.599Z,5.3579,5.3815,100,100,44.0
2026-03-09 13:45:38.139Z,5.3592,5.3808,100,100,40.2
2026-03-09 13:45:39.385Z,5.3602,5.3816,100,100,39.8
2026-03-09 13:45:40.799Z,5.3575,5.3799,100,100,41.7
2026-03-09 13:45:41.505Z,5.3592,5.3802,100,100,39.1
2026-03-09 13:45:42.132Z,5.3607,5.3797,100,100,35.4
2026-03-09 13:45:43.291Z,5.3577,5.3777,100,100,37.3
2026-03-09 13:45:44.272Z,5.3573,5.3793,100,100,41.0
2026-03-09 13:45:45.399Z,5.3609,5.3777,100,100,31.3
2026-03-09 13:45:46.031Z,5.3550,5.3790,100,100,44.7
2026-03-09 13:45:47.612Z,5.3570,5.3806,100,100,44.0
2026-03-09 13:45:48.098Z,5.3585,5.3793,100,100,38.7
2026-03-09 13:45:49.726Z,5.3585,5.3759,100,100,32.4
2026-03-09 13:45:50.072Z,5.3591,5.3781,100,100,35.4
2026-03-09 13:45:51.159Z,5.3556,5.3798,100,100,45.1
2026-03-09 13:45:52.457Z,5.3584,5.3802,100,100,40.6
2026-03-09 13:45:53.278Z,5.3570,5.3808,100,100,44.3
2026-03-09 13:45:54.442Z,5.3589,5.3817,100,100,42.5
2026-03-09 13:45:55.630Z,5.3584,5.3790,100,100,38.4
2026-03-09 13:45:56.320Z,5.3600,5.3790,100,100,35.4
2026-03-09 13:45:57.658Z,5.3604,5.3804,100,100,37.2
2026-03-09 13:45:58.646Z,5.3602,5.3808,100,100,38.4
2026-03-09 13:45:59.434Z,5.3619,5.3781,100,100,30.2
2026-03-09 13:46:00.160Z,5.3701,5.3899,100,100,36.8
2026-03-09 13:46:01.865Z,5.3690,5.3884,100,100,36.1
2026-03-09 13:46:02.672Z,5.3705,5.3895,100,100,35.3
2026-03-09 13:46:03.376Z,5.3701,5.3889,100,100,34.9
2026-03-09 13:46:04.495Z,5.3685,5.3917,100,100,43.1
2026-03-09 13:46:05.899Z,5.3723,5.3893,100,100,31.6
2026-03-09 13:46:06.278Z,5.3691,5.3895,100,100,37.9
2026-03-09 13:46:07.003Z,5.3711,5.3907,100,100,36.4
2026-03-09 13:46:08.329Z,5.3703,5.3909,100,100,38.3
2026-03-09 13:46:09.450Z,5.3695,5.3901,100,100,38.3
2026-03-09 13:46:10.198Z,5.3707,5.3899,100,100,35.7
2026-03-09 13:46:11.280Z,5.3678,5.3918,100,100,44.6
2026-03-09 13:46:12.796Z,5.3711,5.3885,100,100,32.3
2026-03-09 13:46:13.250Z,5.3692,5.3892,100,100,37.2
2026-03-09 13:46:14.049Z,5.3674,5.3902,100,100,42.4
2026-03-09 13:46:15.899Z,5.3689,5.3929,100,100,44.6
2026-03-09 13:46:16.430Z,5.3699,5.3877,100,100,33.1
2026-03-09 13:46:17.846Z,5.3686,5.3928,100,100,45.0
2026-03-09 13:46:18.047Z,5.3710,5.3910,100,100,37.2
2026-03-09 13:46:19.179Z,5.3682,5.3898,100,100,40.2
2026-03-09 13:46:20.028Z,5.3701,5.3865,100,100,30.5
2026-03-09 13:46:21.352Z,5.3700,5.3900,100,100,37.2
2026-03-09 13:46:22.417Z,5.3707,5.3877,100,100,31.6
2026-03-09 13:46:23.694Z,5.3687,5.3903,100,100,40.2
2026-03-09 13:46:24.353Z,5.3696,5.3874,100,100,33.1
2026-03-09 13:46:25.523Z,5.3638,5.3878,100,100,44.6
2026-03-09 13:46:26.378Z,5.3686,5.3864,100,100,33.1
2026-03-09 13:46:27.426Z,5.3664,5.3872,100,100,38.7
2026-03-09 13:46:28.495Z,5.3642,5.3868,100,100,42.0
2026-03-09 13:46:29.874Z,5.3665,5.3833,100,100,31.3
2026-03-09 13:46:30.459Z,5.3663,5.3827,100,100,30.5
2026-03-09 13:46:31.773Z,5.3612,5.3824,100,100,39.5
2026-03-09 13:46:32.528Z,5.3614,5.3820,100,100,38.3
2026-03-09 13:46:33.295Z,5.3598,5.3824,100,100,42.1
2026-03-09 13:46:34.196Z,5.3626,5.3810,100,100,34.3
2026-03-09 13:46:35.592Z,5.3609,5.3807,100,100,36.9
2026-03-09 13:46:36.461Z,5.3586,5.3806,100,100,41.0
2026-03-09 13:46:37.342Z,5.3579,5.3803,100,100,41.7
2026-03-09 13:46:38.892Z,5.3591,5.3793,100,100,37.6
2026-03-09 13:46:39.882Z,5.3608,5.3800,100,100,35.8
2026-03-09 13:46:40.176Z,5.3586,5.3820,100,100,43.6
2026-03-09 13:46:41.232Z,5.3590,5.3800,100,100,39.1
2026-03-09 13:46:42.389Z,5.3592,5.3830,100,100,44.3
2026-03-09 13:46:43.835Z,5.3620,5.3784,100,100,30.5
2026-03-09 13:46:44.501Z,5.3602,5.3842,100,100,44.7
2026-03-09 13:46:45.640Z,5.3623,5.3805,100,100,33.9
2026-03-09 13:46:46.300Z,5.3609,5.3807,100,100,36.9
2026-03-09 13:46:47.530Z,5.3598,5.3828,100,100,42.8
2026-03-09 13:46:48.737Z,5.3625,5.3801,100,100,32.8
2026-03-09 13:46:49.112Z,5.3605,5.3811,100,100,38.4
2026-03-09 13:46:50.881Z,5.3611,5.3839,100,100,42.4
2026-03-09 13:46:51.296Z,5.3645,5.3827,100,100,33.9
2026-03-09 13:46:52.015Z,5.3639,5.3829,100,100,35.4
2026-03-09 13:46:53.894Z,5.3637,5.3839,100,100,37.6
2026-03-09 13:46:54.079Z,5.3633,5.3819,100,100,34.6
2026-03-09 13:46:55.332Z,5.3634,5.3868,100,100,43.5
2026-03-09 13:46:56.157Z,5.3661,5.3825,100,100,30.5
2026-03-09 13:46:57.533Z,5.3631,5.3869,100,100,44.3
2026-03-09 13:46:58.344Z,5.3645,5.3857,100,100,39.4
2026-03-09 13:46:59.417Z,5.3653,5.3847,100,100,36.1
2026-03-09 13:47:00.761Z,5.3747,5.3929,100,100,33.8
2026-03-09 13:47:01.871Z,5.3730,5.3934,100,100,37.9
2026-03-09 13:47:02.251Z,5.3726,5.3970,100,100,45.3
2026-03-09 13:47:03.770Z,5.3740,5.3936,100,100,36.4
2026-03-09 13:47:04.590Z,5.3704,5.3940,100,100,43.8
2026-03-09 13:47:05.508Z,5.3714,5.3908,100,100,36.1
2026-03-09 13:47:06.597Z,5.3720,5.3916,100,100,36.4
2026-03-09 13:47:07.622Z,5.3697,5.3913,100,100,40.1
2026-03-09 13:47:08.326Z,5.3704,5.3920,100,100,40.1
2026-03-09 13:47:09.104Z,5.3707,5.3917,100,100,39.0
2026-03-09 13:47:10.652Z,5.3723,5.3899,100,100,32.7
2026-03-09 13:47:11.003Z,5.3678,5.3898,100,100,40.9
2026-03-09 13:47:12.544Z,5.3691,5.3925,100,100,43.5
2026-03-09 13:47:13.787Z,5.3676,5.3900,100,100,41.6
2026-03-09 13:47:14.207Z,5.3678,5.3910,100,100,43.1
2026-03-09 13:47:15.007Z,5.3687,5.3901,100,100,39.8
2026-03-09 13:47:16.851Z,5.3686,5.3934,100,100,46.1
2026-03-09 13:47:17.426Z,5.3715,5.3895,100,100,33.5
2026-03-09 13:47:18.076Z,5.3716,5.3886,100,100,31.6
2026-03-09 13:47:19.512Z,5.3704,5.3902,100,100,36.8
2026-03-09 13:47:20.395Z,5.3736,5.3906,100,100,31.6
2026-03-09 13:47:21.783Z,5.3723,5.3911,100,100,34.9
2026-03-09 13:47:22.303Z,5.3715,5.3941,100,100,42.0
2026-03-09 13:47:23.559Z,5.3726,5.3958,100,100,43.1
2026-03-09 13:47:24.598Z,5.3759,5.3969,100,100,39.0
2026-03-09 13:47:25.108Z,5.3760,5.3962,100,100,37.5
2026-03-09 13:47:26.488Z,5.3788,5.3968,100,100,33.4
2026-03-09 13:47:27.812Z,5.3763,5.3995,100,100,43.1
2026-03-09 13:47:28.134Z,5.3818,5.4018,100,100,37.1
2026-03-09 13:47:29.311Z,5.3836,5.4018,100,100,33.7
2026-03-09 13:47:30.686Z,5.3816,5.4026,100,100,38.9
2026-03-09 13:47:31.860Z,5.3833,5.4037,100,100,37.8
2026-03-09 13:47:32.331Z,5.3859,5.4067,100,100,38.5
2026-03-09 13:47:33.153Z,5.3863,5.4081,100,100,40.4
2026-03-09 13:47:34.665Z,5.3860,5.4076,100,100,40.0
2026-03-09 13:47:35.345Z,5.3900,5.4096,100,100,36.3
2026-03-09 13:47:36.809Z,5.3916,5.4086,100,100,31.5
2026-03-09 13:47:37.866Z,5.3891,5.4127,102,100,43.7
2026-03-09 13:47:38.399Z,5.3878,5.4112,100,120,43.3
2026-03-09 13:47:39.651Z,5.3925,5.4095,100,100,31.5
2026-03-09 13:47:40.614Z,5.3912,5.4108,100,100,36.3
2026-03-09 13:47:41.078Z,5.3898,5.4078,100,100,33.3
2026-03-09 13:47:42.607Z,5.3882,5.4102,100,100,40.7
2026-03-09 13:47:43.231Z,5.3884,5.4098,100,100,39.6
2026-03-09 13:47:44.256Z,5.3878,5.4108,100,100,42.6
2026-03-09 13:47:45.829Z,5.3870,5.4086,100,100,40.0
2026-03-09 13:47:46.306Z,5.3873,5.4079,100,100,38.2
2026-03-09 13:47:47.400Z,5.3874,5.4116,100,100,44.8
2026-03-09 13:47:48.754Z,5.3885,5.4071,100,100,34.5
2026-03-09 13:47:49.645Z,5.3865,5.4097,100,100,43.0
2026-03-09 13:47:50.052Z,5.3882,5.4088,100,100,38.2
2026-03-09 13:47:51.744Z,5.3857,5.4099,100,100,44.8
2026-03-09 13:47:52.447Z,5.3887,5.4077,100,100,35.2
2026-03-09 13:47:53.094Z,5.3901,5.4087,100,100,34.4
2026-03-09 13:47:54.331Z,5.3920,5.4094,100,100,32.2
2026-03-09 13:47:55.047Z,5.3882,5.4120,100,100,44.1
2026-03-09 13:47:56.028Z,5.3897,5.4071,100,100,32.2
2026-03-09 13:47:57.709Z,5.3890,5.4108,100,100,40.4
2026-03-09 13:47:58.426Z,5.3928,5.4092,100,100,30.4
2026-03-09 13:47:59.440Z,5.3878,5.4122,100,100,45.2
2026-03-09 13:48:00.012Z,5.3901,5.4099,100,100,36.7
2026-03-09 13:48:01.317Z,5.3878,5.4118,100,100,44.4
2026-03-09 13:48:02.706Z,5.3907,5.4099,100,100,35.6
2026-03-09 13:48:03.276Z,5.3912,5.4112,100,100,37.0
2026-03-09 13:48:04.259Z,5.3892,5.4114,100,100,41.1
2026-03-09 13:48:05.271Z,5.3910,5.4108,100,100,36.7
2026-03-09 13:48:06.206Z,5.3897,5.4121,100,100,41.5
2026-03-09 13:48:07.630Z,5.3885,5.4109,100,100,41.5
2026-03-09 13:48:08.039Z,5.3909,5.4111,100,100,37.4
2026-03-09 13:48:09.597Z,5.3882,5.4108,100,100,41.9
2026-03-09 13:48:10.191Z,5.3912,5.4098,100,100,34.4
2026-03-09 13:48:11.276Z,5.3891,5.4135,100,100,45.2
2026-03-09 13:48:12.830Z,5.3902,5.4084,100,100,33.7
2026-03-09 13:48:13.887Z,5.3904,5.4090,100,100,34.4
2026-03-09 13:48:14.533Z,5.3913,5.4081,100,100,31.1
2026-03-09 13:48:15.768Z,5.3899,5.4117,100,100,40.4
2026-03-09 13:48:16.524Z,5.3900,5.4108,100,100,38.5
2026-03-09 13:48:17.857Z,5.3911,5.4079,100,100,31.1
2026-03-09 13:48:18.638Z,5.3913,5.4087,100,100,32.2
2026-03-09 13:48:19.799Z,5.3886,5.4108,100,100,41.1
2026-03-09 13:48:20.320Z,5.3895,5.4109,100,100,39.6
2026-03-09 13:48:21.100Z,5.3904,5.4116,100,100,39.3
2026-03-09 13:48:22.581Z,5.3915,5.4109,100,100,35.9
2026-03-09 13:48:23.308Z,5.3904,5.4088,100,100,34.1
2026-03-09 13:48:24.850Z,5.3897,5.4093,100,100,36.3
2026-03-09 13:48:25.407Z,5.3900,5.4112,100,100,39.3
2026-03-09 13:48:26.095Z,5.3923,5.4101,100,100,33.0
2026-03-09 13:48:27.837Z,5.3897,5.4093,100,100,36.3
2026-03-09 13:48:28.319Z,5.3903,5.4073,100,100,31.5
2026-03-09 13:48:29.256Z,5.3884,5.4104,100,100,40.7
2026-03-09 13:48:30.602Z,5.3914,5.4110,100,100,36.3
2026-03-09 13:48:31.829Z,5.3864,5.4116,100,100,46.7
2026-03-09 13:48:32.473Z,5.3885,5.4103,100,100,40.4
2026-03-09 13:48:33.403Z,5.3916,5.4094,100,100,33.0
2026-03-09 13:48:34.000Z,5.3893,5.4103,100,100,38.9
2026-03-09 13:48:35.761Z,5.3897,5.4105,100,100,38.5
2026-03-09 13:48:36.667Z,5.3927,5.4091,100,100,30.4
2026-03-09 13:48:37.692Z,5.3911,5.4097,100,100,34.4
2026-03-09 13:48:38.855Z,5.3897,5.4087,100,100,35.2
2026-03-09 13:48:39.590Z,5.3923,5.4091,100,100,31.1
2026-03-09 13:48:40.104Z,5.3886,5.4090,100,100,37.8
2026-03-09 13:48:41.073Z,5.3881,5.4123,100,100,44.8
2026-03-09 13:48:42.311Z,5.3905,5.4071,100,100,30.7
2026-03-09 13:48:43.468Z,5.3886,5.4096,100,100,38.9
2026-03-09 13:48:44.133Z,5.3891,5.4099,100,100,38.5
2026-03-09 13:48:45.622Z,5.3910,5.4108,100,100,36.7
2026-03-09 13:48:46.733Z,5.3914,5.4112,100,100,36.7
2026-03-09 13:48:47.280Z,5.3893,5.4121,100,100,42.2
2026-03-09 13:48:48.758Z,5.3903,5.4075,100,100,31.9
2026-03-09 13:48:49.848Z,5.3882,5.4100,100,100,40.4
2026-03-09 13:48:50.049Z,5.3896,5.4078,100,100,33.7
2026-03-09 13:48:51.480Z,5.3905,5.4089,100,100,34.1
2026-03-09 13:48:52.629Z,5.3892,5.4112,100,100,40.7
2026-03-09 13:48:53.799Z,5.3900,5.4078,100,100,33.0
2026-03-09 13:48:54.630Z,5.3913,5.4103,100,100,35.2
2026-03-09 13:48:55.081Z,5.3914,5.4104,100,100,35.2
2026-03-09 13:48:56.875Z,5.3918,5.4082,100,100,30.4
2026-03-09 13:48:57.515Z,5.3892,5.4094,100,100,37.4
2026-03-09 13:48:58.056Z,5.3905,5.4103,100,100,36.7
2026-03-09 13:48:59.124Z,5.3915,5.4085,100,100,31.5
2026-03-09 13:49:00.634Z,5.3881,5.4121,100,100,44.4
2026-03-09 13:49:01.797Z,5.3882,5.4112,100,100,42.6
2026-03-09 13:49:02.712Z,5.3908,5.4076,100,100,31.1
2026-03-09 13:49:03.763Z,5.3917,5.4101,100,100,34.1
2026-03-09 13:49:04.682Z,5.3888,5.4094,100,100,38.2
2026-03-09 13:49:05.081Z,5.3901,5.4093,100,100,35.6
2026-03-09 13:49:06.500Z,5.3908,5.4084,100,100,32.6
2026-03-09 13:49:07.045Z,5.3893,5.4085,100,100,35.6
2026-03-09 13:49:08.050Z,5.3888,5.4096,100,100,38.5
2026-03-09 13:49:09.798Z,5.3916,5.4112,100,100,36.3
2026-03-09 13:49:10.648Z,5.3908,5.4118,100,100,38.9
2026-03-09 13:49:11.227Z,5.3890,5.4112,100,100,41.1
2026-03-09 13:49:12.464Z,5.3925,5.4101,100,100,32.6
2026-03-09 13:49:13.548Z,5.3919,5.4093,100,100,32.2
2026-03-09 13:49:14.434Z,5.3920,5.4086,100,100,30.7
2026-03-09 13:49:15.169Z,5.3899,5.4105,100,100,38.1
2026-03-09 13:49:16.683Z,5.3888,5.4096,100,100,38.5
2026-03-09 13:49:17.833Z,5.3896,5.4124,100,100,42.2
2026-03-09 13:49:18.310Z,5.3880,5.4118,100,100,44.1
2026-03-09 13:49:19.828Z,5.3916,5.4086,100,100,31.5
2026-03-09 13:49:20.664Z,5.3896,5.4092,100,100,36.3
2026-03-09 13:49:21.584Z,5.3900,5.4070,100,100,31.5
2026-03-09 13:49:22.617Z,5.3876,5.4092,100,100,40.0
2026-03-09 13:49:23.892Z,5.3840,5.4086,100,100,45.6
2026-03-09 13:49:24.783Z,5.3873,5.4043,100,100,31.5
2026-03-09 13:49:25.534Z,5.3821,5.4057,100,100,43.8
2026-03-09 13:49:26.056Z,5.3821,5.4053,100,100,43.0
2026-03-09 13:49:27.313Z,5.3803,5.4045,100,100,44.9
2026-03-09 13:49:28.753Z,5.3828,5.4000,100,100,31.9
2026-03-09 13:49:29.589Z,5.3780,5.4016,100,100,43.8
2026-03-09 13:49:30.890Z,5.3774,5.3984,100,100,39.0
2026-03-09 13:49:31.585Z,5.3721,5.3973,100,100,46.8
2026-03-09 13:49:32.753Z,5.3722,5.3962,100,100,44.6
2026-03-09 13:49:33.729Z,5.3722,5.3956,100,100,43.5
2026-03-09 13:49:34.057Z,5.3717,5.3955,100,100,44.2
2026-03-09 13:49:35.687Z,5.3729,5.3913,100,100,34.2
2026-03-09 13:49:36.680Z,5.3679,5.3923,100,100,45.4
2026-03-09 13:49:37.504Z,5.3707,5.3913,100,100,38.3
2026-03-09 13:49:38.386Z,5.3679,5.3917,100,100,44.2
2026-03-09 13:49:39.781Z,5.3691,5.3889,100,100,36.8
2026-03-09 13:49:40.673Z,5.3696,5.3894,100,100,36.8
2026-03-09 13:49:41.042Z,5.3702,5.3930,100,100,42.4
2026-03-09 13:49:42.381Z,5.3709,5.3923,100,100,39.8
2026-03-09 13:49:43.845Z,5.3702,5.3902,100,100,37.2
2026-03-09 13:49:44.271Z,5.3722,5.3908,100,100,34.6
2026-03-09 13:49:45.156Z,5.3720,5.3900,100,100,33.5
2026-03-09 13:49:46.303Z,5.3711,5.3945,100,100,43.5
2026-03-09 13:49:47.276Z,5.3703,5.3915,100,100,39.4
2026-03-09 13:49:48.770Z,5.3727,5.3911,100,100,34.2
2026-03-09 13:49:49.670Z,5.3721,5.3915,100,100,36.0
2026-03-09 13:49:50.401Z,5.3693,5.3925,100,100,43.1
2026-03-09 13:49:51.450Z,5.3702,5.3934,100,100,43.1
2026-03-09 13:49:52.745Z,5.3729,5.3917,100,100,34.9
2026-03-09 13:49:53.556Z,5.3691,5.3911,100,100,40.9
2026-03-09 13:49:54.365Z,5.3691,5.3935,100,100,45.3
2026-03-09 13:49:55.048Z,5.3708,5.3906,100,100,36.8
2026-03-09 13:49:56.683Z,5.3707,5.3905,100,100,36.8
2026-03-09 13:49:57.454Z,5.3728,5.3894,100,100,30.8
2026-03-09 13:49:58.422Z,5.3685,5.3901,100,100,40.2
2026-03-09 13:49:59.472Z,5.3690,5.3910,100,100,40.9
2026-03-09 13:50:00.591Z,5.3506,5.3694,100,100,35.1
2026-03-09 13:50:01.890Z,5.3494,5.3702,100,100,38.8
2026-03-09 13:50:02.733Z,5.3489,5.3687,100,100,36.9
2026-03-09 13:50:03.460Z,5.3510,5.3690,100,100,33.6
2026-03-09 13:50:04.211Z,5.3489,5.3713,100,100,41.8
2026-03-09 13:50:05.266Z,5.3512,5.3704,100,100,35.8
2026-03-09 13:50:06.404Z,5.3507,5.3715,100,100,38.8
2026-03-09 13:50:07.831Z,5.3500,5.3718,100,100,40.7
2026-03-09 13:50:08.245Z,5.3500,5.3676,100,100,32.8
2026-03-09 13:50:09.081Z,5.3491,5.3729,100,100,44.4
2026-03-09 13:50:10.010Z,5.3502,5.3686,100,100,34.3
2026-03-09 13:50:11.778Z,5.3495,5.3715,100,100,41.0
2026-03-09 13:50:12.562Z,5.3511,5.3709,100,100,36.9
2026-03-09 13:50:13.219Z,5.3505,5.3687,100,100,34.0
2026-03-09 13:50:14.725Z,5.3491,5.3721,100,100,42.9
2026-03-09 13:50:15.121Z,5.3499,5.3689,100,100,35.5
2026-03-09 13:50:16.418Z,5.3493,5.3707,100,100,39.9
2026-03-09 13:50:17.213Z,5.3494,5.3694,100,100,37.3
2026-03-09 13:50:18.226Z,5.3516,5.3688,100,100,32.1
2026-03-09 13:50:19.748Z,5.3506,5.3674,100,100,31.3
2026-03-09 13:50:20.798Z,5.3482,5.3724,100,100,45.1
2026-03-09 13:50:21.178Z,5.3504,5.3690,100,100,34.7
2026-03-09 13:50:22.504Z,5.3497,5.3723,100,100,42.2
2026-03-09 13:50:23.892Z,5.3521,5.3697,100,100,32.8
2026-03-09 13:50:24.704Z,5.3501,5.3699,100,100,36.9
2026-03-09 13:50:25.634Z,5.3497,5.3711,100,100,39.9
2026-03-09 13:50:26.076Z,5.3495,5.3681,100,100,34.7
2026-03-09 13:50:27.492Z,5.3474,5.3708,100,100,43.7
2026-03-09 13:50:28.859Z,5.3499,5.3693,100,100,36.2
2026-03-09 13:50:29.467Z,5.3481,5.3697,100,100,40.3
2026-03-09 13:50:30.580Z,5.3483,5.3695,100,100,39.6
2026-03-09 13:50:31.417Z,5.3498,5.3706,100,100,38.8
2026-03-09 13:50:32.485Z,5.3472,5.3710,100,100,44.4
2026-03-09 13:50:33.281Z,5.3507,5.3691,100,100,34.3
2026-03-09 13:50:34.084Z,5.3497,5.3685,100,100,35.1
2026-03-09 13:50:35.347Z,5.3471,5.3711,100,100,44.8
2026-03-09 13:50:36.048Z,5.3509,5.3677,100,100,31.3
2026-03-09 13:50:37.389Z,5.3506,5.3692,100,100,34.7
2026-03-09 13:50:38.019Z,5.3527,5.3699,100,100,32.1
2026-03-09 13:50:39.057Z,5.3486,5.3702,100,100,40.3
2026-03-09 13:50:40.241Z,5.3492,5.3712,100,100,41.0
2026-03-09 13:50:41.299Z,5.3514,5.3694,100,100,33.6
2026-03-09 13:50:42.419Z,5.3500,5.3726,100,100,42.2
2026-03-09 13:50:43.408Z,5.3487,5.3719,100,100,43.3
2026-03-09 13:50:44.011Z,5.3506,5.3684,100,100,33.2
2026-03-09 13:50:45.013Z,5.3502,5.3714,100,100,39.5
2026-03-09 13:50:46.732Z,5.3501,5.3715,100,100,39.9
2026-03-09 13:50:47.314Z,5.3506,5.3696,100,100,35.4
2026-03-09 13:50:48.175Z,5.3513,5.3703,100,100,35.4
2026-03-09 13:50:49.237Z,5.3490,5.3708,100,100,40.7
2026-03-09 13:50:50.221Z,5.3521,5.3699,100,100,33.2
2026-03-09 13:50:51.076Z,5.3504,5.3700,100,100,36.6
2026-03-09 13:50:52.689Z,5.3487,5.3715,100,100,42.5
2026-03-09 13:50:53.705Z,5.3471,5.3703,100,100,43.3
2026-03-09 13:50:54.105Z,5.3505,5.3705,100,100,37.3
2026-03-09 13:50:55.604Z,5.3512,5.3710,100,100,36.9
2026-03-09 13:50:56.320Z,5.3511,5.3693,100,100,34.0
2026-03-09 13:50:57.579Z,5.3474,5.3710,100,100,44.0
2026-03-09 13:50:58.861Z,5.3501,5.3673,100,100,32.1
2026-03-09 13:50:59.322Z,5.3485,5.3715,100,100,42.9
2026-03-09 13:51:00.281Z,5.3485,5.3715,100,100,42.9
2026-03-09 13:51:01.679Z,5.3494,5.3704,100,100,39.2
2026-03-09 13:51:02.805Z,5.3463,5.3695,100,100,43.3
2026-03-09 13:51:03.767Z,5.3487,5.3701,100,100,39.9
2026-03-09 13:51:04.554Z,5.3487,5.3657,100,100,31.7
2026-03-09 13:51:05.694Z,5.3455,5.3671,100,100,40.3
2026-03-09 13:51:06.350Z,5.3434,5.3650,100,100,40.3
2026-03-09 13:51:07.295Z,5.3436,5.3638,100,100,37.7
2026-03-09 13:51:08.640Z,5.3439,5.3617,100,100,33.3
2026-03-09 13:51:09.241Z,5.3408,5.3606,100,100,37.0
2026-03-09 13:51:10.437Z,5.3409,5.3605,100,100,36.6
2026-03-09 13:51:11.272Z,5.3415,5.3593,100,100,33.3
2026-03-09 13:51:12.111Z,5.3393,5.3599,100,100,38.5
2026-03-09 13:51:13.289Z,5.3410,5.3598,100,100,35.1
2026-03-09 13:51:14.327Z,5.3423,5.3597,100,100,32.5
2026-03-09 13:51:15.402Z,5.3405,5.3615,100,100,39.2
2026-03-09 13:51:16.386Z,5.3415,5.3633,100,100,40.7
2026-03-09 13:51:17.835Z,5.3427,5.3603,100,100,32.9
2026-03-09 13:51:18.098Z,5.3413,5.3667,100,100,47.4
2026-03-09 13:51:19.167Z,5.3427,5.3629,100,100,37.7
2026-03-09 13:51:20.875Z,5.3434,5.3634,100,100,37.4
2026-03-09 13:51:21.306Z,5.3447,5.3665,100,100,40.7
2026-03-09 13:51:22.608Z,5.3472,5.3676,100,100,38.1
2026-03-09 13:51:23.438Z,5.3498,5.3708,100,100,39.2
2026-03-09 13:51:24.144Z,5.3509,5.3737,100,100,42.5
2026-03-09 13:51:25.330Z,5.3533,5.3749,100,100,40.3
2026-03-09 13:51:26.897Z,5.3541,5.3793,100,100,47.0
2026-03-09 13:51:27.862Z,5.3575,5.3817,100,100,45.1
2026-03-09 13:51:28.320Z,5.3602,5.3846,100,100,45.4
2026-03-09 13:51:29.592Z,5.3661,5.3847,100,100,34.6
2026-03-09 13:51:30.665Z,5.3663,5.3881,100,100,40.5
2026-03-09 13:51:31.225Z,5.3681,5.3913,100,100,43.1
2026-03-09 13:51:32.672Z,5.3717,5.3939,100,100,41.2
2026-03-09 13:51:33.640Z,5.3734,5.3966,100,100,43.1
2026-03-09 13:51:34.599Z,5.3747,5.3985,100,100,44.2
2026-03-09 13:51:35.274Z,5.3797,5.3965,100,100,31.2
2026-03-09 13:51:36.192Z,5.3789,5.3971,100,100,33.8
2026-03-09 13:51:37.352Z,5.3817,5.3997,100,100,33.4
2026-03-09 13:51:38.213Z,5.3806,5.3976,100,100,31.5
2026-03-09 13:51:39.705Z,5.3812,5.3976,100,100,30.4
2026-03-09 13:51:40.828Z,5.3780,5.3998,100,100,40.5
2026-03-09 13:51:41.788Z,5.3804,5.3978,100,100,32.3
2026-03-09 13:51:42.196Z,5.3778,5.4004,100,100,41.9
2026-03-09 13:51:43.441Z,5.3775,5.3995,100,100,40.8
2026-03-09 13:51:44.553Z,5.3787,5.3965,100,100,33.0
2026-03-09 13:51:45.564Z,5.3784,5.3974,100,100,35.3
2026-03-09 13:51:46.246Z,5.3774,5.3970,100,100,36.4
2026-03-09 13:51:47.459Z,5.3781,5.3981,100,100,37.1
2026-03-09 13:51:48.211Z,5.3780,5.3976,100,100,36.4
2026-03-09 13:51:49.369Z,5.3758,5.3986,100,100,42.3
2026-03-09 13:51:50.072Z,5.3782,5.3992,100,100,39.0
2026-03-09 13:51:51.671Z,5.3773,5.3981,100,100,38.6
2026-03-09 13:51:52.466Z,5.3751,5.3993,100,100,44.9
2026-03-09 13:51:53.731Z,5.3774,5.3978,100,100,37.9
2026-03-09 13:51:54.031Z,5.3794,5.3970,100,100,32.7
2026-03-09 13:51:55.165Z,5.3809,5.3995,100,100,34.5
2026-03-09 13:51:56.727Z,5.3819,5.3995,100,100,32.6
2026-03-09 13:51:57.660Z,5.3768,5.4002,100,100,43.4
2026-03-09 13:51:58.870Z,5.3793,5.4029,100,100,43.8
2026-03-09 13:51:59.217Z,5.3812,5.3988,100,100,32.7
2026-03-09 13:52:00.143Z,5.3816,5.3984,100,100,31.2
2026-03-09 13:52:01.845Z,5.3799,5.3973,100,100,32.3
2026-03-09 13:52:02.239Z,5.3783,5.4007,100,100,41.6
2026-03-09 13:52:03.262Z,5.3815,5.4007,100,100,35.6
2026-03-09 13:52:04.231Z,5.3793,5.4029,100,100,43.8
2026-03-09 13:52:05.858Z,5.3793,5.4027,100,100,43.4
2026-03-09 13:52:06.558Z,5.3799,5.3977,100,100,33.0
2026-03-09 13:52:07.627Z,5.3807,5.4017,100,100,39.0
2026-03-09 13:52:08.447Z,5.3787,5.4015,100,100,42.3
2026-03-09 13:52:09.676Z,5.3796,5.4024,100,100,42.3
2026-03-09 13:52:10.633Z,5.3808,5.4008,100,100,37.1
2026-03-09 13:52:11.181Z,5.3803,5.4003,100,100,37.1
2026-03-09 13:52:12.010Z,5.3800,5.3976,100,100,32.7
2026-03-09 13:52:13.151Z,5.3814,5.3978,100,100,30.4
2026-03-09 13:52:14.737Z,5.3786,5.3998,100,100,39.3
2026-03-09 13:52:15.429Z,5.3782,5.4006,100,100,41.6
2026-03-09 13:52:16.154Z,5.3774,5.4006,100,100,43.1
2026-03-09 13:52:17.118Z,5.3809,5.4007,100,100,36.7
2026-03-09 13:52:18.210Z,5.3771,5.4005,100,100,43.4
2026-03-09 13:52:19.346Z,5.3821,5.4007,100,100,34.5
2026-03-09 13:52:20.674Z,5.3817,5.4017,100,100,37.1
2026-03-09 13:52:21.083Z,5.3836,5.4000,100,100,30.4
2026-03-09 13:52:22.362Z,5.3848,5.4014,100,100,30.8
2026-03-09 13:52:23.134Z,5.3823,5.4063,100,100,44.5
2026-03-09 13:52:24.717Z,5.3874,5.4054,100,100,33.4
2026-03-09 13:52:25.040Z,5.3904,5.4074,100,100,31.5
2026-03-09 13:52:26.267Z,5.3891,5.4099,100,100,38.5
2026-03-09 13:52:27.622Z,5.3897,5.4153,100,100,47.4
2026-03-09 13:52:28.078Z,5.3942,5.4132,100,100,35.2
2026-03-09 13:52:29.199Z,5.3936,5.4184,100,100,45.9
2026-03-09 13:52:30.430Z,5.4007,5.4187,100,100,33.3
2026-03-09 13:52:31.543Z,5.3994,5.4232,100,100,44.0
2026-03-09 13:52:32.074Z,5.4016,5.4236,100,100,40.6
2026-03-09 13:52:33.758Z,5.4024,5.4270,100,100,45.4
2026-03-09 13:52:34.163Z,5.4051,5.4279,100,100,42.1
2026-03-09 13:52:35.445Z,5.4094,5.4278,100,100,34.0
2026-03-09 13:52:36.103Z,5.4089,5.4301,100,100,39.1
2026-03-09 13:52:37.217Z,5.4088,5.4320,100,100,42.8
2026-03-09 13:52:38.737Z,5.4089,5.4327,100,100,43.9
2026-03-09 13:52:39.382Z,5.4106,5.4314,100,100,38.4
2026-03-09 13:52:40.279Z,5.4079,5.4311,100,100,42.8
2026-03-09 13:52:41.671Z,5.4073,5.4305,100,100,42.8
2026-03-09 13:52:42.380Z,5.4052,5.4298,100,100,45.4
2026-03-09 13:52:43.434Z,5.4057,5.4245,100,100,34.7
2026-03-09 13:52:44.008Z,5.4064,5.4266,100,100,37.3
2026-03-09 13:52:45.205Z,5.4047,5.4223,100,100,32.5
2026-03-09 13:52:46.808Z,5.4050,5.4260,100,100,38.8
2026-03-09 13:52:47.296Z,5.4041,5.4229,100,100,34.7
2026-03-09 13:52:48.354Z,5.4021,5.4213,100,100,35.5
2026-03-09 13:52:49.761Z,5.4006,5.4246,100,100,44.3
2026-03-09 13:52:50.180Z,5.4025,5.4199,100,100,32.2
2026-03-09 13:52:51.775Z,5.3939,5.4203,100,100,48.8
2026-03-09 13:52:52.620Z,5.3968,5.4138,100,100,31.5
2026-03-09 13:52:53.824Z,5.3963,5.4133,100,100,31.5
2026-03-09 13:52:54.223Z,5.3918,5.4116,100,100,36.7
2026-03-09 13:52:55.631Z,5.3903,5.4075,100,100,31.9
2026-03-09 13:52:56.271Z,5.3872,5.4084,100,100,39.3
2026-03-09 13:52:57.710Z,5.3822,5.4078,100,100,47.5
2026-03-09 13:52:58.307Z,5.3858,5.4050,100,100,35.6
2026-03-09 13:52:59.315Z,5.3839,5.4061,100,100,41.1
2026-03-09 13:53:00.422Z,5.3816,5.3984,100,100,31.2
2026-03-09 13:53:01.470Z,5.3820,5.4004,100,100,34.1
2026-03-09 13:53:02.364Z,5.3780,5.4020,100,100,44.5
2026-03-09 13:53:03.480Z,5.3795,5.4027,100,100,43.0
2026-03-09 13:53:04.321Z,5.3821,5.3999,100,100,33.0
2026-03-09 13:53:05.433Z,5.3805,5.4007,100,100,37.5
2026-03-09 13:53:06.674Z,5.3805,5.3997,100,100,35.6
2026-03-09 13:53:07.531Z,5.3778,5.4014,100,100,43.8
2026-03-09 13:53:08.691Z,5.3802,5.4016,100,100,39.7
2026-03-09 13:53:09.525Z,5.3788,5.4022,100,100,43.4
2026-03-09 13:53:10.248Z,5.3806,5.3994,100,100,34.9
2026-03-09 13:53:11.218Z,5.3769,5.4013,100,100,45.3
2026-03-09 13:53:12.016Z,5.3782,5.4014,100,100,43.0
2026-03-09 13:53:13.042Z,5.3775,5.4005,100,100,42.7
2026-03-09 13:53:14.565Z,5.3776,5.4010,100,100,43.4
2026-03-09 13:53:15.681Z,5.3792,5.4000,100,100,38.6
2026-03-09 13:53:16.529Z,5.3810,5.4008,100,100,36.7
2026-03-09 13:53:17.385Z,5.3795,5.3987,100,100,35.6
2026-03-09 13:53:18.536Z,5.3810,5.4012,100,100,37.5
2026-03-09 13:53:19.826Z,5.3813,5.4003,100,100,35.2
2026-03-09 13:53:20.695Z,5.3766,5.4016,100,100,46.4
2026-03-09 13:53:21.332Z,5.3792,5.3984,100,100,35.6
2026-03-09 13:53:22.604Z,5.3789,5.4023,100,100,43.4
2026-03-09 13:53:23.550Z,5.3797,5.4023,100,100,41.9
2026-03-09 13:53:24.683Z,5.3777,5.4013,100,100,43.8
2026-03-09 13:53:25.195Z,5.3812,5.4000,100,100,34.9
2026-03-09 13:53:26.360Z,5.3791,5.3987,100,100,36.4
2026-03-09 13:53:27.537Z,5.3791,5.4019,100,100,42.3
2026-03-09 13:53:28.047Z,5.3801,5.4023,100,100,41.2
2026-03-09 13:53:29.719Z,5.3776,5.4020,100,100,45.3
2026-03-09 13:53:30.104Z,5.3810,5.4006,100,100,36.4
2026-03-09 13:53:31.838Z,5.3792,5.3990,100,100,36.7
2026-03-09 13:53:32.084Z,5.3802,5.3972,100,100,31.5
2026-03-09 13:53:33.300Z,5.3808,5.3990,100,100,33.8
2026-03-09 13:53:34.774Z,5.3776,5.4012,100,100,43.8
2026-03-09 13:53:35.036Z,5.3823,5.3997,100,100,32.3
2026-03-09 13:53:36.239Z,5.3786,5.4026,100,100,44.5
2026-03-09 13:53:37.018Z,5.3796,5.3982,100,100,34.5
2026-03-09 13:53:38.195Z,5.3796,5.4026,100,100,42.7
2026-03-09 13:53:39.851Z,5.3794,5.3994,100,100,37.1
2026-03-09 13:53:40.531Z,5.3788,5.4028,100,100,44.5
2026-03-09 13:53:41.188Z,5.3808,5.3996,100,100,34.9
2026-03-09 13:53:42.746Z,5.3782,5.4006,100,100,41.6
2026-03-09 13:53:43.119Z,5.3789,5.4021,100,100,43.0
2026-03-09 13:53:44.086Z,5.3814,5.4006,100,100,35.6
2026-03-09 13:53:45.117Z,5.3806,5.4012,100,100,38.2
2026-03-09 13:53:46.569Z,5.3779,5.3999,100,100,40.8
2026-03-09 13:53:47.328Z,5.3787,5.4017,100,100,42.7
2026-03-09 13:53:48.634Z,5.3792,5.3986,100,100,36.0
2026-03-09 13:53:49.424Z,5.3807,5.3987,100,100,33.4
2026-03-09 13:53:50.103Z,5.3795,5.4019,100,100,41.6
2026-03-09 13:53:51.201Z,5.3797,5.3995,100,100,36.7
2026-03-09 13:53:52.571Z,5.3813,5.3975,100,100,30.1
2026-03-09 13:53:53.180Z,5.3821,5.4003,100,100,33.8
2026-03-09 13:53:54.323Z,5.3805,5.4005,100,100,37.1
2026-03-09 13:53:55.674Z,5.3792,5.3994,100,100,37.5
2026-03-09 13:53:56.835Z,5.3811,5.3973,100,100,30.1
2026-03-09 13:53:57.814Z,5.3797,5.4009,100,100,39.3
2026-03-09 13:53:58.871Z,5.3803,5.4001,100,100,36.7
2026-03-09 13:53:59.612Z,5.3786,5.4014,100,100,42.3
2026-03-09 13:54:00.016Z,5.3831,5.4069,100,100,44.1
2026-03-09 13:54:01.488Z,5.3839,5.4053,100,100,39.7
2026-03-09 13:54:02.786Z,5.3848,5.4036,100,100,34.9
2026-03-09 13:54:03.665Z,5.3840,5.4052,100,100,39.3
2026-03-09 13:54:04.045Z,5.3853,5.4043,100,100,35.2
2026-03-09 13:54:05.396Z,5.3807,5.4043,100,100,43.8
2026-03-09 13:54:06.863Z,5.3821,5.4053,100,100,43.0
2026-03-09 13:54:07.173Z,5.3839,5.4023,100,100,34.1
2026-03-09 13:54:08.598Z,5.3821,5.4017,100,100,36.4
2026-03-09 13:54:09.639Z,5.3808,5.4012,100,100,37.8
2026-03-09 13:54:10.456Z,5.3795,5.4031,100,100,43.8
2026-03-09 13:54:11.582Z,5.3797,5.4011,100,100,39.7
2026-03-09 13:54:12.673Z,5.3818,5.3994,100,100,32.6
2026-03-09 13:54:13.063Z,5.3811,5.3999,100,100,34.9
2026-03-09 13:54:14.416Z,5.3792,5.4024,100,100,43.0
2026-03-09 13:54:15.605Z,5.3806,5.4026,100,100,40.8
2026-03-09 13:54:16.855Z,5.3822,5.3988,100,100,30.8
2026-03-09 13:54:17.037Z,5.3788,5.4026,100,100,44.2
2026-03-09 13:54:18.523Z,5.3811,5.4023,100,100,39.3
2026-03-09 13:54:19.428Z,5.3830,5.4016,100,100,34.5
2026-03-09 13:54:20.338Z,5.3812,5.4054,100,100,44.9
2026-03-09 13:54:21.563Z,5.3827,5.4043,100,100,40.0
2026-03-09 13:54:22.862Z,5.3861,5.4031,100,100,31.5
2026-03-09 13:54:23.649Z,5.3861,5.4081,100,100,40.8
2026-03-09 13:54:24.092Z,5.3859,5.4073,100,100,39.7
2026-03-09 13:54:25.781Z,5.3886,5.4110,100,100,41.5
2026-03-09 13:54:26.335Z,5.3897,5.4147,100,100,46.3
2026-03-09 13:54:27.006Z,5.3924,5.4146,100,100,41.1
2026-03-09 13:54:28.320Z,5.3961,5.4173,100,100,39.2
2026-03-09 13:54:29.454Z,5.3975,5.4183,100,100,38.5
2026-03-09 13:54:30.804Z,5.3997,5.4183,100,100,34.4
2026-03-09 13:54:31.654Z,5.3994,5.4224,100,100,42.5
2026-03-09 13:54:32.033Z,5.4032,5.4216,100,100,34.0
2026-03-09 13:54:33.014Z,5.4026,5.4280,100,100,46.9
2026-03-09 13:54:34.028Z,5.4043,5.4263,100,100,40.6
2026-03-09 13:54:35.593Z,5.4097,5.4287,100,100,35.1
2026-03-09 13:54:36.304Z,5.4067,5.4303,100,100,43.6
2026-03-09 13:54:37.094Z,5.4065,5.4305,100,100,44.3
2026-03-09 13:54:38.245Z,5.4085,5.4285,100,100,36.9
2026-03-09 13:54:39.127Z,5.4071,5.4313,124,100,44.7
2026-03-09 13:54:40.494Z,5.4098,5.4288,100,100,35.1
2026-03-09 13:54:41.119Z,5.4081,5.4271,100,100,35.1
2026-03-09 13:54:42.511Z,5.4085,5.4265,100,100,33.2
2026-03-09 13:54:43.128Z,5.4077,5.4267,100,100,35.1
2026-03-09 13:54:44.015Z,5.4057,5.4287,100,100,42.5
2026-03-09 13:54:45.480Z,5.4081,5.4261,100,100,33.2
2026-03-09 13:54:46.625Z,5.4073,5.4255,100,100,33.6
2026-03-09 13:54:47.879Z,5.4065,5.4253,100,100,34.7
2026-03-09 13:54:48.737Z,5.4050,5.4244,100,100,35.8
2026-03-09 13:54:49.030Z,5.4056,5.4228,100,100,31.8
2026-03-09 13:54:50.705Z,5.4028,5.4272,100,100,45.1
2026-03-09 13:54:51.605Z,5.4033,5.4239,100,100,38.1
2026-03-09 13:54:52.799Z,5.4049,5.4227,100,100,32.9
2026-03-09 13:54:53.301Z,5.4039,5.4219,100,100,33.3
2026-03-09 13:54:54.743Z,5.3999,5.4243,100,100,45.1
2026-03-09 13:54:55.593Z,5.3996,5.4228,100,100,42.9
2026-03-09 13:54:56.368Z,5.4035,5.4201,100,100,30.7
2026-03-09 13:54:57.638Z,5.4013,5.4191,100,100,32.9
2026-03-09 13:54:58.448Z,5.4018,5.4186,100,100,31.1
2026-03-09 13:54:59.536Z,5.3998,5.4202,100,100,37.7
2026-03-09 13:55:00.020Z,5.3813,5.3987,100,100,32.3
2026-03-09 13:55:01.058Z,5.3812,5.3978,100,100,30.8
2026-03-09 13:55:02.897Z,5.3809,5.3991,100,100,33.8
2026-03-09 13:55:03.495Z,5.3793,5.4023,100,100,42.7
2026-03-09 13:55:04.239Z,5.3794,5.4032,100,100,44.1
2026-03-09 13:55:05.313Z,5.3825,5.3995,100,100,31.5
2026-03-09 13:55:06.629Z,5.3816,5.4010,100,100,36.0
2026-03-09 13:55:07.001Z,5.3817,5.3991,100,100,32.3
2026-03-09 13:55:08.002Z,5.3805,5.4013,100,100,38.6
2026-03-09 13:55:09.589Z,5.3806,5.4018,100,100,39.3
2026-03-09 13:55:10.798Z,5.3802,5.3972,100,100,31.5
2026-03-09 13:55:11.073Z,5.3816,5.4000,149,100,34.1
2026-03-09 13:55:12.864Z,5.3794,5.4010,100,154,40.1
2026-03-09 13:55:13.526Z,5.3823,5.3995,165,100,31.9
2026-03-09 13:55:14.388Z,5.3791,5.3997,100,100,38.2
2026-03-09 13:55:15.618Z,5.3807,5.3983,100,100,32.7
2026-03-09 13:55:16.637Z,5.3796,5.3980,100,100,34.1
2026-03-09 13:55:17.626Z,5.3790,5.4012,100,100,41.2
2026-03-09 13:55:18.728Z,5.3802,5.3982,100,100,33.4
2026-03-09 13:55:19.313Z,5.3790,5.4016,100,100,41.9
2026-03-09 13:55:20.492Z,5.3805,5.4023,100,100,40.4
2026-03-09 13:55:21.367Z,5.3800,5.4022,100,100,41.2
2026-03-09 13:55:22.795Z,5.3817,5.4041,100,100,41.5
2026-03-09 13:55:23.633Z,5.3850,5.4060,100,100,38.9
2026-03-09 13:55:24.812Z,5.3847,5.4071,100,100,41.5
2026-03-09 13:55:25.199Z,5.3872,5.4126,100,100,47.0
2026-03-09 13:55:26.848Z,5.3916,5.4098,100,100,33.7
2026-03-09 13:55:27.049Z,5.3934,5.4134,100,100,37.0
2026-03-09 13:55:28.855Z,5.3918,5.4160,100,100,44.8
2026-03-09 13:55:29.123Z,5.3962,5.4204,100,100,44.7
2026-03-09 13:55:30.794Z,5.3998,5.4186,100,100,34.8
2026-03-09 13:55:31.700Z,5.4022,5.4194,100,100,31.8
2026-03-09 13:55:32.474Z,5.4045,5.4247,100,100,37.3
2026-03-09 13:55:33.581Z,5.4055,5.4225,100,100,31.4
2026-03-09 13:55:34.325Z,5.4069,5.4277,100,100,38.4
2026-03-09 13:55:35.821Z,5.4091,5.4273,100,100,33.6
2026-03-09 13:55:36.445Z,5.4055,5.4297,100,100,44.7
2026-03-09 13:55:37.576Z,5.4078,5.4304,101,100,41.7
2026-03-09 13:55:38.879Z,5.4119,5.4293,100,100,32.1
2026-03-09 13:55:39.575Z,5.4093,5.4293,100,100,36.9
2026-03-09 13:55:40.029Z,5.4093,5.4315,100,100,41.0
2026-03-09 13:55:41.432Z,5.4080,5.4308,100,100,42.1
2026-03-09 13:55:42.506Z,5.4102,5.4294,100,100,35.4
2026-03-09 13:55:43.490Z,5.4072,5.4294,100,100,41.0
2026-03-09 13:55:44.821Z,5.4053,5.4277,100,100,41.4
2026-03-09 13:55:45.243Z,5.4094,5.4278,100,100,34.0
2026-03-09 13:55:46.448Z,5.4055,5.4285,100,100,42.5
2026-03-09 13:55:47.718Z,5.4088,5.4276,100,100,34.7
2026-03-09 13:55:48.764Z,5.4053,5.4283,100,100,42.5
2026-03-09 13:55:49.539Z,5.4083,5.4253,100,100,31.4
2026-03-09 13:55:50.857Z,5.4072,5.4302,100,100,42.4
2026-03-09 13:55:51.312Z,5.4099,5.4265,100,100,30.6
2026-03-09 13:55:52.268Z,5.4067,5.4309,100,100,44.7
2026-03-09 13:55:53.711Z,5.4064,5.4304,100,100,44.3
2026-03-09 13:55:54.238Z,5.4075,5.4313,100,100,43.9
2026-03-09 13:55:55.124Z,5.4079,5.4289,100,100,38.8
2026-03-09 13:55:56.135Z,5.4076,5.4290,100,100,39.5
2026-03-09 13:55:57.682Z,5.4094,5.4318,100,100,41.3
2026-03-09 13:55:58.672Z,5.4119,5.4285,100,100,30.6
2026-03-09 13:55:59.784Z,5.4081,5.4319,100,100,43.9
2026-03-09 13:56:00.251Z,5.4040,5.4260,100,100,40.6
2026-03-09 13:56:01.349Z,5.4036,5.4238,100,100,37.3
2026-03-09 13:56:02.137Z,5.4064,5.4240,100,100,32.5
2026-03-09 13:56:03.104Z,5.4049,5.4227,100,100,32.9
2026-03-09 13:56:04.663Z,5.4055,5.4223,100,100,31.0
2026-03-09 13:56:05.266Z,5.4056,5.4224,100,100,31.0
2026-03-09 13:56:06.311Z,5.4034,5.4252,100,100,40.3
2026-03-09 13:56:07.857Z,5.4051,5.4259,100,100,38.4
2026-03-09 13:56:08.170Z,5.4041,5.4275,100,100,43.2
2026-03-09 13:56:09.130Z,5.4035,5.4273,100,100,43.9
2026-03-09 13:56:10.322Z,5.4059,5.4263,100,100,37.7
2026-03-09 13:56:11.164Z,5.4045,5.4253,100,100,38.4
2026-03-09 13:56:12.256Z,5.4037,5.4259,100,100,41.0
2026-03-09 13:56:13.410Z,5.4056,5.4252,100,100,36.2
2026-03-09 13:56:14.532Z,5.4016,5.4264,100,100,45.8
2026-03-09 13:56:15.748Z,5.4039,5.4261,100,100,41.0
2026-03-09 13:56:16.304Z,5.4045,5.4273,100,100,42.1
2026-03-09 13:56:17.745Z,5.4046,5.4276,100,100,42.5
2026-03-09 13:56:18.385Z,5.4049,5.4231,100,100,33.6
2026-03-09 13:56:19.373Z,5.4062,5.4258,100,100,36.2
2026-03-09 13:56:20.667Z,5.4040,5.4272,100,100,42.8
2026-03-09 13:56:21.327Z,5.4048,5.4270,100,100,41.0
2026-03-09 13:56:22.430Z,5.4021,5.4263,100,100,44.7
2026-03-09 13:56:23.447Z,5.4032,5.4252,100,100,40.6
2026-03-09 13:56:24.537Z,5.4037,5.4289,100,100,46.5
2026-03-09 13:56:25.392Z,5.4022,5.4260,100,100,44.0
2026-03-09 13:56:26.450Z,5.4052,5.4274,100,100,41.0
2026-03-09 13:56:27.426Z,5.4035,5.4251,100,100,39.9
2026-03-09 13:56:28.072Z,5.4033,5.4249,100,100,39.9
2026-03-09 13:56:29.472Z,5.4037,5.4263,100,100,41.7
2026-03-09 13:56:30.589Z,5.4075,5.4243,100,100,31.0
2026-03-09 13:56:31.668Z,5.4059,5.4265,100,100,38.0
2026-03-09 13:56:32.499Z,5.4066,5.4248,100,100,33.6
2026-03-09 13:56:33.753Z,5.4064,5.4234,100,100,31.4
2026-03-09 13:56:34.836Z,5.4054,5.4258,100,100,37.7
2026-03-09 13:56:35.825Z,5.4060,5.4258,100,100,36.6
2026-03-09 13:56:36.600Z,5.4059,5.4253,100,100,35.8
2026-03-09 13:56:37.406Z,5.4044,5.4240,100,100,36.2
2026-03-09 13:56:38.824Z,5.4040,5.4268,100,100,42.1
2026-03-09 13:56:39.741Z,5.4066,5.4236,100,100,31.4
2026-03-09 13:56:40.398Z,5.4051,5.4269,100,100,40.3
2026-03-09 13:56:41.140Z,5.4010,5.4264,100,100,46.9
2026-03-09 13:56:42.267Z,5.4036,5.4290,100,100,46.9
2026-03-09 13:56:43.132Z,5.4036,5.4242,100,100,38.1
2026-03-09 13:56:44.412Z,5.4056,5.4224,100,100,31.0
2026-03-09 13:56:45.146Z,5.4045,5.4251,100,100,38.0
2026-03-09 13:56:46.718Z,5.4027,5.4247,100,100,40.6
2026-03-09 13:56:47.010Z,5.4051,5.4243,100,100,35.5
2026-03-09 13:56:48.413Z,5.4044,5.4270,100,100,41.7
2026-03-09 13:56:49.848Z,5.4060,5.4238,100,100,32.9
2026-03-09 13:56:50.355Z,5.4036,5.4250,100,100,39.5
2026-03-09 13:56:51.317Z,5.4044,5.4266,100,100,41.0
2026-03-09 13:56:52.569Z,5.4039,5.4247,100,100,38.4
2026-03-09 13:56:53.549Z,5.4051,5.4263,100,100,39.1
2026-03-09 13:56:54.720Z,5.4077,5.4249,100,100,31.8
2026-03-09 13:56:55.637Z,5.4054,5.4226,100,100,31.8
2026-03-09 13:56:56.876Z,5.4038,5.4280,100,100,44.7
2026-03-09 13:56:57.146Z,5.4050,5.4242,100,100,35.5
2026-03-09 13:56:58.280Z,5.4019,5.4257,100,100,44.0
2026-03-09 13:56:59.833Z,5.4062,5.4238,100,100,32.5
2026-03-09 13:57:00.745Z,5.4052,5.4248,100,100,36.2
2026-03-09 13:57:01.033Z,5.4053,5.4257,100,100,37.7
2026-03-09 13:57:02.763Z,5.4052,5.4256,100,100,37.7
2026-03-09 13:57:03.810Z,5.4043,5.4245,100,100,37.3
2026-03-09 13:57:04.391Z,5.4047,5.4259,100,100,39.1
2026-03-09 13:57:05.084Z,5.4040,5.4244,100,100,37.7
2026-03-09 13:57:06.116Z,5.4027,5.4267,100,100,44.3
2026-03-09 13:57:07.357Z,5.4046,5.4238,100,100,35.5
2026-03-09 13:57:08.633Z,5.4029,5.4261,100,100,42.8
2026-03-09 13:57:09.626Z,5.4063,5.4249,100,100,34.3
2026-03-09 13:57:10.487Z,5.4046,5.4238,100,100,35.5
2026-03-09 13:57:11.216Z,5.4024,5.4250,100,134,41.7
2026-03-09 13:57:12.506Z,5.4056,5.4242,118,100,34.3
2026-03-09 13:57:13.790Z,5.4040,5.4274,100,100,43.2
2026-03-09 13:57:14.479Z,5.4040,5.4272,100,100,42.8
2026-03-09 13:57:15.492Z,5.4014,5.4262,100,100,45.8
2026-03-09 13:57:16.743Z,5.4061,5.4223,100,100,29.9
2026-03-09 13:57:17.736Z,5.4050,5.4236,100,100,34.4
2026-03-09 13:57:18.552Z,5.4055,5.4233,100,100,32.9
2026-03-09 13:57:19.401Z,5.4027,5.4259,100,100,42.8
2026-03-09 13:57:20.755Z,5.4052,5.4272,100,100,40.6
2026-03-09 13:57:21.586Z,5.4060,5.4272,100,100,39.1
2026-03-09 13:57:22.238Z,5.4081,5.4261,100,100,33.2
2026-03-09 13:57:23.499Z,5.4073,5.4297,100,100,41.3
2026-03-09 13:57:24.507Z,5.4081,5.4265,100,100,34.0
2026-03-09 13:57:25.282Z,5.4089,5.4269,100,100,33.2
2026-03-09 13:57:26.578Z,5.4091,5.4317,100,100,41.7
2026-03-09 13:57:27.181Z,5.4113,5.4327,100,100,39.5
2026-03-09 13:57:28.165Z,5.4134,5.4318,100,100,33.9
2026-03-09 13:57:29.364Z,5.4151,5.4339,100,100,34.7
2026-03-09 13:57:30.671Z,5.4146,5.4342,100,100,36.1
2026-03-09 13:57:31.542Z,5.4161,5.4349,100,100,34.7
2026-03-09 13:57:32.399Z,5.4160,5.4394,100,100,43.1
2026-03-09 13:57:33.554Z,5.4156,5.4394,100,100,43.9
2026-03-09 13:57:34.891Z,5.4153,5.4391,100,100,43.9
2026-03-09 13:57:35.274Z,5.4167,5.4393,100,100,41.6
2026-03-09 13:57:36.073Z,5.4206,5.4404,100,100,36.5
2026-03-09 13:57:37.178Z,5.4185,5.4407,100,100,40.9
2026-03-09 13:57:38.815Z,5.4210,5.4392,100,100,33.5
2026-03-09 13:57:39.379Z,5.4188,5.4390,100,100,37.2
2026-03-09 13:57:40.404Z,5.4208,5.4410,100,100,37.2
2026-03-09 13:57:41.710Z,5.4183,5.4413,100,100,42.4
2026-03-09 13:57:42.746Z,5.4210,5.4376,100,100,30.6
2026-03-09 13:57:43.098Z,5.4193,5.4369,100,100,32.4
2026-03-09 13:57:44.822Z,5.4196,5.4362,100,100,30.6
2026-03-09 13:57:45.678Z,5.4171,5.4393,100,100,40.9
2026-03-09 13:57:46.763Z,5.4185,5.4351,100,100,30.6
2026-03-09 13:57:47.614Z,5.4192,5.4358,100,100,30.6
2026-03-09 13:57:48.369Z,5.4130,5.4374,100,100,45.0
2026-03-09 13:57:49.767Z,5.4142,5.4338,100,100,36.1
2026-03-09 13:57:50.251Z,5.4140,5.4314,100,100,32.1
2026-03-09 13:57:51.354Z,5.4132,5.4316,100,100,33.9
2026-03-09 13:57:52.042Z,5.4113,5.4319,100,100,38.0
2026-03-09 13:57:53.734Z,5.4097,5.4291,100,100,35.8
2026-03-09 13:57:54.063Z,5.4098,5.4292,100,100,35.8
2026-03-09 13:57:55.025Z,5.4049,5.4283,100,100,43.2
2026-03-09 13:57:56.332Z,5.4063,5.4243,100,100,33.2
2026-03-09 13:57:57.662Z,5.4072,5.4258,100,100,34.3
2026-03-09 13:57:58.366Z,5.4028,5.4256,100,100,42.1
2026-03-09 13:57:59.794Z,5.4052,5.4248,100,100,36.2
2026-03-09 13:59:00.267Z,5.4044,5.4256,100,100,39.2
2026-03-09 13:59:01.116Z,5.4056,5.4246,100,100,35.1
2026-03-09 13:59:02.898Z,5.4063,5.4267,100,100,37.7
2026-03-09 13:59:03.470Z,5.4091,5.4277,100,100,34.3
2026-03-09 13:59:04.041Z,5.4094,5.4282,100,100,34.7
2026-03-09 13:59:05.824Z,5.4111,5.4315,100,100,37.6
2026-03-09 13:59:06.896Z,5.4116,5.4316,100,100,36.9
2026-03-09 13:59:07.823Z,5.4116,5.4352,100,100,43.5
2026-03-09 13:59:08.586Z,5.4171,5.4363,100,100,35.4
2026-03-09 13:59:09.763Z,5.4188,5.4380,100,100,35.4
2026-03-09 13:59:10.059Z,5.4166,5.4398,100,100,42.7
2026-03-09 13:59:11.871Z,5.4214,5.4400,100,100,34.2
2026-03-09 13:59:12.659Z,5.4193,5.4415,100,100,40.9
2026-03-09 13:59:13.460Z,5.4206,5.4402,100,100,36.1
2026-03-09 13:59:14.632Z,5.4173,5.4387,100,100,39.4
2026-03-09 13:59:15.736Z,5.4169,5.4397,100,100,42.0
2026-03-09 13:59:16.545Z,5.4146,5.4360,100,100,39.4
2026-03-09 13:59:17.101Z,5.4149,5.4363,100,100,39.4
2026-03-09 13:59:18.645Z,5.4160,5.4350,100,100,35.0
2026-03-09 13:59:19.815Z,5.4145,5.4365,100,100,40.5
2026-03-09 13:59:20.359Z,5.4136,5.4328,100,100,35.4
2026-03-09 13:59:21.490Z,5.4137,5.4317,100,100,33.2
2026-03-09 13:59:22.118Z,5.4103,5.4331,100,100,42.1
2026-03-09 13:59:23.215Z,5.4094,5.4322,100,100,42.1
2026-03-09 13:59:24.781Z,5.4099,5.4277,100,100,32.8
2026-03-09 13:59:25.297Z,5.4054,5.4284,100,100,42.5
2026-03-09 13:59:26.052Z,5.4053,5.4257,100,100,37.7
2026-03-09 13:59:27.296Z,5.4012,5.4256,100,100,45.1
2026-03-09 13:59:28.802Z,5.4019,5.4243,100,100,41.4
2026-03-09 13:59:29.847Z,5.4020,5.4204,100,100,34.0
2026-03-09 13:59:30.096Z,5.3980,5.4188,100,100,38.5
2026-03-09 13:59:31.253Z,5.3952,5.4176,100,100,41.4
2026-03-09 13:59:32.729Z,5.3945,5.4145,100,100,37.0
2026-03-09 13:59:33.605Z,5.3929,5.4149,100,100,40.7
2026-03-09 13:59:34.314Z,5.3948,5.4128,100,100,33.3
2026-03-09 13:59:35.090Z,5.3923,5.4127,100,100,37.8
2026-03-09 13:59:36.128Z,5.3929,5.4115,100,100,34.4
2026-03-09 13:59:37.567Z,5.3891,5.4101,100,100,38.9
2026-03-09 13:59:38.596Z,5.3899,5.4091,100,100,35.6
2026-03-09 13:59:39.460Z,5.3917,5.4087,100,100,31.5
2026-03-09 13:59:40.217Z,5.3896,5.4110,100,100,39.6
2026-03-09 13:59:41.779Z,5.3908,5.4092,100,100,34.1
2026-03-09 13:59:42.729Z,5.3908,5.4106,100,100,36.7
2026-03-09 13:59:43.458Z,5.3902,5.4138,100,100,43.7
2026-03-09 13:59:44.194Z,5.3922,5.4114,100,100,35.5
2026-03-09 13:59:45.851Z,5.3918,5.4118,100,100,37.0
2026-03-09 13:59:46.016Z,5.3933,5.4135,100,100,37.4
2026-03-09 13:59:47.424Z,5.3921,5.4097,100,100,32.6
2026-03-09 13:59:48.319Z,5.3913,5.4131,100,100,40.4
2026-03-09 13:59:49.216Z,5.3900,5.4140,100,100,44.4
2026-03-09 13:59:50.585Z,5.3946,5.4114,100,100,31.1
2026-03-09 13:59:51.758Z,5.3935,5.4107,100,100,31.8
2026-03-09 13:59:52.336Z,5.3900,5.4120,100,100,40.7
2026-03-09 13:59:53.354Z,5.3916,5.4124,100,100,38.5
2026-03-09 13:59:54.393Z,5.3919,5.4119,100,100,37.0
2026-03-09 13:59:55.521Z,5.3902,5.4088,100,100,34.4
2026-03-09 13:59:56.862Z,5.3879,5.4111,100,100,43.0
2026-03-09 13:59:57.873Z,5.3876,5.4114,100,100,44.1
2026-03-09 13:59:58.340Z,5.3916,5.4094,100,100,33.0
2026-03-09 13:59:59.607Z,5.3894,5.4106,100,100,39.3
2026-03-09 14:00:00.571Z,5.3909,5.4091,100,100,33.7
2026-03-09 14:00:01.288Z,5.3902,5.4074,100,100,31.9
2026-03-09 14:00:02.805Z,5.3909,5.4087,100,100,33.0
2026-03-09 14:00:03.076Z,5.3888,5.4094,100,100,38.2
2026-03-09 14:00:04.512Z,5.3895,5.4103,100,100,38.5
2026-03-09 14:00:05.610Z,5.3895,5.4129,100,100,43.3
2026-03-09 14:00:06.406Z,5.3925,5.4101,100,100,32.6
2026-03-09 14:00:07.265Z,5.3905,5.4099,100,100,35.9
2026-03-09 14:00:08.682Z,5.3917,5.4091,100,100,32.2
2026-03-09 14:00:09.105Z,5.3906,5.4112,100,100,38.1
2026-03-09 14:00:10.194Z,5.3889,5.4117,100,100,42.2
2026-03-09 14:00:11.086Z,5.3912,5.4080,100,100,31.1
2026-03-09 14:00:12.443Z,5.3907,5.4081,100,100,32.2
2026-03-09 14:00:13.631Z,5.3886,5.4112,100,100,41.9
2026-03-09 14:00:14.647Z,5.3889,5.4093,100,100,37.8
2026-03-09 14:00:15.368Z,5.3896,5.4082,100,100,34.5
2026-03-09 14:00:16.115Z,5.3895,5.4099,100,100,37.8
2026-03-09 14:00:17.573Z,5.3897,5.4111,100,100,39.6
2026-03-09 14:00:18.217Z,5.3910,5.4086,100,100,32.6
2026-03-09 14:00:19.525Z,5.3924,5.4094,100,100,31.5
2026-03-09 14:00:20.291Z,5.3914,5.4096,100,100,33.7
2026-03-09 14:00:21.653Z,5.3897,5.4143,100,100,45.5
2026-03-09 14:00:22.697Z,5.3934,5.4162,100,100,42.2
2026-03-09 14:00:23.894Z,5.3957,5.4161,100,100,37.7
2026-03-09 14:00:24.067Z,5.4007,5.4185,100,100,32.9
2026-03-09 14:00:25.495Z,5.4024,5.4198,100,100,32.2
2026-03-09 14:00:26.298Z,5.4031,5.4265,100,100,43.2
2026-03-09 14:00:27.782Z,5.4066,5.4266,100,100,36.9
2026-03-09 14:00:28.606Z,5.4119,5.4305,100,100,34.3
2026-03-09 14:00:29.528Z,5.4119,5.4359,100,100,44.2
2026-03-09 14:00:30.102Z,5.4171,5.4345,100,100,32.1
2026-03-09 14:00:31.263Z,5.4190,5.4384,100,100,35.7
2026-03-09 14:00:32.562Z,5.4215,5.4409,100,100,35.7
2026-03-09 14:00:33.086Z,5.4252,5.4426,100,100,32.0
2026-03-09 14:00:34.536Z,5.4243,5.4443,100,100,36.8
2026-03-09 14:00:35.894Z,5.4264,5.4478,100,100,39.4
2026-03-09 14:00:36.668Z,5.4290,5.4480,100,100,34.9
2026-03-09 14:00:37.232Z,5.4278,5.4504,100,100,41.6
2026-03-09 14:00:38.540Z,5.4290,5.4510,100,100,40.4
2026-03-09 14:00:39.362Z,5.4283,5.4489,100,100,37.9
2026-03-09 14:00:40.485Z,5.4321,5.4493,100,100,31.6
2026-03-09 14:00:41.585Z,5.4311,5.4493,100,100,33.5
2026-03-09 14:00:42.718Z,5.4279,5.4507,100,100,41.9
2026-03-09 14:00:43.307Z,5.4256,5.4496,100,100,44.1
2026-03-09 14:00:44.276Z,5.4254,5.4486,100,100,42.7
2026-03-09 14:00:45.806Z,5.4242,5.4478,100,100,43.4
2026-03-09 14:00:46.451Z,5.4276,5.4472,100,100,36.0
2026-03-09 14:00:47.636Z,5.4262,5.4452,100,100,35.0
2026-03-09 14:00:48.004Z,5.4261,5.4469,100,100,38.3
2026-03-09 14:00:49.731Z,5.4272,5.4462,100,100,34.9
2026-03-09 14:00:50.473Z,5.4266,5.4496,100,100,42.3
2026-03-09 14:00:51.624Z,5.4251,5.4475,100,100,41.2
2026-03-09 14:00:52.693Z,5.4279,5.4465,100,100,34.2
2026-03-09 14:00:53.378Z,5.4277,5.4465,100,100,34.6
2026-03-09 14:00:54.065Z,5.4263,5.4489,100,100,41.6
2026-03-09 14:00:55.676Z,5.4297,5.4491,100,100,35.7
2026-03-09 14:00:56.483Z,5.4312,5.4474,100,100,29.8
2026-03-09 14:00:57.646Z,5.4268,5.4510,100,100,44.5
2026-03-09 14:00:58.015Z,5.4291,5.4503,100,100,39.0
2026-03-09 14:00:59.650Z,5.4299,5.4501,100,100,37.1
2026-03-09 14:01:00.041Z,5.4387,5.4613,100,100,41.5
2026-03-09 14:01:01.518Z,5.4390,5.4602,100,100,38.9
2026-03-09 14:01:02.082Z,5.4402,5.4574,100,100,31.6
2026-03-09 14:01:03.762Z,5.4410,5.4604,100,100,35.6
2026-03-09 14:01:04.884Z,5.4381,5.4617,100,100,43.3
2026-03-09 14:01:05.737Z,5.4392,5.4618,100,100,41.5
2026-03-09 14:01:06.861Z,5.4412,5.4596,100,100,33.8
2026-03-09 14:01:07.737Z,5.4397,5.4625,100,100,41.8
2026-03-09 14:01:08.352Z,5.4395,5.4597,100,100,37.1
2026-03-09 14:01:09.886Z,5.4383,5.4623,100,100,44.0
2026-03-09 14:01:10.067Z,5.4384,5.4590,100,100,37.8
2026-03-09 14:01:11.131Z,5.4400,5.4590,100,100,34.9
2026-03-09 14:01:12.717Z,5.4404,5.4572,100,100,30.8
2026-03-09 14:01:13.706Z,5.4393,5.4621,100,100,41.8
2026-03-09 14:01:14.044Z,5.4416,5.4588,100,100,31.6
2026-03-09 14:01:15.485Z,5.4416,5.4610,100,100,35.6
2026-03-09 14:01:16.782Z,5.4415,5.4589,100,100,31.9
2026-03-09 14:01:17.430Z,5.4405,5.4619,100,100,39.3
2026-03-09 14:01:18.432Z,5.4387,5.4609,100,100,40.7
2026-03-09 14:01:19.288Z,5.4387,5.4627,100,100,44.0
2026-03-09 14:01:20.228Z,5.4407,5.4575,100,100,30.8
2026-03-09 14:01:21.866Z,5.4381,5.4599,100,100,40.0
2026-03-09 14:01:22.707Z,5.4392,5.4628,100,100,43.3
2026-03-09 14:01:23.605Z,5.4387,5.4613,100,100,41.5
2026-03-09 14:01:24.152Z,5.4412,5.4594,100,100,33.4
2026-03-09 14:01:25.327Z,5.4389,5.4609,100,100,40.4
2026-03-09 14:01:26.556Z,5.4404,5.4592,100,100,34.5
2026-03-09 14:01:27.760Z,5.4396,5.4602,100,100,37.8
2026-03-09 14:01:28.676Z,5.4403,5.4583,100,100,33.0
2026-03-09 14:01:29.607Z,5.4385,5.4599,100,100,39.3
2026-03-09 14:01:30.503Z,5.4382,5.4620,100,100,43.7
2026-03-09 14:01:31.898Z,5.4413,5.4581,100,100,30.8
2026-03-09 14:01:32.227Z,5.4406,5.4574,100,100,30.8
2026-03-09 14:01:33.387Z,5.4403,5.4577,100,100,31.9
2026-03-09 14:01:34.088Z,5.4408,5.4606,100,100,36.3
2026-03-09 14:01:35.859Z,5.4395,5.4597,100,100,37.1
2026-03-09 14:01:36.621Z,5.4406,5.4622,100,100,39.6
2026-03-09 14:01:37.644Z,5.4387,5.4589,100,100,37.1
2026-03-09 14:01:38.693Z,5.4396,5.4590,100,100,35.6
2026-03-09 14:01:39.618Z,5.4375,5.4613,100,100,43.7
2026-03-09 14:01:40.443Z,5.4400,5.4626,100,100,41.5
2026-03-09 14:01:41.159Z,5.4390,5.4630,100,100,44.0
2026-03-09 14:01:42.486Z,5.4386,5.4592,100,100,37.8
2026-03-09 14:01:43.606Z,5.4382,5.4614,100,100,42.6
2026-03-09 14:01:44.063Z,5.4384,5.4620,100,100,43.3
2026-03-09 14:01:45.643Z,5.4423,5.4595,100,100,31.6
2026-03-09 14:01:46.895Z,5.4411,5.4605,100,100,35.6
2026-03-09 14:01:47.884Z,5.4402,5.4600,100,100,36.3
2026-03-09 14:01:48.661Z,5.4376,5.4606,100,100,42.2
2026-03-09 14:01:49.297Z,5.4394,5.4606,100,100,38.9
2026-03-09 14:01:50.762Z,5.4405,5.4597,100,100,35.2
2026-03-09 14:01:51.515Z,5.4386,5.4620,100,100,42.9
2026-03-09 14:01:52.065Z,5.4423,5.4595,100,100,31.6
2026-03-09 14:01:53.103Z,5.4422,5.4590,100,100,30.8
2026-03-09 14:01:54.226Z,5.4400,5.4586,100,100,34.1
2026-03-09 14:01:55.239Z,5.4401,5.4579,100,100,32.7
2026-03-09 14:01:56.107Z,5.4386,5.4614,100,100,41.8
2026-03-09 14:01:57.542Z,5.4389,5.4615,100,100,41.5
2026-03-09 14:01:58.070Z,5.4368,5.4612,100,100,44.8
2026-03-09 14:01:59.546Z,5.4402,5.4598,100,100,36.0
2026-03-09 14:02:00.254Z,5.4398,5.4602,100,100,37.4
2026-03-09 14:02:01.736Z,5.4407,5.4585,100,100,32.7
2026-03-09 14:02:02.299Z,5.4412,5.4582,100,100,31.2
2026-03-09 14:02:03.370Z,5.4419,5.4587,100,100,30.8
2026-03-09 14:02:04.195Z,5.4385,5.4595,100,100,38.5
2026-03-09 14:02:05.151Z,5.4382,5.4612,100,100,42.2
2026-03-09 14:02:06.573Z,5.4413,5.4579,100,100,30.5
2026-03-09 14:02:07.115Z,5.4404,5.4580,100,100,32.3
2026-03-09 14:02:08.305Z,5.4410,5.4582,100,100,31.6
2026-03-09 14:02:09.223Z,5.4387,5.4603,100,100,39.6
2026-03-09 14:02:10.781Z,5.4418,5.4584,100,100,30.5
2026-03-09 14:02:11.664Z,5.4405,5.4617,100,100,38.9
2026-03-09 14:02:12.894Z,5.4415,5.4587,100,100,31.6
2026-03-09 14:02:13.241Z,5.4402,5.4586,100,100,33.8
2026-03-09 14:02:14.209Z,5.4410,5.4616,100,100,37.8
2026-03-09 14:02:15.082Z,5.4397,5.4627,100,100,42.2
2026-03-09 14:02:16.431Z,5.4391,5.4591,100,100,36.7
2026-03-09 14:02:17.529Z,5.4413,5.4577,100,100,30.1
2026-03-09 14:02:18.480Z,5.4390,5.4600,100,100,38.5
2026-03-09 14:02:19.209Z,5.4383,5.4623,100,100,44.0
2026-03-09 14:02:20.883Z,5.4381,5.4609,100,100,41.8
2026-03-09 14:02:21.360Z,5.4359,5.4605,100,100,45.2
2026-03-09 14:02:22.783Z,5.4372,5.4582,100,100,38.5
2026-03-09 14:02:23.561Z,5.4358,5.4582,100,100,41.1
2026-03-09 14:02:24.207Z,5.4355,5.4565,100,100,38.6
2026-03-09 14:02:25.547Z,5.4339,5.4579,100,100,44.1
2026-03-09 14:02:26.126Z,5.4322,5.4552,100,100,42.3
2026-03-09 14:02:27.625Z,5.4335,5.4563,100,100,41.9
2026-03-09 14:02:28.559Z,5.4351,5.4521,100,100,31.2
2026-03-09 14:02:29.852Z,5.4314,5.4540,100,100,41.5
2026-03-09 14:02:30.430Z,5.4275,5.4521,100,100,45.2
2026-03-09 14:02:31.388Z,5.4294,5.4482,100,100,34.6
2026-03-09 14:02:32.373Z,5.4285,5.4481,100,100,36.0
2026-03-09 14:02:33.134Z,5.4284,5.4462,100,100,32.7
2026-03-09 14:02:34.759Z,5.4261,5.4487,100,100,41.6
2026-03-09 14:02:35.159Z,5.4248,5.4488,100,100,44.1
2026-03-09 14:02:36.754Z,5.4246,5.4444,100,100,36.4
2026-03-09 14:02:37.238Z,5.4243,5.4469,100,100,41.6
2026-03-09 14:02:38.360Z,5.4230,5.4468,100,100,43.8
2026-03-09 14:02:39.171Z,5.4255,5.4441,100,100,34.2
2026-03-09 14:02:40.694Z,5.4247,5.4433,100,100,34.2
2026-03-09 14:02:41.597Z,5.4249,5.4447,100,100,36.4
2026-03-09 14:02:42.422Z,5.4249,5.4481,100,100,42.7
2026-03-09 14:02:43.069Z,5.4265,5.4473,100,100,38.3
2026-03-09 14:02:44.356Z,5.4257,5.4469,100,100,39.0
2026-03-09 14:02:45.836Z,5.4256,5.4458,100,100,37.2
2026-03-09 14:02:46.775Z,5.4250,5.4468,100,100,40.1
2026-03-09 14:02:47.500Z,5.4284,5.4470,100,100,34.2
2026-03-09 14:02:48.745Z,5.4289,5.4453,100,100,30.2
2026-03-09 14:02:49.560Z,5.4263,5.4467,100,100,37.5
2026-03-09 14:02:50.552Z,5.4244,5.4462,100,100,40.1
2026-03-09 14:02:51.152Z,5.4288,5.4462,100,100,32.0
2026-03-09 14:02:52.158Z,5.4240,5.4472,100,100,42.7
2026-03-09 14:02:53.674Z,5.4241,5.4479,100,100,43.8
2026-03-09 14:02:54.770Z,5.4256,5.4440,100,100,33.9
2026-03-09 14:02:55.338Z,5.4250,5.4476,100,100,41.6
2026-03-09 14:02:56.376Z,5.4218,5.4464,100,100,45.3
2026-03-09 14:02:57.188Z,5.4239,5.4441,100,100,37.2
2026-03-09 14:02:58.451Z,5.4234,5.4458,100,100,41.2
2026-03-09 14:02:59.044Z,5.4229,5.4471,100,100,44.5
