TimestampUtc,Price,Size,Exchange
2026-03-09 13:30:00.517Z,5.6805,456,SYNTH
2026-03-09 13:30:01.440Z,5.6811,383,SYNTH
2026-03-09 13:30:02.176Z,5.6792,434,SYNTH
2026-03-09 13:30:03.772Z,5.6818,411,SYNTH
2026-03-09 13:30:04.661Z,5.6782,459,SYNTH
2026-03-09 13:30:05.540Z,5.6800,312,SYNTH
2026-03-09 13:30:06.088Z,5.6819,246,SYNTH
2026-03-09 13:30:07.402Z,5.6811,350,SYNTH
2026-03-09 13:30:08.814Z,5.6791,396,SYNTH
2026-03-09 13:30:09.623Z,5.6818,327,SYNTH
2026-03-09 13:30:10.629Z,5.6785,280,SYNTH
2026-03-09 13:30:11.403Z,5.6776,795,SYNTH
2026-03-09 13:30:12.500Z,5.6785,610,SYNTH
2026-03-09 13:30:13.398Z,5.6831,906,SYNTH
2026-03-09 13:30:14.469Z,5.6779,192,SYNTH
2026-03-09 13:30:15.480Z,5.6798,321,SYNTH
2026-03-09 13:30:16.746Z,5.6817,542,SYNTH
2026-03-09 13:30:17.708Z,5.6786,430,SYNTH
2026-03-09 13:30:18.752Z,5.6833,653,SYNTH
2026-03-09 13:30:19.787Z,5.6774,563,SYNTH
2026-03-09 13:30:20.259Z,5.6775,167,SYNTH
2026-03-09 13:30:21.225Z,5.6758,270,SYNTH
2026-03-09 13:30:22.501Z,5.6712,264,SYNTH
2026-03-09 13:30:23.605Z,5.6649,348,SYNTH
2026-03-09 13:30:24.067Z,5.6638,322,SYNTH
2026-03-09 13:30:25.395Z,5.6603,282,SYNTH
2026-03-09 13:30:26.542Z,5.6546,311,SYNTH
2026-03-09 13:30:27.890Z,5.6459,317,SYNTH
2026-03-09 13:30:28.301Z,5.6414,280,SYNTH
2026-03-09 13:30:29.792Z,5.6403,268,SYNTH
2026-03-09 13:30:30.258Z,5.6336,226,SYNTH
2026-03-09 13:30:31.322Z,5.6270,328,SYNTH
2026-03-09 13:30:32.415Z,5.6221,181,SYNTH
2026-03-09 13:30:33.581Z,5.6204,256,SYNTH
2026-03-09 13:30:34.294Z,5.6162,212,SYNTH
2026-03-09 13:30:35.773Z,5.6145,153,SYNTH
2026-03-09 13:30:36.735Z,5.6116,247,SYNTH
2026-03-09 13:30:37.625Z,5.6097,636,SYNTH
2026-03-09 13:30:38.358Z,5.6100,533,SYNTH
2026-03-09 13:30:39.439Z,5.6081,368,SYNTH
2026-03-09 13:30:40.442Z,5.6141,804,SYNTH
2026-03-09 13:30:41.678Z,5.6148,203,SYNTH
2026-03-09 13:30:42.311Z,5.6171,185,SYNTH
2026-03-09 13:30:43.129Z,5.6204,368,SYNTH
2026-03-09 13:30:44.875Z,5.6221,303,SYNTH
2026-03-09 13:30:45.893Z,5.6255,341,SYNTH
2026-03-09 13:30:46.121Z,5.6254,593,SYNTH
2026-03-09 13:30:47.240Z,5.6279,513,SYNTH
2026-03-09 13:30:48.247Z,5.6214,205,SYNTH
2026-03-09 13:30:49.267Z,5.6279,185,SYNTH
2026-03-09 13:30:50.623Z,5.6331,391,SYNTH
2026-03-09 13:30:51.686Z,5.6330,407,SYNTH
2026-03-09 13:30:52.506Z,5.6356,460,SYNTH
2026-03-09 13:30:53.448Z,5.6371,436,SYNTH
2026-03-09 13:30:54.857Z,5.6419,220,SYNTH
2026-03-09 13:30:55.048Z,5.6423,240,SYNTH
2026-03-09 13:30:56.509Z,5.6465,497,SYNTH
2026-03-09 13:30:57.122Z,5.6499,442,SYNTH
2026-03-09 13:30:58.658Z,5.6487,476,SYNTH
2026-03-09 13:30:59.069Z,5.6506,282,SYNTH
2026-03-09 13:31:00.448Z,5.6339,74,SYNTH
2026-03-09 13:31:01.058Z,5.6351,76,SYNTH
2026-03-09 13:31:02.067Z,5.6340,103,SYNTH
2026-03-09 13:31:03.888Z,5.6305,92,SYNTH
2026-03-09 13:31:04.569Z,5.6346,128,SYNTH
2026-03-09 13:31:05.231Z,5.6283,91,SYNTH
2026-03-09 13:31:06.257Z,5.6337,107,SYNTH
2026-03-09 13:31:07.090Z,5.6331,72,SYNTH
2026-03-09 13:31:08.325Z,5.6304,112,SYNTH
2026-03-09 13:31:09.787Z,5.6282,49,SYNTH
2026-03-09 13:31:10.834Z,5.6331,97,SYNTH
2026-03-09 13:31:11.435Z,5.6289,192,SYNTH
2026-03-09 13:31:12.362Z,5.6281,202,SYNTH
2026-03-09 13:31:13.895Z,5.6339,125,SYNTH
2026-03-09 13:31:14.021Z,5.6310,50,SYNTH
2026-03-09 13:31:15.488Z,5.6299,61,SYNTH
2026-03-09 13:31:16.026Z,5.6274,94,SYNTH
2026-03-09 13:31:17.684Z,5.6350,166,SYNTH
2026-03-09 13:31:18.775Z,5.6350,147,SYNTH
2026-03-09 13:31:19.125Z,5.6345,150,SYNTH
2026-03-09 13:31:20.403Z,5.6266,57,SYNTH
2026-03-09 13:31:21.392Z,5.6266,91,SYNTH
2026-03-09 13:31:22.611Z,5.6239,95,SYNTH
2026-03-09 13:31:23.831Z,5.6223,61,SYNTH
2026-03-09 13:31:24.656Z,5.6213,54,SYNTH
2026-03-09 13:31:25.869Z,5.6186,46,SYNTH
2026-03-09 13:31:26.005Z,5.6138,93,SYNTH
2026-03-09 13:31:27.891Z,5.6123,59,SYNTH
2026-03-09 13:31:28.066Z,5.6072,89,SYNTH
2026-03-09 13:31:29.036Z,5.6061,47,SYNTH
2026-03-09 13:31:30.531Z,5.6031,71,SYNTH
2026-03-09 13:31:31.879Z,5.5981,74,SYNTH
2026-03-09 13:31:32.646Z,5.5987,57,SYNTH
2026-03-09 13:31:33.323Z,5.5942,44,SYNTH
2026-03-09 13:31:34.164Z,5.5940,56,SYNTH
2026-03-09 13:31:35.874Z,5.5909,67,SYNTH
2026-03-09 13:31:36.700Z,5.5900,51,SYNTH
2026-03-09 13:31:37.378Z,5.5879,161,SYNTH
2026-03-09 13:31:38.318Z,5.5904,200,SYNTH
2026-03-09 13:31:39.458Z,5.5895,226,SYNTH
2026-03-09 13:31:40.230Z,5.5937,166,SYNTH
2026-03-09 13:31:41.625Z,5.5960,60,SYNTH
2026-03-09 13:31:42.539Z,5.5971,74,SYNTH
2026-03-09 13:31:43.364Z,5.5967,59,SYNTH
2026-03-09 13:31:44.823Z,5.5998,48,SYNTH
2026-03-09 13:31:45.556Z,5.6012,109,SYNTH
2026-03-09 13:31:46.023Z,5.5990,116,SYNTH
2026-03-09 13:31:47.757Z,5.5947,166,SYNTH
2026-03-09 13:31:48.378Z,5.6015,65,SYNTH
2026-03-09 13:31:49.838Z,5.6032,81,SYNTH
2026-03-09 13:31:50.423Z,5.6060,90,SYNTH
2026-03-09 13:31:51.605Z,5.6007,74,SYNTH
2026-03-09 13:31:52.676Z,5.6052,124,SYNTH
2026-03-09 13:31:53.702Z,5.6073,88,SYNTH
2026-03-09 13:31:54.356Z,5.6100,72,SYNTH
2026-03-09 13:31:55.377Z,5.6115,76,SYNTH
2026-03-09 13:31:56.783Z,5.6055,74,SYNTH
2026-03-09 13:31:57.799Z,5.6111,68,SYNTH
2026-03-09 13:31:58.206Z,5.6062,72,SYNTH
2026-03-09 13:31:59.822Z,5.6136,128,SYNTH
2026-03-09 13:32:00.136Z,5.6135,50,SYNTH
2026-03-09 13:32:01.334Z,5.6150,59,SYNTH
2026-03-09 13:32:02.126Z,5.6104,49,SYNTH
2026-03-09 13:32:03.094Z,5.6130,49,SYNTH
2026-03-09 13:32:04.808Z,5.6165,58,SYNTH
2026-03-09 13:32:05.524Z,5.6089,30,SYNTH
2026-03-09 13:32:06.406Z,5.6162,28,SYNTH
2026-03-09 13:32:07.369Z,5.6094,44,SYNTH
2026-03-09 13:32:08.766Z,5.6176,24,SYNTH
2026-03-09 13:32:09.541Z,5.6122,44,SYNTH
2026-03-09 13:32:10.402Z,5.6088,32,SYNTH
2026-03-09 13:32:11.568Z,5.6162,124,SYNTH
2026-03-09 13:32:12.839Z,5.6105,109,SYNTH
2026-03-09 13:32:13.256Z,5.6132,102,SYNTH
2026-03-09 13:32:14.026Z,5.6139,21,SYNTH
2026-03-09 13:32:15.673Z,5.6093,38,SYNTH
2026-03-09 13:32:16.560Z,5.6176,67,SYNTH
2026-03-09 13:32:17.075Z,5.6101,69,SYNTH
2026-03-09 13:32:18.066Z,5.6103,71,SYNTH
2026-03-09 13:32:19.359Z,5.6112,37,SYNTH
2026-03-09 13:32:20.611Z,5.6116,21,SYNTH
2026-03-09 13:32:21.815Z,5.6066,31,SYNTH
2026-03-09 13:32:22.380Z,5.6048,32,SYNTH
2026-03-09 13:32:23.202Z,5.6074,43,SYNTH
2026-03-09 13:32:24.610Z,5.6025,37,SYNTH
2026-03-09 13:32:25.283Z,5.6032,40,SYNTH
2026-03-09 13:32:26.478Z,5.5988,18,SYNTH
2026-03-09 13:32:27.683Z,5.5960,21,SYNTH
2026-03-09 13:32:28.227Z,5.5965,34,SYNTH
2026-03-09 13:32:29.150Z,5.5897,22,SYNTH
2026-03-09 13:32:30.166Z,5.5880,28,SYNTH
2026-03-09 13:32:31.848Z,5.5869,42,SYNTH
2026-03-09 13:32:32.308Z,5.5873,20,SYNTH
2026-03-09 13:32:33.698Z,5.5824,41,SYNTH
2026-03-09 13:32:34.233Z,5.5812,30,SYNTH
2026-03-09 13:32:35.155Z,5.5837,36,SYNTH
2026-03-09 13:32:36.345Z,5.5792,30,SYNTH
2026-03-09 13:32:37.257Z,5.5772,96,SYNTH
2026-03-09 13:32:38.317Z,5.5778,99,SYNTH
2026-03-09 13:32:39.228Z,5.5827,110,SYNTH
2026-03-09 13:32:40.296Z,5.5838,72,SYNTH
2026-03-09 13:32:41.363Z,5.5792,46,SYNTH
2026-03-09 13:32:42.842Z,5.5822,44,SYNTH
2026-03-09 13:32:43.755Z,5.5853,37,SYNTH
2026-03-09 13:32:44.842Z,5.5816,37,SYNTH
2026-03-09 13:32:45.202Z,5.5844,58,SYNTH
2026-03-09 13:32:46.819Z,5.5867,75,SYNTH
2026-03-09 13:32:47.313Z,5.5860,54,SYNTH
2026-03-09 13:32:48.853Z,5.5812,37,SYNTH
2026-03-09 13:32:49.142Z,5.5879,25,SYNTH
2026-03-09 13:32:50.389Z,5.5790,37,SYNTH
2026-03-09 13:32:51.870Z,5.5853,51,SYNTH
2026-03-09 13:32:52.418Z,5.5808,41,SYNTH
2026-03-09 13:32:53.074Z,5.5851,51,SYNTH
2026-03-09 13:32:54.864Z,5.5843,25,SYNTH
2026-03-09 13:32:55.213Z,5.5787,26,SYNTH
2026-03-09 13:32:56.054Z,5.5839,36,SYNTH
2026-03-09 13:32:57.093Z,5.5786,50,SYNTH
2026-03-09 13:32:58.303Z,5.5844,61,SYNTH
2026-03-09 13:32:59.033Z,5.5781,29,SYNTH
2026-03-09 13:33:00.817Z,5.5810,124,SYNTH
2026-03-09 13:33:01.185Z,5.5769,96,SYNTH
2026-03-09 13:33:02.278Z,5.5845,53,SYNTH
2026-03-09 13:33:03.166Z,5.5790,93,SYNTH
2026-03-09 13:33:04.363Z,5.5782,56,SYNTH
2026-03-09 13:33:05.066Z,5.5839,92,SYNTH
2026-03-09 13:33:06.871Z,5.5757,90,SYNTH
2026-03-09 13:33:07.853Z,5.5845,100,SYNTH
2026-03-09 13:33:08.016Z,5.5779,86,SYNTH
2026-03-09 13:33:09.800Z,5.5820,45,SYNTH
2026-03-09 13:33:10.636Z,5.5802,50,SYNTH
2026-03-09 13:33:11.516Z,5.5811,190,SYNTH
2026-03-09 13:33:12.287Z,5.5773,107,SYNTH
2026-03-09 13:33:13.599Z,5.5844,184,SYNTH
2026-03-09 13:33:14.854Z,5.5798,67,SYNTH
2026-03-09 13:33:15.637Z,5.5784,66,SYNTH
2026-03-09 13:33:16.310Z,5.5819,99,SYNTH
2026-03-09 13:33:17.709Z,5.5792,84,SYNTH
2026-03-09 13:33:18.393Z,5.5784,73,SYNTH
2026-03-09 13:33:19.664Z,5.5806,148,SYNTH
2026-03-09 13:33:20.018Z,5.5857,46,SYNTH
2026-03-09 13:33:21.619Z,5.5791,74,SYNTH
2026-03-09 13:33:22.043Z,5.5878,50,SYNTH
2026-03-09 13:33:23.395Z,5.5894,58,SYNTH
2026-03-09 13:33:24.193Z,5.5910,73,SYNTH
2026-03-09 13:33:25.527Z,5.5905,64,SYNTH
2026-03-09 13:33:26.035Z,5.5980,70,SYNTH
2026-03-09 13:33:27.822Z,5.5991,60,SYNTH
2026-03-09 13:33:28.658Z,5.6028,35,SYNTH
2026-03-09 13:33:29.786Z,5.6032,70,SYNTH
2026-03-09 13:33:30.067Z,5.6106,72,SYNTH
2026-03-09 13:33:31.412Z,5.6104,79,SYNTH
2026-03-09 13:33:32.768Z,5.6137,63,SYNTH
2026-03-09 13:33:33.504Z,5.6176,59,SYNTH
2026-03-09 13:33:34.609Z,5.6176,82,SYNTH
2026-03-09 13:33:35.467Z,5.6201,46,SYNTH
2026-03-09 13:33:36.895Z,5.6172,44,SYNTH
2026-03-09 13:33:37.669Z,5.6204,102,SYNTH
2026-03-09 13:33:38.164Z,5.6231,111,SYNTH
2026-03-09 13:33:39.003Z,5.6249,94,SYNTH
2026-03-09 13:33:40.804Z,5.6182,97,SYNTH
2026-03-09 13:33:41.741Z,5.6153,37,SYNTH
2026-03-09 13:33:42.873Z,5.6191,54,SYNTH
2026-03-09 13:33:43.683Z,5.6138,49,SYNTH
2026-03-09 13:33:44.429Z,5.6184,45,SYNTH
2026-03-09 13:33:45.642Z,5.6139,57,SYNTH
2026-03-09 13:33:46.674Z,5.6175,77,SYNTH
2026-03-09 13:33:47.207Z,5.6156,97,SYNTH
2026-03-09 13:33:48.062Z,5.6097,97,SYNTH
2026-03-09 13:33:49.846Z,5.6106,49,SYNTH
2026-03-09 13:33:50.579Z,5.6088,47,SYNTH
2026-03-09 13:33:51.581Z,5.6077,90,SYNTH
2026-03-09 13:33:52.191Z,5.6051,47,SYNTH
2026-03-09 13:33:53.331Z,5.6023,107,SYNTH
2026-03-09 13:33:54.656Z,5.6030,48,SYNTH
2026-03-09 13:33:55.547Z,5.6021,58,SYNTH
2026-03-09 13:33:56.681Z,5.6035,69,SYNTH
2026-03-09 13:33:57.215Z,5.5960,91,SYNTH
2026-03-09 13:33:58.252Z,5.6048,113,SYNTH
2026-03-09 13:33:59.514Z,5.5999,92,SYNTH
2026-03-09 13:34:00.084Z,5.5927,17,SYNTH
2026-03-09 13:34:01.215Z,5.5874,21,SYNTH
2026-03-09 13:34:02.381Z,5.5892,17,SYNTH
2026-03-09 13:34:03.861Z,5.5921,21,SYNTH
2026-03-09 13:34:04.845Z,5.5860,15,SYNTH
2026-03-09 13:34:05.705Z,5.5931,17,SYNTH
2026-03-09 13:34:06.893Z,5.5944,9,SYNTH
2026-03-09 13:34:07.717Z,5.5950,9,SYNTH
2026-03-09 13:34:08.775Z,5.5854,18,SYNTH
2026-03-09 13:34:09.370Z,5.5926,13,SYNTH
2026-03-09 13:34:10.067Z,5.5892,10,SYNTH
2026-03-09 13:34:11.032Z,5.5895,38,SYNTH
2026-03-09 13:34:12.240Z,5.5875,37,SYNTH
2026-03-09 13:34:13.037Z,5.5898,21,SYNTH
2026-03-09 13:34:14.570Z,5.5923,14,SYNTH
2026-03-09 13:34:15.553Z,5.5936,11,SYNTH
2026-03-09 13:34:16.818Z,5.5877,23,SYNTH
2026-03-09 13:34:17.217Z,5.5935,17,SYNTH
2026-03-09 13:34:18.018Z,5.5926,26,SYNTH
2026-03-09 13:34:19.028Z,5.5855,22,SYNTH
2026-03-09 13:34:20.252Z,5.5936,10,SYNTH
2026-03-09 13:34:21.196Z,5.5849,9,SYNTH
2026-03-09 13:34:22.236Z,5.5885,15,SYNTH
2026-03-09 13:34:23.539Z,5.5842,16,SYNTH
2026-03-09 13:34:24.419Z,5.5812,7,SYNTH
2026-03-09 13:34:25.798Z,5.5870,14,SYNTH
2026-03-09 13:34:26.195Z,5.5793,11,SYNTH
2026-03-09 13:34:27.560Z,5.5845,10,SYNTH
2026-03-09 13:34:28.571Z,5.5782,7,SYNTH
2026-03-09 13:34:29.277Z,5.5742,15,SYNTH
2026-03-09 13:34:30.064Z,5.5752,14,SYNTH
2026-03-09 13:34:31.064Z,5.5745,15,SYNTH
2026-03-09 13:34:32.722Z,5.5737,15,SYNTH
2026-03-09 13:34:33.285Z,5.5761,7,SYNTH
2026-03-09 13:34:34.469Z,5.5709,15,SYNTH
2026-03-09 13:34:35.817Z,5.5698,15,SYNTH
2026-03-09 13:34:36.387Z,5.5732,16,SYNTH
2026-03-09 13:34:37.551Z,5.5674,19,SYNTH
2026-03-09 13:34:38.059Z,5.5734,20,SYNTH
2026-03-09 13:34:39.038Z,5.5670,18,SYNTH
2026-03-09 13:34:40.473Z,5.5731,28,SYNTH
2026-03-09 13:34:41.221Z,5.5696,10,SYNTH
2026-03-09 13:34:42.001Z,5.5746,8,SYNTH
2026-03-09 13:34:43.578Z,5.5688,14,SYNTH
2026-03-09 13:34:44.343Z,5.5739,9,SYNTH
2026-03-09 13:34:45.218Z,5.5716,20,SYNTH
2026-03-09 13:34:46.249Z,5.5699,26,SYNTH
2026-03-09 13:34:47.089Z,5.5747,19,SYNTH
2026-03-09 13:34:48.470Z,5.5686,14,SYNTH
2026-03-09 13:34:49.393Z,5.5759,15,SYNTH
2026-03-09 13:34:50.282Z,5.5711,18,SYNTH
2026-03-09 13:34:51.891Z,5.5731,21,SYNTH
2026-03-09 13:34:52.060Z,5.5695,21,SYNTH
2026-03-09 13:34:53.762Z,5.5678,10,SYNTH
2026-03-09 13:34:54.823Z,5.5749,15,SYNTH
2026-03-09 13:34:55.053Z,5.5697,12,SYNTH
2026-03-09 13:34:56.569Z,5.5674,22,SYNTH
2026-03-09 13:34:57.524Z,5.5725,18,SYNTH
2026-03-09 13:34:58.336Z,5.5670,22,SYNTH
2026-03-09 13:34:59.574Z,5.5677,19,SYNTH
2026-03-09 13:35:00.503Z,5.5821,42,SYNTH
2026-03-09 13:35:01.484Z,5.5757,65,SYNTH
2026-03-09 13:35:02.498Z,5.5785,39,SYNTH
2026-03-09 13:35:03.440Z,5.5825,60,SYNTH
2026-03-09 13:35:04.119Z,5.5782,39,SYNTH
2026-03-09 13:35:05.129Z,5.5833,54,SYNTH
2026-03-09 13:35:06.100Z,5.5780,44,SYNTH
2026-03-09 13:35:07.415Z,5.5836,50,SYNTH
2026-03-09 13:35:08.180Z,5.5808,51,SYNTH
2026-03-09 13:35:09.603Z,5.5817,34,SYNTH
2026-03-09 13:35:10.399Z,5.5770,31,SYNTH
2026-03-09 13:35:11.254Z,5.5820,119,SYNTH
2026-03-09 13:35:12.794Z,5.5843,88,SYNTH
2026-03-09 13:35:13.148Z,5.5831,95,SYNTH
2026-03-09 13:35:14.415Z,5.5772,27,SYNTH
2026-03-09 13:35:15.854Z,5.5751,24,SYNTH
2026-03-09 13:35:16.844Z,5.5814,41,SYNTH
2026-03-09 13:35:17.048Z,5.5833,64,SYNTH
2026-03-09 13:35:18.252Z,5.5799,78,SYNTH
2026-03-09 13:35:19.544Z,5.5790,44,SYNTH
2026-03-09 13:35:20.238Z,5.5776,20,SYNTH
2026-03-09 13:35:21.024Z,5.5814,21,SYNTH
2026-03-09 13:35:22.296Z,5.5766,41,SYNTH
2026-03-09 13:35:23.752Z,5.5823,21,SYNTH
2026-03-09 13:35:24.001Z,5.5796,25,SYNTH
2026-03-09 13:35:25.241Z,5.5828,20,SYNTH
2026-03-09 13:35:26.452Z,5.5789,24,SYNTH
2026-03-09 13:35:27.347Z,5.5757,36,SYNTH
2026-03-09 13:35:28.652Z,5.5811,23,SYNTH
2026-03-09 13:35:29.648Z,5.5847,40,SYNTH
2026-03-09 13:35:30.538Z,5.5793,38,SYNTH
2026-03-09 13:35:31.708Z,5.5826,36,SYNTH
2026-03-09 13:35:32.720Z,5.5776,24,SYNTH
2026-03-09 13:35:33.658Z,5.5813,35,SYNTH
2026-03-09 13:35:34.654Z,5.5756,41,SYNTH
2026-03-09 13:35:35.627Z,5.5767,23,SYNTH
2026-03-09 13:35:36.142Z,5.5812,33,SYNTH
2026-03-09 13:35:37.820Z,5.5811,89,SYNTH
2026-03-09 13:35:38.729Z,5.5775,52,SYNTH
2026-03-09 13:35:39.175Z,5.5773,71,SYNTH
2026-03-09 13:35:40.606Z,5.5758,67,SYNTH
2026-03-09 13:35:41.237Z,5.5816,35,SYNTH
2026-03-09 13:35:42.395Z,5.5774,28,SYNTH
2026-03-09 13:35:43.613Z,5.5790,43,SYNTH
2026-03-09 13:35:44.690Z,5.5762,24,SYNTH
2026-03-09 13:35:45.385Z,5.5849,64,SYNTH
2026-03-09 13:35:46.557Z,5.5788,74,SYNTH
2026-03-09 13:35:47.166Z,5.5785,76,SYNTH
2026-03-09 13:35:48.899Z,5.5816,24,SYNTH
2026-03-09 13:35:49.657Z,5.5828,38,SYNTH
2026-03-09 13:35:50.873Z,5.5832,26,SYNTH
2026-03-09 13:35:51.816Z,5.5787,46,SYNTH
2026-03-09 13:35:52.775Z,5.5821,27,SYNTH
2026-03-09 13:35:53.127Z,5.5759,34,SYNTH
2026-03-09 13:35:54.383Z,5.5836,48,SYNTH
2026-03-09 13:35:55.843Z,5.5774,33,SYNTH
2026-03-09 13:35:56.021Z,5.5833,29,SYNTH
2026-03-09 13:35:57.021Z,5.5848,34,SYNTH
2026-03-09 13:35:58.182Z,5.5801,52,SYNTH
2026-03-09 13:35:59.018Z,5.5779,39,SYNTH
2026-03-09 13:36:00.382Z,5.5534,4567,SYNTH
2026-03-09 13:36:01.077Z,5.5462,3300,SYNTH
2026-03-09 13:36:02.427Z,5.5462,3701,SYNTH
2026-03-09 13:36:03.402Z,5.5519,4228,SYNTH
2026-03-09 13:36:04.300Z,5.5527,3561,SYNTH
2026-03-09 13:36:05.719Z,5.5545,4418,SYNTH
2026-03-09 13:36:06.758Z,5.5455,3101,SYNTH
2026-03-09 13:36:07.364Z,5.5521,3308,SYNTH
2026-03-09 13:36:08.726Z,5.5492,2983,SYNTH
2026-03-09 13:36:09.098Z,5.5456,2694,SYNTH
2026-03-09 13:36:10.622Z,5.5489,3161,SYNTH
2026-03-09 13:36:11.643Z,5.5507,8388,SYNTH
2026-03-09 13:36:12.553Z,5.5517,4521,SYNTH
2026-03-09 13:36:13.635Z,5.5480,7584,SYNTH
2026-03-09 13:36:14.642Z,5.5525,1830,SYNTH
2026-03-09 13:36:15.696Z,5.5523,3159,SYNTH
2026-03-09 13:36:16.180Z,5.5454,2817,SYNTH
2026-03-09 13:36:17.761Z,5.5513,5201,SYNTH
2026-03-09 13:36:18.214Z,5.5539,3805,SYNTH
2026-03-09 13:36:19.531Z,5.5439,4869,SYNTH
2026-03-09 13:36:20.135Z,5.5384,3221,SYNTH
2026-03-09 13:36:21.561Z,5.5267,1813,SYNTH
2026-03-09 13:36:22.509Z,5.5169,1815,SYNTH
2026-03-09 13:36:23.344Z,5.4996,1433,SYNTH
2026-03-09 13:36:24.754Z,5.4819,2365,SYNTH
2026-03-09 13:36:25.245Z,5.4588,1853,SYNTH
2026-03-09 13:36:26.525Z,5.4396,2342,SYNTH
2026-03-09 13:36:27.526Z,5.4209,2112,SYNTH
2026-03-09 13:36:28.760Z,5.3988,2911,SYNTH
2026-03-09 13:36:29.512Z,5.3761,1311,SYNTH
2026-03-09 13:36:30.372Z,5.3548,2353,SYNTH
2026-03-09 13:36:31.652Z,5.3329,2345,SYNTH
2026-03-09 13:36:32.392Z,5.3153,2056,SYNTH
2026-03-09 13:36:33.437Z,5.2959,2631,SYNTH
2026-03-09 13:36:34.534Z,5.2830,2031,SYNTH
2026-03-09 13:36:35.500Z,5.2699,1357,SYNTH
2026-03-09 13:36:36.534Z,5.2579,1917,SYNTH
2026-03-09 13:36:37.861Z,5.2515,6680,SYNTH
2026-03-09 13:36:38.679Z,5.2460,5942,SYNTH
2026-03-09 13:36:39.628Z,5.2519,5820,SYNTH
2026-03-09 13:36:40.245Z,5.2610,5823,SYNTH
2026-03-09 13:36:41.864Z,5.2730,2387,SYNTH
2026-03-09 13:36:42.488Z,5.2838,2109,SYNTH
2026-03-09 13:36:43.543Z,5.2959,1548,SYNTH
2026-03-09 13:36:44.076Z,5.3076,2350,SYNTH
2026-03-09 13:36:45.726Z,5.3161,2731,SYNTH
2026-03-09 13:36:46.240Z,5.3189,5495,SYNTH
2026-03-09 13:36:47.337Z,5.3221,5212,SYNTH
2026-03-09 13:36:48.546Z,5.3230,2810,SYNTH
2026-03-09 13:36:49.664Z,5.3302,2561,SYNTH
2026-03-09 13:36:50.114Z,5.3400,2798,SYNTH
2026-03-09 13:36:51.592Z,5.3502,3601,SYNTH
2026-03-09 13:36:52.410Z,5.3605,1960,SYNTH
2026-03-09 13:36:53.283Z,5.3705,2471,SYNTH
2026-03-09 13:36:54.800Z,5.3788,3589,SYNTH
2026-03-09 13:36:55.412Z,5.3922,3454,SYNTH
2026-03-09 13:36:56.337Z,5.4005,2412,SYNTH
2026-03-09 13:36:57.640Z,5.4042,3495,SYNTH
2026-03-09 13:36:58.630Z,5.4104,2792,SYNTH
2026-03-09 13:36:59.439Z,5.4128,3021,SYNTH
2026-03-09 13:37:00.189Z,5.4165,481,SYNTH
2026-03-09 13:37:01.637Z,5.4098,811,SYNTH
2026-03-09 13:37:02.140Z,5.4104,329,SYNTH
2026-03-09 13:37:03.199Z,5.4080,780,SYNTH
2026-03-09 13:37:04.097Z,5.4078,424,SYNTH
2026-03-09 13:37:05.650Z,5.4007,664,SYNTH
2026-03-09 13:37:06.649Z,5.4003,349,SYNTH
2026-03-09 13:37:07.152Z,5.3993,547,SYNTH
2026-03-09 13:37:08.732Z,5.3960,611,SYNTH
2026-03-09 13:37:09.108Z,5.3922,501,SYNTH
2026-03-09 13:37:10.810Z,5.3917,520,SYNTH
2026-03-09 13:37:11.369Z,5.3895,1427,SYNTH
2026-03-09 13:37:12.552Z,5.3877,1098,SYNTH
2026-03-09 13:37:13.261Z,5.3861,1150,SYNTH
2026-03-09 13:37:14.027Z,5.3941,395,SYNTH
2026-03-09 13:37:15.644Z,5.3968,427,SYNTH
2026-03-09 13:37:16.102Z,5.3952,844,SYNTH
2026-03-09 13:37:17.773Z,5.3971,475,SYNTH
2026-03-09 13:37:18.018Z,5.3928,484,SYNTH
2026-03-09 13:37:19.215Z,5.4004,742,SYNTH
2026-03-09 13:37:20.011Z,5.4046,436,SYNTH
2026-03-09 13:37:21.130Z,5.4039,498,SYNTH
2026-03-09 13:37:22.331Z,5.4123,345,SYNTH
2026-03-09 13:37:23.834Z,5.4187,390,SYNTH
2026-03-09 13:37:24.872Z,5.4252,438,SYNTH
2026-03-09 13:37:25.623Z,5.4339,308,SYNTH
2026-03-09 13:37:26.444Z,5.4444,406,SYNTH
2026-03-09 13:37:27.075Z,5.4491,229,SYNTH
2026-03-09 13:37:28.404Z,5.4613,339,SYNTH
2026-03-09 13:37:29.693Z,5.4685,311,SYNTH
2026-03-09 13:37:30.062Z,5.4793,269,SYNTH
2026-03-09 13:37:31.216Z,5.4858,505,SYNTH
2026-03-09 13:37:32.606Z,5.4948,352,SYNTH
2026-03-09 13:37:33.082Z,5.5024,433,SYNTH
2026-03-09 13:37:34.634Z,5.5055,378,SYNTH
2026-03-09 13:37:35.111Z,5.5132,317,SYNTH
2026-03-09 13:37:36.662Z,5.5182,333,SYNTH
2026-03-09 13:37:37.600Z,5.5213,896,SYNTH
2026-03-09 13:37:38.199Z,5.5209,750,SYNTH
2026-03-09 13:37:39.780Z,5.5229,1142,SYNTH
2026-03-09 13:37:40.679Z,5.5162,781,SYNTH
2026-03-09 13:37:41.052Z,5.5137,371,SYNTH
2026-03-09 13:37:42.657Z,5.5106,332,SYNTH
2026-03-09 13:37:43.740Z,5.5104,471,SYNTH
2026-03-09 13:37:44.668Z,5.5049,454,SYNTH
2026-03-09 13:37:45.062Z,5.5027,461,SYNTH
2026-03-09 13:37:46.855Z,5.5025,480,SYNTH
2026-03-09 13:37:47.252Z,5.5015,847,SYNTH
2026-03-09 13:37:48.244Z,5.5032,309,SYNTH
2026-03-09 13:37:49.228Z,5.5008,283,SYNTH
2026-03-09 13:37:50.029Z,5.5068,414,SYNTH
2026-03-09 13:37:51.734Z,5.4991,470,SYNTH
2026-03-09 13:37:52.054Z,5.4965,640,SYNTH
2026-03-09 13:37:53.790Z,5.4934,583,SYNTH
2026-03-09 13:37:54.683Z,5.4941,328,SYNTH
2026-03-09 13:37:55.444Z,5.4948,514,SYNTH
2026-03-09 13:37:56.760Z,5.4888,592,SYNTH
2026-03-09 13:37:57.880Z,5.4952,557,SYNTH
2026-03-09 13:37:58.063Z,5.4865,480,SYNTH
2026-03-09 13:37:59.420Z,5.4939,828,SYNTH
2026-03-09 13:38:00.812Z,5.4817,85,SYNTH
2026-03-09 13:38:01.613Z,5.4772,68,SYNTH
2026-03-09 13:38:02.878Z,5.4820,57,SYNTH
2026-03-09 13:38:03.201Z,5.4762,77,SYNTH
2026-03-09 13:38:04.196Z,5.4818,51,SYNTH
2026-03-09 13:38:05.739Z,5.4778,65,SYNTH
2026-03-09 13:38:06.663Z,5.4838,73,SYNTH
2026-03-09 13:38:07.262Z,5.4793,40,SYNTH
2026-03-09 13:38:08.899Z,5.4829,47,SYNTH
2026-03-09 13:38:09.293Z,5.4797,64,SYNTH
2026-03-09 13:38:10.371Z,5.4774,43,SYNTH
2026-03-09 13:38:11.787Z,5.4823,155,SYNTH
2026-03-09 13:38:12.507Z,5.4832,84,SYNTH
2026-03-09 13:38:13.756Z,5.4756,125,SYNTH
2026-03-09 13:38:14.870Z,5.4812,39,SYNTH
2026-03-09 13:38:15.125Z,5.4765,53,SYNTH
2026-03-09 13:38:16.861Z,5.4846,79,SYNTH
2026-03-09 13:38:17.023Z,5.4793,86,SYNTH
2026-03-09 13:38:18.089Z,5.4774,99,SYNTH
2026-03-09 13:38:19.388Z,5.4765,82,SYNTH
2026-03-09 13:38:20.245Z,5.4754,40,SYNTH
2026-03-09 13:38:21.756Z,5.4721,42,SYNTH
2026-03-09 13:38:22.782Z,5.4684,37,SYNTH
2026-03-09 13:38:23.624Z,5.4647,49,SYNTH
2026-03-09 13:38:24.154Z,5.4633,40,SYNTH
2026-03-09 13:38:25.007Z,5.4549,43,SYNTH
2026-03-09 13:38:26.499Z,5.4510,50,SYNTH
2026-03-09 13:38:27.667Z,5.4418,52,SYNTH
2026-03-09 13:38:28.348Z,5.4407,28,SYNTH
2026-03-09 13:38:29.052Z,5.4341,31,SYNTH
2026-03-09 13:38:30.332Z,5.4260,36,SYNTH
2026-03-09 13:38:31.503Z,5.4221,44,SYNTH
2026-03-09 13:38:32.862Z,5.4173,38,SYNTH
2026-03-09 13:38:33.406Z,5.4129,49,SYNTH
2026-03-09 13:38:34.334Z,5.4070,48,SYNTH
2026-03-09 13:38:35.615Z,5.4059,54,SYNTH
2026-03-09 13:38:36.069Z,5.3996,49,SYNTH
2026-03-09 13:38:37.337Z,5.3988,134,SYNTH
2026-03-09 13:38:38.558Z,5.3965,132,SYNTH
2026-03-09 13:38:39.868Z,5.4029,103,SYNTH
2026-03-09 13:38:40.117Z,5.4032,86,SYNTH
2026-03-09 13:38:41.469Z,5.4061,34,SYNTH
2026-03-09 13:38:42.125Z,5.4097,43,SYNTH
2026-03-09 13:38:43.060Z,5.4097,56,SYNTH
2026-03-09 13:38:44.158Z,5.4110,47,SYNTH
2026-03-09 13:38:45.605Z,5.4123,60,SYNTH
2026-03-09 13:38:46.418Z,5.4155,62,SYNTH
2026-03-09 13:38:47.490Z,5.4108,88,SYNTH
2026-03-09 13:38:48.278Z,5.4151,30,SYNTH
2026-03-09 13:38:49.420Z,5.4111,45,SYNTH
2026-03-09 13:38:50.502Z,5.4189,66,SYNTH
2026-03-09 13:38:51.819Z,5.4239,55,SYNTH
2026-03-09 13:38:52.487Z,5.4253,54,SYNTH
2026-03-09 13:38:53.628Z,5.4277,59,SYNTH
2026-03-09 13:38:54.227Z,5.4302,75,SYNTH
2026-03-09 13:38:55.670Z,5.4361,50,SYNTH
2026-03-09 13:38:56.525Z,5.4376,43,SYNTH
2026-03-09 13:38:57.248Z,5.4405,65,SYNTH
2026-03-09 13:38:58.224Z,5.4391,52,SYNTH
2026-03-09 13:38:59.774Z,5.4403,74,SYNTH
2026-03-09 13:39:00.353Z,5.4434,68,SYNTH
2026-03-09 13:39:01.496Z,5.4437,73,SYNTH
2026-03-09 13:39:02.705Z,5.4417,91,SYNTH
2026-03-09 13:39:03.710Z,5.4420,70,SYNTH
2026-03-09 13:39:04.579Z,5.4368,97,SYNTH
2026-03-09 13:39:05.836Z,5.4436,88,SYNTH
2026-03-09 13:39:06.040Z,5.4391,75,SYNTH
2026-03-09 13:39:07.028Z,5.4391,82,SYNTH
2026-03-09 13:39:08.718Z,5.4370,51,SYNTH
2026-03-09 13:39:09.597Z,5.4435,72,SYNTH
2026-03-09 13:39:10.462Z,5.4413,85,SYNTH
2026-03-09 13:39:11.463Z,5.4388,157,SYNTH
2026-03-09 13:39:12.343Z,5.4380,240,SYNTH
2026-03-09 13:39:13.836Z,5.4418,231,SYNTH
2026-03-09 13:39:14.221Z,5.4381,44,SYNTH
2026-03-09 13:39:15.413Z,5.4439,42,SYNTH
2026-03-09 13:39:16.224Z,5.4354,98,SYNTH
2026-03-09 13:39:17.133Z,5.4356,80,SYNTH
2026-03-09 13:39:18.526Z,5.4409,83,SYNTH
2026-03-09 13:39:19.672Z,5.4419,105,SYNTH
2026-03-09 13:39:20.336Z,5.4439,67,SYNTH
2026-03-09 13:39:21.516Z,5.4445,61,SYNTH
2026-03-09 13:39:22.351Z,5.4450,41,SYNTH
2026-03-09 13:39:23.089Z,5.4451,41,SYNTH
2026-03-09 13:39:24.641Z,5.4457,61,SYNTH
2026-03-09 13:39:25.763Z,5.4465,77,SYNTH
2026-03-09 13:39:26.092Z,5.4461,42,SYNTH
2026-03-09 13:39:27.110Z,5.4418,46,SYNTH
2026-03-09 13:39:28.477Z,5.4471,50,SYNTH
2026-03-09 13:39:29.182Z,5.4455,38,SYNTH
2026-03-09 13:39:30.620Z,5.4504,62,SYNTH
2026-03-09 13:39:31.201Z,5.4458,38,SYNTH
2026-03-09 13:39:32.318Z,5.4510,82,SYNTH
2026-03-09 13:39:33.115Z,5.4467,82,SYNTH
2026-03-09 13:39:34.389Z,5.4505,52,SYNTH
2026-03-09 13:39:35.138Z,5.4460,45,SYNTH
2026-03-09 13:39:36.873Z,5.4488,49,SYNTH
2026-03-09 13:39:37.354Z,5.4517,139,SYNTH
2026-03-09 13:39:38.338Z,5.4458,117,SYNTH
2026-03-09 13:39:39.153Z,5.4527,111,SYNTH
2026-03-09 13:39:40.058Z,5.4491,119,SYNTH
2026-03-09 13:39:41.382Z,5.4528,81,SYNTH
2026-03-09 13:39:42.201Z,5.4492,54,SYNTH
2026-03-09 13:39:43.147Z,5.4507,88,SYNTH
2026-03-09 13:39:44.849Z,5.4460,60,SYNTH
2026-03-09 13:39:45.304Z,5.4486,79,SYNTH
2026-03-09 13:39:46.609Z,5.4450,76,SYNTH
2026-03-09 13:39:47.445Z,5.4504,88,SYNTH
2026-03-09 13:39:48.779Z,5.4432,76,SYNTH
2026-03-09 13:39:49.508Z,5.4486,58,SYNTH
2026-03-09 13:39:50.675Z,5.4457,82,SYNTH
2026-03-09 13:39:51.025Z,5.4424,86,SYNTH
2026-03-09 13:39:52.300Z,5.4435,110,SYNTH
2026-03-09 13:39:53.112Z,5.4455,88,SYNTH
2026-03-09 13:39:54.690Z,5.4396,104,SYNTH
2026-03-09 13:39:55.522Z,5.4453,103,SYNTH
2026-03-09 13:39:56.547Z,5.4386,62,SYNTH
2026-03-09 13:39:57.002Z,5.4364,84,SYNTH
2026-03-09 13:39:58.093Z,5.4425,115,SYNTH
2026-03-09 13:39:59.828Z,5.4395,125,SYNTH
2026-03-09 13:40:00.676Z,5.4452,56,SYNTH
2026-03-09 13:40:01.106Z,5.4385,53,SYNTH
2026-03-09 13:40:02.238Z,5.4378,32,SYNTH
2026-03-09 13:40:03.683Z,5.4430,32,SYNTH
2026-03-09 13:40:04.404Z,5.4409,32,SYNTH
2026-03-09 13:40:05.662Z,5.4398,45,SYNTH
2026-03-09 13:40:06.285Z,5.4422,26,SYNTH
2026-03-09 13:40:07.472Z,5.4405,27,SYNTH
2026-03-09 13:40:08.765Z,5.4399,51,SYNTH
2026-03-09 13:40:09.282Z,5.4447,35,SYNTH
2026-03-09 13:40:10.547Z,5.4418,45,SYNTH
2026-03-09 13:40:11.477Z,5.4434,55,SYNTH
2026-03-09 13:40:12.085Z,5.4428,65,SYNTH
2026-03-09 13:40:13.131Z,5.4395,77,SYNTH
2026-03-09 13:40:14.115Z,5.4383,42,SYNTH
2026-03-09 13:40:15.227Z,5.4447,34,SYNTH
2026-03-09 13:40:16.224Z,5.4431,54,SYNTH
2026-03-09 13:40:17.321Z,5.4461,39,SYNTH
2026-03-09 13:40:18.660Z,5.4416,47,SYNTH
2026-03-09 13:40:19.138Z,5.4397,68,SYNTH
2026-03-09 13:40:20.006Z,5.4425,30,SYNTH
2026-03-09 13:40:21.508Z,5.4457,21,SYNTH
2026-03-09 13:40:22.054Z,5.4428,31,SYNTH
2026-03-09 13:40:23.472Z,5.4464,16,SYNTH
2026-03-09 13:40:24.268Z,5.4498,29,SYNTH
2026-03-09 13:40:25.693Z,5.4482,38,SYNTH
2026-03-09 13:40:26.585Z,5.4502,38,SYNTH
2026-03-09 13:40:27.549Z,5.4518,18,SYNTH
2026-03-09 13:40:28.185Z,5.4550,16,SYNTH
2026-03-09 13:40:29.704Z,5.4544,35,SYNTH
2026-03-09 13:40:30.226Z,5.4556,29,SYNTH
2026-03-09 13:40:31.539Z,5.4519,33,SYNTH
2026-03-09 13:40:32.341Z,5.4605,33,SYNTH
2026-03-09 13:40:33.167Z,5.4589,38,SYNTH
2026-03-09 13:40:34.446Z,5.4550,27,SYNTH
2026-03-09 13:40:35.679Z,5.4597,28,SYNTH
2026-03-09 13:40:36.609Z,5.4606,24,SYNTH
2026-03-09 13:40:37.364Z,5.4606,97,SYNTH
2026-03-09 13:40:38.186Z,5.4617,92,SYNTH
2026-03-09 13:40:39.567Z,5.4577,48,SYNTH
2026-03-09 13:40:40.263Z,5.4585,79,SYNTH
2026-03-09 13:40:41.016Z,5.4621,37,SYNTH
2026-03-09 13:40:42.235Z,5.4575,21,SYNTH
2026-03-09 13:40:43.531Z,5.4556,27,SYNTH
2026-03-09 13:40:44.865Z,5.4592,20,SYNTH
2026-03-09 13:40:45.824Z,5.4576,35,SYNTH
2026-03-09 13:40:46.377Z,5.4624,49,SYNTH
2026-03-09 13:40:47.507Z,5.4527,59,SYNTH
2026-03-09 13:40:48.560Z,5.4617,43,SYNTH
2026-03-09 13:40:49.055Z,5.4617,24,SYNTH
2026-03-09 13:40:50.307Z,5.4558,46,SYNTH
2026-03-09 13:40:51.525Z,5.4626,46,SYNTH
2026-03-09 13:40:52.289Z,5.4546,44,SYNTH
2026-03-09 13:40:53.469Z,5.4607,25,SYNTH
2026-03-09 13:40:54.373Z,5.4636,30,SYNTH
2026-03-09 13:40:55.077Z,5.4552,44,SYNTH
2026-03-09 13:40:56.407Z,5.4564,30,SYNTH
2026-03-09 13:40:57.487Z,5.4600,31,SYNTH
2026-03-09 13:40:58.514Z,5.4643,50,SYNTH
2026-03-09 13:40:59.886Z,5.4572,37,SYNTH
2026-03-09 13:41:00.064Z,5.4440,163,SYNTH
2026-03-09 13:41:01.777Z,5.4380,168,SYNTH
2026-03-09 13:41:02.877Z,5.4427,95,SYNTH
2026-03-09 13:41:03.683Z,5.4422,177,SYNTH
2026-03-09 13:41:04.044Z,5.4371,97,SYNTH
2026-03-09 13:41:05.185Z,5.4440,140,SYNTH
2026-03-09 13:41:06.273Z,5.4391,199,SYNTH
2026-03-09 13:41:07.653Z,5.4437,101,SYNTH
2026-03-09 13:41:08.272Z,5.4372,176,SYNTH
2026-03-09 13:41:09.523Z,5.4382,115,SYNTH
2026-03-09 13:41:10.168Z,5.4355,178,SYNTH
2026-03-09 13:41:11.530Z,5.4439,386,SYNTH
2026-03-09 13:41:12.109Z,5.4377,325,SYNTH
2026-03-09 13:41:13.401Z,5.4358,306,SYNTH
2026-03-09 13:41:14.082Z,5.4424,143,SYNTH
2026-03-09 13:41:15.272Z,5.4445,134,SYNTH
2026-03-09 13:41:16.803Z,5.4389,278,SYNTH
2026-03-09 13:41:17.766Z,5.4374,169,SYNTH
2026-03-09 13:41:18.763Z,5.4377,282,SYNTH
2026-03-09 13:41:19.720Z,5.4376,249,SYNTH
2026-03-09 13:41:20.061Z,5.4362,77,SYNTH
2026-03-09 13:41:21.412Z,5.4361,162,SYNTH
2026-03-09 13:41:22.588Z,5.4336,152,SYNTH
2026-03-09 13:41:23.559Z,5.4276,151,SYNTH
2026-03-09 13:41:24.769Z,5.4236,101,SYNTH
2026-03-09 13:41:25.858Z,5.4212,137,SYNTH
2026-03-09 13:41:26.597Z,5.4178,93,SYNTH
2026-03-09 13:41:27.136Z,5.4120,132,SYNTH
2026-03-09 13:41:28.685Z,5.4084,104,SYNTH
2026-03-09 13:41:29.452Z,5.4033,112,SYNTH
2026-03-09 13:41:30.810Z,5.3963,90,SYNTH
2026-03-09 13:41:31.895Z,5.3969,154,SYNTH
2026-03-09 13:41:32.359Z,5.3916,81,SYNTH
2026-03-09 13:41:33.611Z,5.3886,109,SYNTH
2026-03-09 13:41:34.148Z,5.3862,76,SYNTH
2026-03-09 13:41:35.853Z,5.3837,148,SYNTH
2026-03-09 13:41:36.468Z,5.3796,123,SYNTH
2026-03-09 13:41:37.097Z,5.3787,222,SYNTH
2026-03-09 13:41:38.896Z,5.3780,277,SYNTH
2026-03-09 13:41:39.047Z,5.3838,381,SYNTH
2026-03-09 13:41:40.382Z,5.3843,383,SYNTH
2026-03-09 13:41:41.321Z,5.3820,103,SYNTH
2026-03-09 13:41:42.076Z,5.3845,146,SYNTH
2026-03-09 13:41:43.884Z,5.3839,151,SYNTH
2026-03-09 13:41:44.545Z,5.3865,152,SYNTH
2026-03-09 13:41:45.687Z,5.3886,235,SYNTH
2026-03-09 13:41:46.223Z,5.3823,232,SYNTH
2026-03-09 13:41:47.762Z,5.3860,255,SYNTH
2026-03-09 13:41:48.339Z,5.3822,133,SYNTH
2026-03-09 13:41:49.316Z,5.3873,114,SYNTH
2026-03-09 13:41:50.579Z,5.3808,96,SYNTH
2026-03-09 13:41:51.859Z,5.3795,93,SYNTH
2026-03-09 13:41:52.179Z,5.3815,114,SYNTH
2026-03-09 13:41:53.516Z,5.3790,114,SYNTH
2026-03-09 13:41:54.833Z,5.3858,169,SYNTH
2026-03-09 13:41:55.395Z,5.3799,148,SYNTH
2026-03-09 13:41:56.887Z,5.3768,173,SYNTH
2026-03-09 13:41:57.391Z,5.3769,107,SYNTH
2026-03-09 13:41:58.011Z,5.3815,128,SYNTH
2026-03-09 13:41:59.023Z,5.3764,139,SYNTH
2026-03-09 13:42:00.182Z,5.3815,194,SYNTH
2026-03-09 13:42:01.206Z,5.3852,135,SYNTH
2026-03-09 13:42:02.781Z,5.3864,254,SYNTH
2026-03-09 13:42:03.617Z,5.3842,156,SYNTH
2026-03-09 13:42:04.856Z,5.3882,224,SYNTH
2026-03-09 13:42:05.200Z,5.3946,124,SYNTH
2026-03-09 13:42:06.482Z,5.3999,119,SYNTH
2026-03-09 13:42:07.373Z,5.4014,223,SYNTH
2026-03-09 13:42:08.771Z,5.4049,170,SYNTH
2026-03-09 13:42:09.861Z,5.4087,167,SYNTH
2026-03-09 13:42:10.677Z,5.4116,93,SYNTH
2026-03-09 13:42:11.515Z,5.4054,500,SYNTH
2026-03-09 13:42:12.014Z,5.4111,272,SYNTH
2026-03-09 13:42:13.149Z,5.4061,326,SYNTH
2026-03-09 13:42:14.340Z,5.4032,184,SYNTH
2026-03-09 13:42:15.350Z,5.4075,117,SYNTH
2026-03-09 13:42:16.128Z,5.4007,207,SYNTH
2026-03-09 13:42:17.651Z,5.3988,187,SYNTH
2026-03-09 13:42:18.763Z,5.3985,222,SYNTH
2026-03-09 13:42:19.261Z,5.4046,302,SYNTH
2026-03-09 13:42:20.688Z,5.3976,136,SYNTH
2026-03-09 13:42:21.322Z,5.3953,71,SYNTH
2026-03-09 13:42:22.239Z,5.3968,159,SYNTH
2026-03-09 13:42:23.029Z,5.3944,91,SYNTH
2026-03-09 13:42:24.554Z,5.3896,71,SYNTH
2026-03-09 13:42:25.788Z,5.3892,106,SYNTH
2026-03-09 13:42:26.466Z,5.3857,170,SYNTH
2026-03-09 13:42:27.159Z,5.3835,127,SYNTH
2026-03-09 13:42:28.467Z,5.3780,105,SYNTH
2026-03-09 13:42:29.693Z,5.3762,144,SYNTH
2026-03-09 13:42:30.770Z,5.3759,92,SYNTH
2026-03-09 13:42:31.593Z,5.3699,152,SYNTH
2026-03-09 13:42:32.621Z,5.3667,151,SYNTH
2026-03-09 13:42:33.077Z,5.3656,106,SYNTH
2026-03-09 13:42:34.677Z,5.3620,107,SYNTH
2026-03-09 13:42:35.869Z,5.3623,161,SYNTH
2026-03-09 13:42:36.089Z,5.3587,119,SYNTH
2026-03-09 13:42:37.643Z,5.3610,374,SYNTH
2026-03-09 13:42:38.048Z,5.3554,263,SYNTH
2026-03-09 13:42:39.120Z,5.3649,196,SYNTH
2026-03-09 13:42:40.087Z,5.3575,187,SYNTH
2026-03-09 13:42:41.517Z,5.3647,174,SYNTH
2026-03-09 13:42:42.468Z,5.3575,101,SYNTH
2026-03-09 13:42:43.306Z,5.3653,110,SYNTH
2026-03-09 13:42:44.840Z,5.3656,146,SYNTH
2026-03-09 13:42:45.842Z,5.3631,291,SYNTH
2026-03-09 13:42:46.273Z,5.3677,194,SYNTH
2026-03-09 13:42:47.456Z,5.3667,190,SYNTH
2026-03-09 13:42:48.459Z,5.3665,152,SYNTH
2026-03-09 13:42:49.585Z,5.3639,159,SYNTH
2026-03-09 13:42:50.700Z,5.3703,159,SYNTH
2026-03-09 13:42:51.433Z,5.3647,92,SYNTH
2026-03-09 13:42:52.053Z,5.3699,175,SYNTH
2026-03-09 13:42:53.110Z,5.3658,131,SYNTH
2026-03-09 13:42:54.337Z,5.3707,127,SYNTH
2026-03-09 13:42:55.401Z,5.3701,175,SYNTH
2026-03-09 13:42:56.325Z,5.3658,154,SYNTH
2026-03-09 13:42:57.029Z,5.3654,222,SYNTH
2026-03-09 13:42:58.436Z,5.3705,162,SYNTH
2026-03-09 13:42:59.638Z,5.3707,189,SYNTH
2026-03-09 13:43:00.055Z,5.3720,23,SYNTH
2026-03-09 13:43:01.731Z,5.3687,21,SYNTH
2026-03-09 13:43:02.398Z,5.3654,17,SYNTH
2026-03-09 13:43:03.134Z,5.3643,12,SYNTH
2026-03-09 13:43:04.604Z,5.3645,15,SYNTH
2026-03-09 13:43:05.467Z,5.3615,26,SYNTH
2026-03-09 13:43:06.045Z,5.3563,19,SYNTH
2026-03-09 13:43:07.444Z,5.3540,20,SYNTH
2026-03-09 13:43:08.101Z,5.3540,23,SYNTH
2026-03-09 13:43:09.758Z,5.3480,16,SYNTH
2026-03-09 13:43:10.136Z,5.3510,17,SYNTH
2026-03-09 13:43:11.822Z,5.3490,60,SYNTH
2026-03-09 13:43:12.345Z,5.3527,44,SYNTH
2026-03-09 13:43:13.279Z,5.3547,35,SYNTH
2026-03-09 13:43:14.222Z,5.3528,23,SYNTH
2026-03-09 13:43:15.160Z,5.3573,22,SYNTH
2026-03-09 13:43:16.702Z,5.3571,21,SYNTH
2026-03-09 13:43:17.449Z,5.3578,36,SYNTH
2026-03-09 13:43:18.222Z,5.3545,27,SYNTH
2026-03-09 13:43:19.358Z,5.3574,32,SYNTH
2026-03-09 13:43:20.183Z,5.3608,19,SYNTH
2026-03-09 13:43:21.713Z,5.3618,17,SYNTH
2026-03-09 13:43:22.492Z,5.3597,14,SYNTH
2026-03-09 13:43:23.131Z,5.3633,20,SYNTH
2026-03-09 13:43:24.541Z,5.3658,16,SYNTH
2026-03-09 13:43:25.282Z,5.3705,15,SYNTH
2026-03-09 13:43:26.110Z,5.3700,18,SYNTH
2026-03-09 13:43:27.108Z,5.3735,16,SYNTH
2026-03-09 13:43:28.009Z,5.3760,18,SYNTH
2026-03-09 13:43:29.354Z,5.3787,11,SYNTH
2026-03-09 13:43:30.065Z,5.3816,19,SYNTH
2026-03-09 13:43:31.638Z,5.3825,16,SYNTH
2026-03-09 13:43:32.860Z,5.3854,18,SYNTH
2026-03-09 13:43:33.648Z,5.3853,10,SYNTH
2026-03-09 13:43:34.403Z,5.3886,14,SYNTH
2026-03-09 13:43:35.480Z,5.3833,9,SYNTH
2026-03-09 13:43:36.150Z,5.3915,15,SYNTH
2026-03-09 13:43:37.556Z,5.3941,35,SYNTH
2026-03-09 13:43:38.880Z,5.3876,28,SYNTH
2026-03-09 13:43:39.126Z,5.3920,36,SYNTH
2026-03-09 13:43:40.507Z,5.3865,32,SYNTH
2026-03-09 13:43:41.866Z,5.3905,17,SYNTH
2026-03-09 13:43:42.643Z,5.3860,21,SYNTH
2026-03-09 13:43:43.546Z,5.3843,22,SYNTH
2026-03-09 13:43:44.554Z,5.3837,23,SYNTH
2026-03-09 13:43:45.077Z,5.3891,19,SYNTH
2026-03-09 13:43:46.083Z,5.3852,34,SYNTH
2026-03-09 13:43:47.806Z,5.3916,28,SYNTH
2026-03-09 13:43:48.522Z,5.3840,11,SYNTH
2026-03-09 13:43:49.535Z,5.3880,11,SYNTH
2026-03-09 13:43:50.579Z,5.3855,20,SYNTH
2026-03-09 13:43:51.628Z,5.3883,17,SYNTH
2026-03-09 13:43:52.458Z,5.3899,14,SYNTH
2026-03-09 13:43:53.422Z,5.3853,18,SYNTH
2026-03-09 13:43:54.305Z,5.3923,15,SYNTH
2026-03-09 13:43:55.046Z,5.3881,28,SYNTH
2026-03-09 13:43:56.683Z,5.3869,13,SYNTH
2026-03-09 13:43:57.794Z,5.3940,19,SYNTH
2026-03-09 13:43:58.233Z,5.3861,19,SYNTH
2026-03-09 13:43:59.369Z,5.3929,26,SYNTH
2026-03-09 13:44:00.735Z,5.3532,19,SYNTH
2026-03-09 13:44:01.243Z,5.3522,29,SYNTH
2026-03-09 13:44:02.242Z,5.3504,41,SYNTH
2026-03-09 13:44:03.197Z,5.3490,16,SYNTH
2026-03-09 13:44:04.130Z,5.3478,31,SYNTH
2026-03-09 13:44:05.337Z,5.3516,32,SYNTH
2026-03-09 13:44:06.351Z,5.3496,36,SYNTH
2026-03-09 13:44:07.417Z,5.3490,36,SYNTH
2026-03-09 13:44:08.626Z,5.3466,32,SYNTH
2026-03-09 13:44:09.078Z,5.3491,32,SYNTH
2026-03-09 13:44:10.722Z,5.3531,32,SYNTH
2026-03-09 13:44:11.169Z,5.3519,79,SYNTH
2026-03-09 13:44:12.419Z,5.3492,57,SYNTH
2026-03-09 13:44:13.550Z,5.3515,52,SYNTH
2026-03-09 13:44:14.051Z,5.3508,31,SYNTH
2026-03-09 13:44:15.778Z,5.3526,18,SYNTH
2026-03-09 13:44:16.180Z,5.3466,50,SYNTH
2026-03-09 13:44:17.357Z,5.3518,22,SYNTH
2026-03-09 13:44:18.170Z,5.3460,29,SYNTH
2026-03-09 13:44:19.084Z,5.3526,39,SYNTH
2026-03-09 13:44:20.481Z,5.3507,12,SYNTH
2026-03-09 13:44:21.255Z,5.3531,24,SYNTH
2026-03-09 13:44:22.005Z,5.3495,15,SYNTH
2026-03-09 13:44:23.828Z,5.3577,21,SYNTH
2026-03-09 13:44:24.706Z,5.3573,19,SYNTH
2026-03-09 13:44:25.894Z,5.3602,20,SYNTH
2026-03-09 13:44:26.598Z,5.3618,26,SYNTH
2026-03-09 13:44:27.082Z,5.3628,24,SYNTH
2026-03-09 13:44:28.405Z,5.3684,16,SYNTH
2026-03-09 13:44:29.210Z,5.3682,22,SYNTH
2026-03-09 13:44:30.141Z,5.3703,12,SYNTH
2026-03-09 13:44:31.627Z,5.3725,21,SYNTH
2026-03-09 13:44:32.273Z,5.3762,27,SYNTH
2026-03-09 13:44:33.612Z,5.3763,17,SYNTH
2026-03-09 13:44:34.843Z,5.3782,21,SYNTH
2026-03-09 13:44:35.884Z,5.3800,22,SYNTH
2026-03-09 13:44:36.819Z,5.3844,12,SYNTH
2026-03-09 13:44:37.488Z,5.3775,66,SYNTH
2026-03-09 13:44:38.491Z,5.3853,50,SYNTH
2026-03-09 13:44:39.692Z,5.3817,59,SYNTH
2026-03-09 13:44:40.853Z,5.3776,57,SYNTH
2026-03-09 13:44:41.621Z,5.3755,27,SYNTH
2026-03-09 13:44:42.053Z,5.3813,15,SYNTH
2026-03-09 13:44:43.850Z,5.3776,30,SYNTH
2026-03-09 13:44:44.053Z,5.3806,13,SYNTH
2026-03-09 13:44:45.453Z,5.3795,37,SYNTH
2026-03-09 13:44:46.622Z,5.3792,31,SYNTH
2026-03-09 13:44:47.483Z,5.3801,28,SYNTH
2026-03-09 13:44:48.450Z,5.3761,31,SYNTH
2026-03-09 13:44:49.117Z,5.3830,29,SYNTH
2026-03-09 13:44:50.705Z,5.3782,14,SYNTH
2026-03-09 13:44:51.192Z,5.3834,29,SYNTH
2026-03-09 13:44:52.716Z,5.3768,33,SYNTH
2026-03-09 13:44:53.150Z,5.3822,29,SYNTH
2026-03-09 13:44:54.292Z,5.3755,22,SYNTH
2026-03-09 13:44:55.122Z,5.3823,24,SYNTH
2026-03-09 13:44:56.257Z,5.3783,22,SYNTH
2026-03-09 13:44:57.696Z,5.3783,26,SYNTH
2026-03-09 13:44:58.595Z,5.3809,30,SYNTH
2026-03-09 13:44:59.495Z,5.3804,19,SYNTH
2026-03-09 13:45:00.231Z,5.3518,77,SYNTH
2026-03-09 13:45:01.521Z,5.3462,32,SYNTH
2026-03-09 13:45:02.281Z,5.3509,33,SYNTH
2026-03-09 13:45:03.313Z,5.3450,54,SYNTH
2026-03-09 13:45:04.396Z,5.3522,68,SYNTH
2026-03-09 13:45:05.682Z,5.3515,62,SYNTH
2026-03-09 13:45:06.099Z,5.3487,61,SYNTH
2026-03-09 13:45:07.571Z,5.3546,56,SYNTH
2026-03-09 13:45:08.775Z,5.3541,46,SYNTH
2026-03-09 13:45:09.628Z,5.3469,61,SYNTH
2026-03-09 13:45:10.849Z,5.3550,48,SYNTH
2026-03-09 13:45:11.695Z,5.3485,131,SYNTH
2026-03-09 13:45:12.770Z,5.3507,69,SYNTH
2026-03-09 13:45:13.158Z,5.3526,116,SYNTH
2026-03-09 13:45:14.503Z,5.3515,34,SYNTH
2026-03-09 13:45:15.278Z,5.3455,53,SYNTH
2026-03-09 13:45:16.505Z,5.3460,98,SYNTH
2026-03-09 13:45:17.184Z,5.3531,86,SYNTH
2026-03-09 13:45:18.164Z,5.3463,63,SYNTH
2026-03-09 13:45:19.298Z,5.3521,61,SYNTH
2026-03-09 13:45:20.778Z,5.3533,46,SYNTH
2026-03-09 13:45:21.826Z,5.3549,26,SYNTH
2026-03-09 13:45:22.559Z,5.3538,21,SYNTH
2026-03-09 13:45:23.685Z,5.3578,41,SYNTH
2026-03-09 13:45:24.311Z,5.3515,48,SYNTH
2026-03-09 13:45:25.307Z,5.3602,35,SYNTH
2026-03-09 13:45:26.454Z,5.3589,36,SYNTH
2026-03-09 13:45:27.892Z,5.3604,27,SYNTH
2026-03-09 13:45:28.819Z,5.3609,22,SYNTH
2026-03-09 13:45:29.800Z,5.3626,50,SYNTH
2026-03-09 13:45:30.085Z,5.3639,34,SYNTH
2026-03-09 13:45:31.134Z,5.3646,21,SYNTH
2026-03-09 13:45:32.856Z,5.3665,44,SYNTH
2026-03-09 13:45:33.225Z,5.3684,26,SYNTH
2026-03-09 13:45:34.104Z,5.3666,49,SYNTH
2026-03-09 13:45:35.591Z,5.3715,24,SYNTH
2026-03-09 13:45:36.297Z,5.3729,38,SYNTH
2026-03-09 13:45:37.599Z,5.3658,82,SYNTH
2026-03-09 13:45:38.139Z,5.3713,74,SYNTH
2026-03-09 13:45:39.385Z,5.3742,113,SYNTH
2026-03-09 13:45:40.799Z,5.3655,70,SYNTH
2026-03-09 13:45:41.505Z,5.3718,36,SYNTH
2026-03-09 13:45:42.132Z,5.3702,33,SYNTH
2026-03-09 13:45:43.291Z,5.3656,54,SYNTH
2026-03-09 13:45:44.272Z,5.3722,41,SYNTH
2026-03-09 13:45:45.399Z,5.3714,79,SYNTH
2026-03-09 13:45:46.031Z,5.3654,39,SYNTH
2026-03-09 13:45:47.612Z,5.3696,38,SYNTH
2026-03-09 13:45:48.098Z,5.3724,30,SYNTH
2026-03-09 13:45:49.726Z,5.3632,26,SYNTH
2026-03-09 13:45:50.072Z,5.3707,36,SYNTH
2026-03-09 13:45:51.159Z,5.3668,54,SYNTH
2026-03-09 13:45:52.457Z,5.3712,39,SYNTH
2026-03-09 13:45:53.278Z,5.3662,42,SYNTH
2026-03-09 13:45:54.442Z,5.3718,54,SYNTH
2026-03-09 13:45:55.630Z,5.3654,64,SYNTH
2026-03-09 13:45:56.320Z,5.3713,75,SYNTH
2026-03-09 13:45:57.658Z,5.3721,50,SYNTH
2026-03-09 13:45:58.646Z,5.3733,62,SYNTH
2026-03-09 13:45:59.434Z,5.3683,52,SYNTH
2026-03-09 13:46:00.160Z,5.3815,45,SYNTH
2026-03-09 13:46:01.865Z,5.3764,28,SYNTH
2026-03-09 13:46:02.672Z,5.3827,22,SYNTH
2026-03-09 13:46:03.376Z,5.3769,43,SYNTH
2026-03-09 13:46:04.495Z,5.3805,32,SYNTH
2026-03-09 13:46:05.899Z,5.3815,30,SYNTH
2026-03-09 13:46:06.278Z,5.3761,19,SYNTH
2026-03-09 13:46:07.003Z,5.3832,19,SYNTH
2026-03-09 13:46:08.329Z,5.3786,26,SYNTH
2026-03-09 13:46:09.450Z,5.3775,27,SYNTH
2026-03-09 13:46:10.198Z,5.3806,29,SYNTH
2026-03-09 13:46:11.280Z,5.3773,88,SYNTH
2026-03-09 13:46:12.796Z,5.3802,65,SYNTH
2026-03-09 13:46:13.250Z,5.3779,46,SYNTH
2026-03-09 13:46:14.049Z,5.3788,26,SYNTH
2026-03-09 13:46:15.899Z,5.3833,30,SYNTH
2026-03-09 13:46:16.430Z,5.3786,25,SYNTH
2026-03-09 13:46:17.846Z,5.3843,35,SYNTH
2026-03-09 13:46:18.047Z,5.3838,23,SYNTH
2026-03-09 13:46:19.179Z,5.3759,29,SYNTH
2026-03-09 13:46:20.028Z,5.3758,25,SYNTH
2026-03-09 13:46:21.352Z,5.3803,19,SYNTH
2026-03-09 13:46:22.417Z,5.3788,21,SYNTH
2026-03-09 13:46:23.694Z,5.3802,22,SYNTH
2026-03-09 13:46:24.353Z,5.3770,13,SYNTH
2026-03-09 13:46:25.523Z,5.3750,29,SYNTH
2026-03-09 13:46:26.378Z,5.3797,19,SYNTH
2026-03-09 13:46:27.426Z,5.3751,23,SYNTH
2026-03-09 13:46:28.495Z,5.3732,16,SYNTH
2026-03-09 13:46:29.874Z,5.3746,28,SYNTH
2026-03-09 13:46:30.459Z,5.3738,14,SYNTH
2026-03-09 13:46:31.773Z,5.3710,23,SYNTH
2026-03-09 13:46:32.528Z,5.3704,22,SYNTH
2026-03-09 13:46:33.295Z,5.3688,25,SYNTH
2026-03-09 13:46:34.196Z,5.3743,25,SYNTH
2026-03-09 13:46:35.592Z,5.3694,16,SYNTH
2026-03-09 13:46:36.461Z,5.3667,13,SYNTH
2026-03-09 13:46:37.342Z,5.3679,64,SYNTH
2026-03-09 13:46:38.892Z,5.3731,64,SYNTH
2026-03-09 13:46:39.882Z,5.3708,50,SYNTH
2026-03-09 13:46:40.176Z,5.3691,55,SYNTH
2026-03-09 13:46:41.232Z,5.3662,18,SYNTH
2026-03-09 13:46:42.389Z,5.3722,14,SYNTH
2026-03-09 13:46:43.835Z,5.3673,32,SYNTH
2026-03-09 13:46:44.501Z,5.3740,24,SYNTH
2026-03-09 13:46:45.640Z,5.3699,43,SYNTH
2026-03-09 13:46:46.300Z,5.3686,33,SYNTH
2026-03-09 13:46:47.530Z,5.3714,38,SYNTH
2026-03-09 13:46:48.737Z,5.3724,16,SYNTH
2026-03-09 13:46:49.112Z,5.3670,21,SYNTH
2026-03-09 13:46:50.881Z,5.3747,34,SYNTH
2026-03-09 13:46:51.296Z,5.3776,18,SYNTH
2026-03-09 13:46:52.015Z,5.3728,30,SYNTH
2026-03-09 13:46:53.894Z,5.3766,26,SYNTH
2026-03-09 13:46:54.079Z,5.3705,38,SYNTH
2026-03-09 13:46:55.332Z,5.3764,31,SYNTH
2026-03-09 13:46:56.157Z,5.3729,41,SYNTH
2026-03-09 13:46:57.533Z,5.3755,34,SYNTH
2026-03-09 13:46:58.344Z,5.3751,43,SYNTH
2026-03-09 13:46:59.417Z,5.3721,37,SYNTH
2026-03-09 13:47:00.761Z,5.3852,70,SYNTH
2026-03-09 13:47:01.871Z,5.3818,63,SYNTH
2026-03-09 13:47:02.251Z,5.3871,47,SYNTH
2026-03-09 13:47:03.770Z,5.3815,76,SYNTH
2026-03-09 13:47:04.590Z,5.3796,69,SYNTH
2026-03-09 13:47:05.508Z,5.3778,69,SYNTH
2026-03-09 13:47:06.597Z,5.3828,50,SYNTH
2026-03-09 13:47:07.622Z,5.3772,40,SYNTH
2026-03-09 13:47:08.326Z,5.3827,73,SYNTH
2026-03-09 13:47:09.104Z,5.3816,41,SYNTH
2026-03-09 13:47:10.652Z,5.3777,40,SYNTH
2026-03-09 13:47:11.003Z,5.3779,135,SYNTH
2026-03-09 13:47:12.544Z,5.3848,170,SYNTH
2026-03-09 13:47:13.787Z,5.3784,87,SYNTH
2026-03-09 13:47:14.207Z,5.3797,32,SYNTH
2026-03-09 13:47:15.007Z,5.3803,39,SYNTH
2026-03-09 13:47:16.851Z,5.3828,94,SYNTH
2026-03-09 13:47:17.426Z,5.3775,93,SYNTH
2026-03-09 13:47:18.076Z,5.3784,88,SYNTH
2026-03-09 13:47:19.512Z,5.3823,82,SYNTH
2026-03-09 13:47:20.395Z,5.3856,25,SYNTH
2026-03-09 13:47:21.783Z,5.3783,42,SYNTH
2026-03-09 13:47:22.303Z,5.3861,49,SYNTH
2026-03-09 13:47:23.559Z,5.3863,45,SYNTH
2026-03-09 13:47:24.598Z,5.3896,35,SYNTH
2026-03-09 13:47:25.108Z,5.3841,55,SYNTH
2026-03-09 13:47:26.488Z,5.3910,55,SYNTH
2026-03-09 13:47:27.812Z,5.3903,27,SYNTH
2026-03-09 13:47:28.134Z,5.3954,46,SYNTH
2026-03-09 13:47:29.311Z,5.3965,37,SYNTH
2026-03-09 13:47:30.686Z,5.3915,55,SYNTH
2026-03-09 13:47:31.860Z,5.3965,33,SYNTH
2026-03-09 13:47:32.331Z,5.3987,25,SYNTH
2026-03-09 13:47:33.153Z,5.4009,36,SYNTH
2026-03-09 13:47:34.665Z,5.3943,34,SYNTH
2026-03-09 13:47:35.345Z,5.4016,40,SYNTH
2026-03-09 13:47:36.809Z,5.4030,25,SYNTH
2026-03-09 13:47:37.866Z,5.4042,127,SYNTH
2026-03-09 13:47:38.399Z,5.3964,148,SYNTH
2026-03-09 13:47:39.651Z,5.4039,70,SYNTH
2026-03-09 13:47:40.614Z,5.4018,153,SYNTH
2026-03-09 13:47:41.078Z,5.3966,31,SYNTH
2026-03-09 13:47:42.607Z,5.4026,29,SYNTH
2026-03-09 13:47:43.231Z,5.3976,29,SYNTH
2026-03-09 13:47:44.256Z,5.4012,32,SYNTH
2026-03-09 13:47:45.829Z,5.3964,95,SYNTH
2026-03-09 13:47:46.306Z,5.3967,56,SYNTH
2026-03-09 13:47:47.400Z,5.4021,45,SYNTH
2026-03-09 13:47:48.754Z,5.3944,48,SYNTH
2026-03-09 13:47:49.645Z,5.4020,58,SYNTH
2026-03-09 13:47:50.052Z,5.4003,32,SYNTH
2026-03-09 13:47:51.744Z,5.3950,46,SYNTH
2026-03-09 13:47:52.447Z,5.3987,74,SYNTH
2026-03-09 13:47:53.094Z,5.4010,48,SYNTH
2026-03-09 13:47:54.331Z,5.4039,80,SYNTH
2026-03-09 13:47:55.047Z,5.3992,40,SYNTH
2026-03-09 13:47:56.028Z,5.3968,76,SYNTH
2026-03-09 13:47:57.709Z,5.4037,69,SYNTH
2026-03-09 13:47:58.426Z,5.4016,63,SYNTH
2026-03-09 13:47:59.440Z,5.3962,82,SYNTH
2026-03-09 13:48:00.012Z,5.4034,41,SYNTH
2026-03-09 13:48:01.317Z,5.3991,30,SYNTH
2026-03-09 13:48:02.706Z,5.4015,25,SYNTH
2026-03-09 13:48:03.276Z,5.4020,32,SYNTH
2026-03-09 13:48:04.259Z,5.3986,25,SYNTH
2026-03-09 13:48:05.271Z,5.4018,29,SYNTH
2026-03-09 13:48:06.206Z,5.4038,31,SYNTH
2026-03-09 13:48:07.630Z,5.3991,28,SYNTH
2026-03-09 13:48:08.039Z,5.4049,36,SYNTH
2026-03-09 13:48:09.597Z,5.3990,33,SYNTH
2026-03-09 13:48:10.191Z,5.4027,34,SYNTH
2026-03-09 13:48:11.276Z,5.4035,85,SYNTH
2026-03-09 13:48:12.830Z,5.3977,40,SYNTH
2026-03-09 13:48:13.887Z,5.4021,67,SYNTH
2026-03-09 13:48:14.533Z,5.4004,20,SYNTH
2026-03-09 13:48:15.768Z,5.4044,13,SYNTH
2026-03-09 13:48:16.524Z,5.3965,49,SYNTH
2026-03-09 13:48:17.857Z,5.3971,47,SYNTH
2026-03-09 13:48:18.638Z,5.4038,23,SYNTH
2026-03-09 13:48:19.799Z,5.3997,36,SYNTH
2026-03-09 13:48:20.320Z,5.4013,24,SYNTH
2026-03-09 13:48:21.100Z,5.4038,15,SYNTH
2026-03-09 13:48:22.581Z,5.4051,15,SYNTH
2026-03-09 13:48:23.308Z,5.3982,26,SYNTH
2026-03-09 13:48:24.850Z,5.3990,15,SYNTH
2026-03-09 13:48:25.407Z,5.4017,20,SYNTH
2026-03-09 13:48:26.095Z,5.4034,20,SYNTH
2026-03-09 13:48:27.837Z,5.3991,15,SYNTH
2026-03-09 13:48:28.319Z,5.3978,26,SYNTH
2026-03-09 13:48:29.256Z,5.4018,21,SYNTH
2026-03-09 13:48:30.602Z,5.4014,11,SYNTH
2026-03-09 13:48:31.829Z,5.3983,21,SYNTH
2026-03-09 13:48:32.473Z,5.4017,11,SYNTH
2026-03-09 13:48:33.403Z,5.4007,16,SYNTH
2026-03-09 13:48:34.000Z,5.3970,26,SYNTH
2026-03-09 13:48:35.761Z,5.4025,20,SYNTH
2026-03-09 13:48:36.667Z,5.4033,15,SYNTH
2026-03-09 13:48:37.692Z,5.3989,47,SYNTH
2026-03-09 13:48:38.855Z,5.3967,62,SYNTH
2026-03-09 13:48:39.590Z,5.4020,61,SYNTH
2026-03-09 13:48:40.104Z,5.3972,37,SYNTH
2026-03-09 13:48:41.073Z,5.4010,19,SYNTH
2026-03-09 13:48:42.311Z,5.3951,26,SYNTH
2026-03-09 13:48:43.468Z,5.4024,16,SYNTH
2026-03-09 13:48:44.133Z,5.3999,17,SYNTH
2026-03-09 13:48:45.622Z,5.4034,20,SYNTH
2026-03-09 13:48:46.733Z,5.4032,27,SYNTH
2026-03-09 13:48:47.280Z,5.3988,46,SYNTH
2026-03-09 13:48:48.758Z,5.3960,29,SYNTH
2026-03-09 13:48:49.848Z,5.4025,30,SYNTH
2026-03-09 13:48:50.049Z,5.3954,15,SYNTH
2026-03-09 13:48:51.480Z,5.4033,30,SYNTH
2026-03-09 13:48:52.629Z,5.4018,19,SYNTH
2026-03-09 13:48:53.799Z,5.3980,19,SYNTH
2026-03-09 13:48:54.630Z,5.4047,20,SYNTH
2026-03-09 13:48:55.081Z,5.4015,32,SYNTH
2026-03-09 13:48:56.875Z,5.3983,24,SYNTH
2026-03-09 13:48:57.515Z,5.3991,28,SYNTH
2026-03-09 13:48:58.056Z,5.4037,27,SYNTH
2026-03-09 13:48:59.124Z,5.3976,40,SYNTH
2026-03-09 13:49:00.634Z,5.4029,60,SYNTH
2026-03-09 13:49:01.797Z,5.3981,54,SYNTH
2026-03-09 13:49:02.712Z,5.3966,34,SYNTH
2026-03-09 13:49:03.763Z,5.4038,40,SYNTH
2026-03-09 13:49:04.682Z,5.3968,37,SYNTH
2026-03-09 13:49:05.081Z,5.4021,63,SYNTH
2026-03-09 13:49:06.500Z,5.3994,33,SYNTH
2026-03-09 13:49:07.045Z,5.3964,36,SYNTH
2026-03-09 13:49:08.050Z,5.4007,54,SYNTH
2026-03-09 13:49:09.798Z,5.4033,58,SYNTH
2026-03-09 13:49:10.648Z,5.3987,36,SYNTH
2026-03-09 13:49:11.227Z,5.3985,98,SYNTH
2026-03-09 13:49:12.464Z,5.4014,95,SYNTH
2026-03-09 13:49:13.548Z,5.3978,87,SYNTH
2026-03-09 13:49:14.434Z,5.3990,35,SYNTH
2026-03-09 13:49:15.169Z,5.3983,44,SYNTH
2026-03-09 13:49:16.683Z,5.3987,79,SYNTH
2026-03-09 13:49:17.833Z,5.4037,76,SYNTH
2026-03-09 13:49:18.310Z,5.3993,88,SYNTH
2026-03-09 13:49:19.828Z,5.4031,61,SYNTH
2026-03-09 13:49:20.664Z,5.3994,36,SYNTH
2026-03-09 13:49:21.584Z,5.3952,41,SYNTH
2026-03-09 13:49:22.617Z,5.3978,30,SYNTH
2026-03-09 13:49:23.892Z,5.3927,34,SYNTH
2026-03-09 13:49:24.783Z,5.3956,40,SYNTH
2026-03-09 13:49:25.534Z,5.3929,23,SYNTH
2026-03-09 13:49:26.056Z,5.3929,24,SYNTH
2026-03-09 13:49:27.313Z,5.3893,25,SYNTH
2026-03-09 13:49:28.753Z,5.3874,49,SYNTH
2026-03-09 13:49:29.589Z,5.3893,32,SYNTH
2026-03-09 13:49:30.890Z,5.3875,24,SYNTH
2026-03-09 13:49:31.585Z,5.3823,32,SYNTH
2026-03-09 13:49:32.753Z,5.3806,37,SYNTH
2026-03-09 13:49:33.729Z,5.3819,39,SYNTH
2026-03-09 13:49:34.057Z,5.3807,36,SYNTH
2026-03-09 13:49:35.687Z,5.3793,43,SYNTH
2026-03-09 13:49:36.680Z,5.3792,46,SYNTH
2026-03-09 13:49:37.504Z,5.3816,94,SYNTH
2026-03-09 13:49:38.386Z,5.3773,123,SYNTH
2026-03-09 13:49:39.781Z,5.3758,104,SYNTH
2026-03-09 13:49:40.673Z,5.3827,57,SYNTH
2026-03-09 13:49:41.042Z,5.3821,42,SYNTH
2026-03-09 13:49:42.381Z,5.3842,37,SYNTH
2026-03-09 13:49:43.845Z,5.3784,47,SYNTH
2026-03-09 13:49:44.271Z,5.3818,32,SYNTH
2026-03-09 13:49:45.156Z,5.3786,82,SYNTH
2026-03-09 13:49:46.303Z,5.3850,53,SYNTH
2026-03-09 13:49:47.276Z,5.3798,73,SYNTH
2026-03-09 13:49:48.770Z,5.3848,57,SYNTH
2026-03-09 13:49:49.670Z,5.3796,31,SYNTH
2026-03-09 13:49:50.401Z,5.3805,63,SYNTH
2026-03-09 13:49:51.450Z,5.3843,28,SYNTH
2026-03-09 13:49:52.745Z,5.3855,28,SYNTH
2026-03-09 13:49:53.556Z,5.3775,63,SYNTH
2026-03-09 13:49:54.365Z,5.3841,42,SYNTH
2026-03-09 13:49:55.048Z,5.3780,69,SYNTH
2026-03-09 13:49:56.683Z,5.3804,38,SYNTH
2026-03-09 13:49:57.454Z,5.3813,59,SYNTH
2026-03-09 13:49:58.422Z,5.3789,60,SYNTH
2026-03-09 13:49:59.472Z,5.3804,38,SYNTH
2026-03-09 13:50:00.591Z,5.3639,14,SYNTH
2026-03-09 13:50:01.890Z,5.3587,14,SYNTH
2026-03-09 13:50:02.733Z,5.3565,11,SYNTH
2026-03-09 13:50:03.460Z,5.3614,15,SYNTH
2026-03-09 13:50:04.211Z,5.3630,13,SYNTH
2026-03-09 13:50:05.266Z,5.3621,12,SYNTH
2026-03-09 13:50:06.404Z,5.3649,10,SYNTH
2026-03-09 13:50:07.831Z,5.3586,9,SYNTH
2026-03-09 13:50:08.245Z,5.3584,7,SYNTH
2026-03-09 13:50:09.081Z,5.3629,10,SYNTH
2026-03-09 13:50:10.010Z,5.3555,5,SYNTH
2026-03-09 13:50:11.778Z,5.3633,13,SYNTH
2026-03-09 13:50:12.562Z,5.3621,18,SYNTH
2026-03-09 13:50:13.219Z,5.3576,18,SYNTH
2026-03-09 13:50:14.725Z,5.3609,9,SYNTH
2026-03-09 13:50:15.121Z,5.3580,12,SYNTH
2026-03-09 13:50:16.418Z,5.3613,14,SYNTH
2026-03-09 13:50:17.213Z,5.3557,12,SYNTH
2026-03-09 13:50:18.226Z,5.3634,15,SYNTH
2026-03-09 13:50:19.748Z,5.3576,17,SYNTH
2026-03-09 13:50:20.798Z,5.3630,10,SYNTH
2026-03-09 13:50:21.178Z,5.3593,8,SYNTH
2026-03-09 13:50:22.504Z,5.3619,7,SYNTH
2026-03-09 13:50:23.892Z,5.3571,10,SYNTH
2026-03-09 13:50:24.704Z,5.3570,6,SYNTH
2026-03-09 13:50:25.634Z,5.3614,8,SYNTH
2026-03-09 13:50:26.076Z,5.3578,4,SYNTH
2026-03-09 13:50:27.492Z,5.3596,5,SYNTH
2026-03-09 13:50:28.859Z,5.3617,9,SYNTH
2026-03-09 13:50:29.467Z,5.3582,6,SYNTH
2026-03-09 13:50:30.580Z,5.3624,8,SYNTH
2026-03-09 13:50:31.417Z,5.3641,4,SYNTH
2026-03-09 13:50:32.485Z,5.3583,7,SYNTH
2026-03-09 13:50:33.281Z,5.3626,5,SYNTH
2026-03-09 13:50:34.084Z,5.3555,8,SYNTH
2026-03-09 13:50:35.347Z,5.3620,10,SYNTH
2026-03-09 13:50:36.048Z,5.3617,5,SYNTH
2026-03-09 13:50:37.389Z,5.3611,27,SYNTH
2026-03-09 13:50:38.019Z,5.3636,24,SYNTH
2026-03-09 13:50:39.057Z,5.3562,21,SYNTH
2026-03-09 13:50:40.241Z,5.3631,16,SYNTH
2026-03-09 13:50:41.299Z,5.3623,7,SYNTH
2026-03-09 13:50:42.419Z,5.3649,7,SYNTH
2026-03-09 13:50:43.408Z,5.3578,6,SYNTH
2026-03-09 13:50:44.011Z,5.3581,8,SYNTH
2026-03-09 13:50:45.013Z,5.3609,17,SYNTH
2026-03-09 13:50:46.732Z,5.3627,11,SYNTH
2026-03-09 13:50:47.314Z,5.3572,10,SYNTH
2026-03-09 13:50:48.175Z,5.3641,9,SYNTH
2026-03-09 13:50:49.237Z,5.3564,11,SYNTH
2026-03-09 13:50:50.221Z,5.3618,10,SYNTH
2026-03-09 13:50:51.076Z,5.3590,8,SYNTH
2026-03-09 13:50:52.689Z,5.3588,11,SYNTH
2026-03-09 13:50:53.705Z,5.3570,8,SYNTH
2026-03-09 13:50:54.105Z,5.3612,15,SYNTH
2026-03-09 13:50:55.604Z,5.3627,8,SYNTH
2026-03-09 13:50:56.320Z,5.3593,10,SYNTH
2026-03-09 13:50:57.579Z,5.3567,12,SYNTH
2026-03-09 13:50:58.861Z,5.3567,14,SYNTH
2026-03-09 13:50:59.322Z,5.3602,9,SYNTH
2026-03-09 13:51:00.281Z,5.3638,60,SYNTH
2026-03-09 13:51:01.679Z,5.3568,43,SYNTH
2026-03-09 13:51:02.805Z,5.3573,49,SYNTH
2026-03-09 13:51:03.767Z,5.3623,49,SYNTH
2026-03-09 13:51:04.554Z,5.3569,44,SYNTH
2026-03-09 13:51:05.694Z,5.3540,53,SYNTH
2026-03-09 13:51:06.350Z,5.3520,45,SYNTH
2026-03-09 13:51:07.295Z,5.3527,37,SYNTH
2026-03-09 13:51:08.640Z,5.3511,46,SYNTH
2026-03-09 13:51:09.241Z,5.3501,46,SYNTH
2026-03-09 13:51:10.437Z,5.3536,21,SYNTH
2026-03-09 13:51:11.272Z,5.3472,97,SYNTH
2026-03-09 13:51:12.111Z,5.3489,114,SYNTH
2026-03-09 13:51:13.289Z,5.3525,94,SYNTH
2026-03-09 13:51:14.327Z,5.3510,21,SYNTH
2026-03-09 13:51:15.402Z,5.3536,40,SYNTH
2026-03-09 13:51:16.386Z,5.3561,75,SYNTH
2026-03-09 13:51:17.835Z,5.3481,77,SYNTH
2026-03-09 13:51:18.098Z,5.3565,52,SYNTH
2026-03-09 13:51:19.167Z,5.3498,35,SYNTH
2026-03-09 13:51:20.875Z,5.3553,19,SYNTH
2026-03-09 13:51:21.306Z,5.3567,38,SYNTH
2026-03-09 13:51:22.608Z,5.3604,17,SYNTH
2026-03-09 13:51:23.438Z,5.3639,26,SYNTH
2026-03-09 13:51:24.144Z,5.3640,18,SYNTH
2026-03-09 13:51:25.330Z,5.3674,22,SYNTH
2026-03-09 13:51:26.897Z,5.3694,30,SYNTH
2026-03-09 13:51:27.862Z,5.3720,36,SYNTH
2026-03-09 13:51:28.320Z,5.3743,34,SYNTH
2026-03-09 13:51:29.592Z,5.3760,40,SYNTH
2026-03-09 13:51:30.665Z,5.3776,37,SYNTH
2026-03-09 13:51:31.225Z,5.3801,23,SYNTH
2026-03-09 13:51:32.672Z,5.3839,41,SYNTH
2026-03-09 13:51:33.640Z,5.3882,27,SYNTH
2026-03-09 13:51:34.599Z,5.3888,29,SYNTH
2026-03-09 13:51:35.274Z,5.3911,38,SYNTH
2026-03-09 13:51:36.192Z,5.3843,39,SYNTH
2026-03-09 13:51:37.352Z,5.3924,47,SYNTH
2026-03-09 13:51:38.213Z,5.3885,55,SYNTH
2026-03-09 13:51:39.705Z,5.3924,94,SYNTH
2026-03-09 13:51:40.828Z,5.3868,58,SYNTH
2026-03-09 13:51:41.788Z,5.3923,24,SYNTH
2026-03-09 13:51:42.196Z,5.3927,24,SYNTH
2026-03-09 13:51:43.441Z,5.3880,20,SYNTH
2026-03-09 13:51:44.553Z,5.3859,33,SYNTH
2026-03-09 13:51:45.564Z,5.3910,44,SYNTH
2026-03-09 13:51:46.246Z,5.3866,56,SYNTH
2026-03-09 13:51:47.459Z,5.3889,54,SYNTH
2026-03-09 13:51:48.211Z,5.3846,24,SYNTH
2026-03-09 13:51:49.369Z,5.3846,36,SYNTH
2026-03-09 13:51:50.072Z,5.3893,22,SYNTH
2026-03-09 13:51:51.671Z,5.3871,24,SYNTH
2026-03-09 13:51:52.466Z,5.3853,43,SYNTH
2026-03-09 13:51:53.731Z,5.3891,53,SYNTH
2026-03-09 13:51:54.031Z,5.3908,48,SYNTH
2026-03-09 13:51:55.165Z,5.3908,26,SYNTH
2026-03-09 13:51:56.727Z,5.3934,40,SYNTH
2026-03-09 13:51:57.660Z,5.3849,35,SYNTH
2026-03-09 13:51:58.870Z,5.3938,49,SYNTH
2026-03-09 13:51:59.217Z,5.3876,40,SYNTH
2026-03-09 13:52:00.143Z,5.3910,24,SYNTH
2026-03-09 13:52:01.845Z,5.3864,22,SYNTH
2026-03-09 13:52:02.239Z,5.3914,25,SYNTH
2026-03-09 13:52:03.262Z,5.3930,18,SYNTH
2026-03-09 13:52:04.231Z,5.3937,13,SYNTH
2026-03-09 13:52:05.858Z,5.3874,14,SYNTH
2026-03-09 13:52:06.558Z,5.3868,15,SYNTH
2026-03-09 13:52:07.627Z,5.3924,18,SYNTH
2026-03-09 13:52:08.447Z,5.3874,22,SYNTH
2026-03-09 13:52:09.676Z,5.3925,15,SYNTH
2026-03-09 13:52:10.633Z,5.3887,17,SYNTH
2026-03-09 13:52:11.181Z,5.3874,34,SYNTH
2026-03-09 13:52:12.010Z,5.3881,52,SYNTH
2026-03-09 13:52:13.151Z,5.3927,26,SYNTH
2026-03-09 13:52:14.737Z,5.3892,12,SYNTH
2026-03-09 13:52:15.429Z,5.3930,9,SYNTH
2026-03-09 13:52:16.154Z,5.3866,32,SYNTH
2026-03-09 13:52:17.118Z,5.3920,21,SYNTH
2026-03-09 13:52:18.210Z,5.3860,20,SYNTH
2026-03-09 13:52:19.346Z,5.3920,19,SYNTH
2026-03-09 13:52:20.674Z,5.3939,15,SYNTH
2026-03-09 13:52:21.083Z,5.3957,16,SYNTH
2026-03-09 13:52:22.362Z,5.3936,11,SYNTH
2026-03-09 13:52:23.134Z,5.3971,10,SYNTH
2026-03-09 13:52:24.717Z,5.3985,8,SYNTH
2026-03-09 13:52:25.040Z,5.4013,12,SYNTH
2026-03-09 13:52:26.267Z,5.4001,9,SYNTH
2026-03-09 13:52:27.622Z,5.4038,10,SYNTH
2026-03-09 13:52:28.078Z,5.4073,15,SYNTH
2026-03-09 13:52:29.199Z,5.4066,8,SYNTH
2026-03-09 13:52:30.430Z,5.4111,9,SYNTH
2026-03-09 13:52:31.543Z,5.4133,14,SYNTH
2026-03-09 13:52:32.074Z,5.4154,10,SYNTH
2026-03-09 13:52:33.758Z,5.4164,13,SYNTH
2026-03-09 13:52:34.163Z,5.4190,8,SYNTH
2026-03-09 13:52:35.445Z,5.4198,17,SYNTH
2026-03-09 13:52:36.103Z,5.4200,16,SYNTH
2026-03-09 13:52:37.217Z,5.4226,21,SYNTH
2026-03-09 13:52:38.737Z,5.4217,43,SYNTH
2026-03-09 13:52:39.382Z,5.4212,37,SYNTH
2026-03-09 13:52:40.279Z,5.4194,41,SYNTH
2026-03-09 13:52:41.671Z,5.4183,12,SYNTH
2026-03-09 13:52:42.380Z,5.4151,13,SYNTH
2026-03-09 13:52:43.434Z,5.4129,15,SYNTH
2026-03-09 13:52:44.008Z,5.4189,11,SYNTH
2026-03-09 13:52:45.205Z,5.4103,23,SYNTH
2026-03-09 13:52:46.808Z,5.4195,17,SYNTH
2026-03-09 13:52:47.296Z,5.4110,16,SYNTH
2026-03-09 13:52:48.354Z,5.4082,17,SYNTH
2026-03-09 13:52:49.761Z,5.4156,17,SYNTH
2026-03-09 13:52:50.180Z,5.4073,16,SYNTH
2026-03-09 13:52:51.775Z,5.4060,13,SYNTH
2026-03-09 13:52:52.620Z,5.4052,20,SYNTH
2026-03-09 13:52:53.824Z,5.4011,13,SYNTH
2026-03-09 13:52:54.223Z,5.3979,20,SYNTH
2026-03-09 13:52:55.631Z,5.3979,10,SYNTH
2026-03-09 13:52:56.271Z,5.3978,15,SYNTH
2026-03-09 13:52:57.710Z,5.3916,22,SYNTH
2026-03-09 13:52:58.307Z,5.3981,17,SYNTH
2026-03-09 13:52:59.315Z,5.3918,23,SYNTH
2026-03-09 13:53:00.422Z,5.3930,4,SYNTH
2026-03-09 13:53:01.470Z,5.3914,5,SYNTH
2026-03-09 13:53:02.364Z,5.3891,3,SYNTH
2026-03-09 13:53:03.480Z,5.3937,3,SYNTH
2026-03-09 13:53:04.321Z,5.3892,5,SYNTH
2026-03-09 13:53:05.433Z,5.3889,3,SYNTH
2026-03-09 13:53:06.674Z,5.3863,2,SYNTH
2026-03-09 13:53:07.531Z,5.3866,5,SYNTH
2026-03-09 13:53:08.691Z,5.3936,4,SYNTH
2026-03-09 13:53:09.525Z,5.3904,3,SYNTH
2026-03-09 13:53:10.248Z,5.3863,3,SYNTH
2026-03-09 13:53:11.218Z,5.3862,9,SYNTH
2026-03-09 13:53:12.016Z,5.3910,6,SYNTH
2026-03-09 13:53:13.042Z,5.3858,8,SYNTH
2026-03-09 13:53:14.565Z,5.3928,2,SYNTH
2026-03-09 13:53:15.681Z,5.3934,3,SYNTH
2026-03-09 13:53:16.529Z,5.3921,6,SYNTH
2026-03-09 13:53:17.385Z,5.3883,3,SYNTH
2026-03-09 13:53:18.536Z,5.3921,3,SYNTH
2026-03-09 13:53:19.826Z,5.3893,5,SYNTH
2026-03-09 13:53:20.695Z,5.3865,3,SYNTH
2026-03-09 13:53:21.332Z,5.3861,3,SYNTH
2026-03-09 13:53:22.604Z,5.3933,3,SYNTH
2026-03-09 13:53:23.550Z,5.3945,3,SYNTH
2026-03-09 13:53:24.683Z,5.3879,3,SYNTH
2026-03-09 13:53:25.195Z,5.3945,2,SYNTH
2026-03-09 13:53:26.360Z,5.3856,3,SYNTH
2026-03-09 13:53:27.537Z,5.3942,2,SYNTH
2026-03-09 13:53:28.047Z,5.3918,3,SYNTH
2026-03-09 13:53:29.719Z,5.3883,1,SYNTH
2026-03-09 13:53:30.104Z,5.3943,3,SYNTH
2026-03-09 13:53:31.838Z,5.3856,2,SYNTH
2026-03-09 13:53:32.084Z,5.3884,3,SYNTH
2026-03-09 13:53:33.300Z,5.3902,3,SYNTH
2026-03-09 13:53:34.774Z,5.3887,3,SYNTH
2026-03-09 13:53:35.036Z,5.3942,4,SYNTH
2026-03-09 13:53:36.239Z,5.3900,2,SYNTH
2026-03-09 13:53:37.018Z,5.3859,8,SYNTH
2026-03-09 13:53:38.195Z,5.3944,8,SYNTH
2026-03-09 13:53:39.851Z,5.3886,7,SYNTH
2026-03-09 13:53:40.531Z,5.3939,8,SYNTH
2026-03-09 13:53:41.188Z,5.3895,2,SYNTH
2026-03-09 13:53:42.746Z,5.3889,3,SYNTH
2026-03-09 13:53:43.119Z,5.3941,3,SYNTH
2026-03-09 13:53:44.086Z,5.3945,4,SYNTH
2026-03-09 13:53:45.117Z,5.3904,2,SYNTH
2026-03-09 13:53:46.569Z,5.3857,3,SYNTH
2026-03-09 13:53:47.328Z,5.3928,5,SYNTH
2026-03-09 13:53:48.634Z,5.3866,4,SYNTH
2026-03-09 13:53:49.424Z,5.3925,2,SYNTH
2026-03-09 13:53:50.103Z,5.3935,3,SYNTH
2026-03-09 13:53:51.201Z,5.3882,2,SYNTH
2026-03-09 13:53:52.571Z,5.3862,4,SYNTH
2026-03-09 13:53:53.180Z,5.3932,2,SYNTH
2026-03-09 13:53:54.323Z,5.3873,4,SYNTH
2026-03-09 13:53:55.674Z,5.3869,2,SYNTH
2026-03-09 13:53:56.835Z,5.3882,3,SYNTH
2026-03-09 13:53:57.814Z,5.3942,5,SYNTH
2026-03-09 13:53:58.871Z,5.3862,5,SYNTH
2026-03-09 13:53:59.612Z,5.3869,4,SYNTH
2026-03-09 13:54:00.016Z,5.3971,63,SYNTH
2026-03-09 13:54:01.488Z,5.3921,59,SYNTH
2026-03-09 13:54:02.786Z,5.3912,36,SYNTH
2026-03-09 13:54:03.665Z,5.3977,40,SYNTH
2026-03-09 13:54:04.045Z,5.3971,49,SYNTH
2026-03-09 13:54:05.396Z,5.3910,62,SYNTH
2026-03-09 13:54:06.863Z,5.3974,55,SYNTH
2026-03-09 13:54:07.173Z,5.3892,36,SYNTH
2026-03-09 13:54:08.598Z,5.3910,56,SYNTH
2026-03-09 13:54:09.639Z,5.3888,57,SYNTH
2026-03-09 13:54:10.456Z,5.3925,47,SYNTH
2026-03-09 13:54:11.582Z,5.3868,91,SYNTH
2026-03-09 13:54:12.673Z,5.3923,96,SYNTH
2026-03-09 13:54:13.063Z,5.3868,99,SYNTH
2026-03-09 13:54:14.416Z,5.3912,39,SYNTH
2026-03-09 13:54:15.605Z,5.3950,57,SYNTH
2026-03-09 13:54:16.855Z,5.3870,70,SYNTH
2026-03-09 13:54:17.037Z,5.3918,56,SYNTH
2026-03-09 13:54:18.523Z,5.3928,64,SYNTH
2026-03-09 13:54:19.428Z,5.3952,70,SYNTH
2026-03-09 13:54:20.338Z,5.3973,27,SYNTH
2026-03-09 13:54:21.563Z,5.3960,37,SYNTH
2026-03-09 13:54:22.862Z,5.3952,39,SYNTH
2026-03-09 13:54:23.649Z,5.3986,53,SYNTH
2026-03-09 13:54:24.092Z,5.3945,25,SYNTH
2026-03-09 13:54:25.781Z,5.4023,23,SYNTH
2026-03-09 13:54:26.335Z,5.4041,43,SYNTH
2026-03-09 13:54:27.006Z,5.4055,41,SYNTH
2026-03-09 13:54:28.320Z,5.4080,24,SYNTH
2026-03-09 13:54:29.454Z,5.4101,42,SYNTH
2026-03-09 13:54:30.804Z,5.4115,26,SYNTH
2026-03-09 13:54:31.654Z,5.4114,53,SYNTH
2026-03-09 13:54:32.033Z,5.4134,41,SYNTH
2026-03-09 13:54:33.014Z,5.4158,46,SYNTH
2026-03-09 13:54:34.028Z,5.4154,48,SYNTH
2026-03-09 13:54:35.593Z,5.4231,55,SYNTH
2026-03-09 13:54:36.304Z,5.4174,56,SYNTH
2026-03-09 13:54:37.094Z,5.4215,62,SYNTH
2026-03-09 13:54:38.245Z,5.4204,145,SYNTH
2026-03-09 13:54:39.127Z,5.4204,143,SYNTH
2026-03-09 13:54:40.494Z,5.4214,74,SYNTH
2026-03-09 13:54:41.119Z,5.4174,37,SYNTH
2026-03-09 13:54:42.511Z,5.4167,53,SYNTH
2026-03-09 13:54:43.128Z,5.4138,39,SYNTH
2026-03-09 13:54:44.015Z,5.4206,47,SYNTH
2026-03-09 13:54:45.480Z,5.4166,57,SYNTH
2026-03-09 13:54:46.625Z,5.4141,96,SYNTH
2026-03-09 13:54:47.879Z,5.4143,56,SYNTH
2026-03-09 13:54:48.737Z,5.4114,36,SYNTH
2026-03-09 13:54:49.030Z,5.4115,56,SYNTH
2026-03-09 13:54:50.705Z,5.4162,30,SYNTH
2026-03-09 13:54:51.605Z,5.4135,59,SYNTH
2026-03-09 13:54:52.799Z,5.4148,36,SYNTH
2026-03-09 13:54:53.301Z,5.4122,36,SYNTH
2026-03-09 13:54:54.743Z,5.4094,41,SYNTH
2026-03-09 13:54:55.593Z,5.4105,38,SYNTH
2026-03-09 13:54:56.368Z,5.4122,33,SYNTH
2026-03-09 13:54:57.638Z,5.4092,42,SYNTH
2026-03-09 13:54:58.448Z,5.4131,38,SYNTH
2026-03-09 13:54:59.536Z,5.4094,54,SYNTH
2026-03-09 13:55:00.020Z,5.3903,63,SYNTH
2026-03-09 13:55:01.058Z,5.3863,55,SYNTH
2026-03-09 13:55:02.897Z,5.3904,70,SYNTH
2026-03-09 13:55:03.495Z,5.3909,92,SYNTH
2026-03-09 13:55:04.239Z,5.3941,63,SYNTH
2026-03-09 13:55:05.313Z,5.3878,75,SYNTH
2026-03-09 13:55:06.629Z,5.3927,79,SYNTH
2026-03-09 13:55:07.001Z,5.3899,57,SYNTH
2026-03-09 13:55:08.002Z,5.3931,38,SYNTH
2026-03-09 13:55:09.589Z,5.3948,68,SYNTH
2026-03-09 13:55:10.798Z,5.3856,47,SYNTH
2026-03-09 13:55:11.073Z,5.3937,173,SYNTH
2026-03-09 13:55:12.864Z,5.3882,176,SYNTH
2026-03-09 13:55:13.526Z,5.3913,183,SYNTH
2026-03-09 13:55:14.388Z,5.3855,63,SYNTH
2026-03-09 13:55:15.618Z,5.3897,32,SYNTH
2026-03-09 13:55:16.637Z,5.3861,71,SYNTH
2026-03-09 13:55:17.626Z,5.3912,109,SYNTH
2026-03-09 13:55:18.728Z,5.3889,101,SYNTH
2026-03-09 13:55:19.313Z,5.3942,70,SYNTH
2026-03-09 13:55:20.492Z,5.3932,51,SYNTH
2026-03-09 13:55:21.367Z,5.3892,53,SYNTH
2026-03-09 13:55:22.795Z,5.3930,44,SYNTH
2026-03-09 13:55:23.633Z,5.3987,61,SYNTH
2026-03-09 13:55:24.812Z,5.3970,30,SYNTH
2026-03-09 13:55:25.199Z,5.4026,64,SYNTH
2026-03-09 13:55:26.848Z,5.4027,53,SYNTH
2026-03-09 13:55:27.049Z,5.4071,51,SYNTH
2026-03-09 13:55:28.855Z,5.4054,47,SYNTH
2026-03-09 13:55:29.123Z,5.4092,50,SYNTH
2026-03-09 13:55:30.794Z,5.4095,50,SYNTH
2026-03-09 13:55:31.700Z,5.4117,35,SYNTH
2026-03-09 13:55:32.474Z,5.4170,54,SYNTH
2026-03-09 13:55:33.581Z,5.4138,54,SYNTH
2026-03-09 13:55:34.325Z,5.4207,63,SYNTH
2026-03-09 13:55:35.821Z,5.4188,47,SYNTH
2026-03-09 13:55:36.445Z,5.4168,29,SYNTH
2026-03-09 13:55:37.576Z,5.4220,167,SYNTH
2026-03-09 13:55:38.879Z,5.4222,81,SYNTH
2026-03-09 13:55:39.575Z,5.4182,107,SYNTH
2026-03-09 13:55:40.029Z,5.4238,87,SYNTH
2026-03-09 13:55:41.432Z,5.4160,29,SYNTH
2026-03-09 13:55:42.506Z,5.4228,63,SYNTH
2026-03-09 13:55:43.490Z,5.4181,56,SYNTH
2026-03-09 13:55:44.821Z,5.4164,72,SYNTH
2026-03-09 13:55:45.243Z,5.4195,50,SYNTH
2026-03-09 13:55:46.448Z,5.4135,94,SYNTH
2026-03-09 13:55:47.718Z,5.4194,99,SYNTH
2026-03-09 13:55:48.764Z,5.4134,63,SYNTH
2026-03-09 13:55:49.539Z,5.4202,60,SYNTH
2026-03-09 13:55:50.857Z,5.4220,79,SYNTH
2026-03-09 13:55:51.312Z,5.4165,48,SYNTH
2026-03-09 13:55:52.268Z,5.4214,42,SYNTH
2026-03-09 13:55:53.711Z,5.4182,52,SYNTH
2026-03-09 13:55:54.238Z,5.4198,61,SYNTH
2026-03-09 13:55:55.124Z,5.4159,78,SYNTH
2026-03-09 13:55:56.135Z,5.4153,85,SYNTH
2026-03-09 13:55:57.682Z,5.4237,78,SYNTH
2026-03-09 13:55:58.672Z,5.4163,91,SYNTH
2026-03-09 13:55:59.784Z,5.4175,72,SYNTH
2026-03-09 13:56:00.251Z,5.4160,2,SYNTH
2026-03-09 13:56:01.349Z,5.4103,4,SYNTH
2026-03-09 13:56:02.137Z,5.4186,3,SYNTH
2026-03-09 13:56:03.104Z,5.4124,2,SYNTH
2026-03-09 13:56:04.663Z,5.4152,3,SYNTH
2026-03-09 13:56:05.266Z,5.4176,4,SYNTH
2026-03-09 13:56:06.311Z,5.4177,3,SYNTH
2026-03-09 13:56:07.857Z,5.4168,3,SYNTH
2026-03-09 13:56:08.170Z,5.4165,3,SYNTH
2026-03-09 13:56:09.130Z,5.4140,2,SYNTH
2026-03-09 13:56:10.322Z,5.4197,3,SYNTH
2026-03-09 13:56:11.164Z,5.4147,6,SYNTH
2026-03-09 13:56:12.256Z,5.4140,4,SYNTH
2026-03-09 13:56:13.410Z,5.4190,6,SYNTH
2026-03-09 13:56:14.532Z,5.4119,1,SYNTH
2026-03-09 13:56:15.748Z,5.4157,2,SYNTH
2026-03-09 13:56:16.304Z,5.4180,5,SYNTH
2026-03-09 13:56:17.745Z,5.4188,2,SYNTH
2026-03-09 13:56:18.385Z,5.4102,2,SYNTH
2026-03-09 13:56:19.373Z,5.4188,4,SYNTH
2026-03-09 13:56:20.667Z,5.4119,1,SYNTH
2026-03-09 13:56:21.327Z,5.4162,2,SYNTH
2026-03-09 13:56:22.430Z,5.4127,2,SYNTH
2026-03-09 13:56:23.447Z,5.4181,2,SYNTH
2026-03-09 13:56:24.537Z,5.4182,2,SYNTH
2026-03-09 13:56:25.392Z,5.4103,1,SYNTH
2026-03-09 13:56:26.450Z,5.4181,2,SYNTH
2026-03-09 13:56:27.426Z,5.4110,3,SYNTH
2026-03-09 13:56:28.072Z,5.4109,2,SYNTH
2026-03-09 13:56:29.472Z,5.4172,2,SYNTH
2026-03-09 13:56:30.589Z,5.4163,1,SYNTH
2026-03-09 13:56:31.668Z,5.4187,2,SYNTH
2026-03-09 13:56:32.499Z,5.4139,1,SYNTH
2026-03-09 13:56:33.753Z,5.4115,2,SYNTH
2026-03-09 13:56:34.836Z,5.4192,2,SYNTH
2026-03-09 13:56:35.825Z,5.4197,2,SYNTH
2026-03-09 13:56:36.600Z,5.4132,2,SYNTH
2026-03-09 13:56:37.406Z,5.4130,6,SYNTH
2026-03-09 13:56:38.824Z,5.4178,4,SYNTH
2026-03-09 13:56:39.741Z,5.4125,3,SYNTH
2026-03-09 13:56:40.398Z,5.4184,6,SYNTH
2026-03-09 13:56:41.140Z,5.4105,1,SYNTH
2026-03-09 13:56:42.267Z,5.4202,2,SYNTH
2026-03-09 13:56:43.132Z,5.4103,2,SYNTH
2026-03-09 13:56:44.412Z,5.4149,2,SYNTH
2026-03-09 13:56:45.146Z,5.4151,4,SYNTH
2026-03-09 13:56:46.718Z,5.4117,3,SYNTH
2026-03-09 13:56:47.010Z,5.4157,4,SYNTH
2026-03-09 13:56:48.413Z,5.4173,3,SYNTH
2026-03-09 13:56:49.848Z,5.4128,2,SYNTH
2026-03-09 13:56:50.355Z,5.4139,2,SYNTH
2026-03-09 13:56:51.317Z,5.4173,3,SYNTH
2026-03-09 13:56:52.569Z,5.4119,2,SYNTH
2026-03-09 13:56:53.549Z,5.4195,2,SYNTH
2026-03-09 13:56:54.720Z,5.4189,3,SYNTH
2026-03-09 13:56:55.637Z,5.4111,3,SYNTH
2026-03-09 13:56:56.876Z,5.4186,3,SYNTH
2026-03-09 13:56:57.146Z,5.4112,4,SYNTH
2026-03-09 13:56:58.280Z,5.4122,4,SYNTH
2026-03-09 13:56:59.833Z,5.4182,3,SYNTH
2026-03-09 13:57:00.745Z,5.4169,69,SYNTH
2026-03-09 13:57:01.033Z,5.4191,67,SYNTH
2026-03-09 13:57:02.763Z,5.4126,63,SYNTH
2026-03-09 13:57:03.810Z,5.4128,55,SYNTH
2026-03-09 13:57:04.391Z,5.4184,45,SYNTH
2026-03-09 13:57:05.084Z,5.4120,64,SYNTH
2026-03-09 13:57:06.116Z,5.4153,35,SYNTH
2026-03-09 13:57:07.357Z,5.4138,71,SYNTH
2026-03-09 13:57:08.633Z,5.4180,56,SYNTH
2026-03-09 13:57:09.626Z,5.4166,51,SYNTH
2026-03-09 13:57:10.487Z,5.4133,33,SYNTH
2026-03-09 13:57:11.216Z,5.4112,144,SYNTH
2026-03-09 13:57:12.506Z,5.4180,132,SYNTH
2026-03-09 13:57:13.790Z,5.4193,80,SYNTH
2026-03-09 13:57:14.479Z,5.4152,33,SYNTH
2026-03-09 13:57:15.492Z,5.4101,61,SYNTH
2026-03-09 13:57:16.743Z,5.4178,100,SYNTH
2026-03-09 13:57:17.736Z,5.4179,45,SYNTH
2026-03-09 13:57:18.552Z,5.4158,51,SYNTH
2026-03-09 13:57:19.401Z,5.4103,50,SYNTH
2026-03-09 13:57:20.755Z,5.4191,38,SYNTH
2026-03-09 13:57:21.586Z,5.4175,45,SYNTH
2026-03-09 13:57:22.238Z,5.4193,39,SYNTH
2026-03-09 13:57:23.499Z,5.4223,37,SYNTH
2026-03-09 13:57:24.507Z,5.4144,49,SYNTH
2026-03-09 13:57:25.282Z,5.4197,24,SYNTH
2026-03-09 13:57:26.578Z,5.4213,52,SYNTH
2026-03-09 13:57:27.181Z,5.4230,43,SYNTH
2026-03-09 13:57:28.165Z,5.4252,47,SYNTH
2026-03-09 13:57:29.364Z,5.4277,53,SYNTH
2026-03-09 13:57:30.671Z,5.4222,25,SYNTH
2026-03-09 13:57:31.542Z,5.4271,25,SYNTH
2026-03-09 13:57:32.399Z,5.4301,30,SYNTH
2026-03-09 13:57:33.554Z,5.4249,52,SYNTH
2026-03-09 13:57:34.891Z,5.4263,36,SYNTH
2026-03-09 13:57:35.274Z,5.4315,32,SYNTH
2026-03-09 13:57:36.073Z,5.4333,27,SYNTH
2026-03-09 13:57:37.178Z,5.4281,84,SYNTH
2026-03-09 13:57:38.815Z,5.4333,82,SYNTH
2026-03-09 13:57:39.379Z,5.4250,140,SYNTH
2026-03-09 13:57:40.404Z,5.4341,131,SYNTH
2026-03-09 13:57:41.710Z,5.4264,43,SYNTH
2026-03-09 13:57:42.746Z,5.4266,31,SYNTH
2026-03-09 13:57:43.098Z,5.4257,48,SYNTH
2026-03-09 13:57:44.822Z,5.4257,59,SYNTH
2026-03-09 13:57:45.678Z,5.4296,50,SYNTH
2026-03-09 13:57:46.763Z,5.4245,75,SYNTH
2026-03-09 13:57:47.614Z,5.4312,59,SYNTH
2026-03-09 13:57:48.369Z,5.4244,27,SYNTH
2026-03-09 13:57:49.767Z,5.4228,57,SYNTH
2026-03-09 13:57:50.251Z,5.4191,37,SYNTH
2026-03-09 13:57:51.354Z,5.4186,28,SYNTH
2026-03-09 13:57:52.042Z,5.4188,56,SYNTH
2026-03-09 13:57:53.734Z,5.4180,74,SYNTH
2026-03-09 13:57:54.063Z,5.4234,37,SYNTH
2026-03-09 13:57:55.025Z,5.4150,77,SYNTH
2026-03-09 13:57:56.332Z,5.4116,40,SYNTH
2026-03-09 13:57:57.662Z,5.4166,41,SYNTH
2026-03-09 13:57:58.366Z,5.4137,66,SYNTH
2026-03-09 13:57:59.794Z,5.4189,45,SYNTH
2026-03-09 13:59:00.267Z,5.4151,20,SYNTH
2026-03-09 13:59:01.116Z,5.4178,12,SYNTH
2026-03-09 13:59:02.898Z,5.4174,18,SYNTH
2026-03-09 13:59:03.470Z,5.4210,11,SYNTH
2026-03-09 13:59:04.041Z,5.4204,18,SYNTH
2026-03-09 13:59:05.824Z,5.4245,11,SYNTH
2026-03-09 13:59:06.896Z,5.4222,22,SYNTH
2026-03-09 13:59:07.823Z,5.4254,14,SYNTH
2026-03-09 13:59:08.586Z,5.4271,10,SYNTH
2026-03-09 13:59:09.763Z,5.4310,17,SYNTH
2026-03-09 13:59:10.059Z,5.4277,21,SYNTH
2026-03-09 13:59:11.871Z,5.4311,53,SYNTH
2026-03-09 13:59:12.659Z,5.4291,30,SYNTH
2026-03-09 13:59:13.460Z,5.4316,22,SYNTH
2026-03-09 13:59:14.632Z,5.4280,10,SYNTH
2026-03-09 13:59:15.736Z,5.4305,18,SYNTH
2026-03-09 13:59:16.545Z,5.4243,33,SYNTH
2026-03-09 13:59:17.101Z,5.4263,26,SYNTH
2026-03-09 13:59:18.645Z,5.4246,33,SYNTH
2026-03-09 13:59:19.815Z,5.4279,30,SYNTH
2026-03-09 13:59:20.359Z,5.4230,9,SYNTH
2026-03-09 13:59:21.490Z,5.4189,10,SYNTH
2026-03-09 13:59:22.118Z,5.4197,14,SYNTH
2026-03-09 13:59:23.215Z,5.4191,9,SYNTH
2026-03-09 13:59:24.781Z,5.4171,15,SYNTH
2026-03-09 13:59:25.297Z,5.4133,13,SYNTH
2026-03-09 13:59:26.052Z,5.4121,15,SYNTH
2026-03-09 13:59:27.296Z,5.4102,9,SYNTH
2026-03-09 13:59:28.802Z,5.4093,12,SYNTH
2026-03-09 13:59:29.847Z,5.4094,15,SYNTH
2026-03-09 13:59:30.096Z,5.4073,13,SYNTH
2026-03-09 13:59:31.253Z,5.4049,15,SYNTH
2026-03-09 13:59:32.729Z,5.4005,13,SYNTH
2026-03-09 13:59:33.605Z,5.4006,18,SYNTH
2026-03-09 13:59:34.314Z,5.4025,8,SYNTH
2026-03-09 13:59:35.090Z,5.4011,13,SYNTH
2026-03-09 13:59:36.128Z,5.4021,16,SYNTH
2026-03-09 13:59:37.567Z,5.3991,29,SYNTH
2026-03-09 13:59:38.596Z,5.3970,25,SYNTH
2026-03-09 13:59:39.460Z,5.4017,32,SYNTH
2026-03-09 13:59:40.217Z,5.4011,36,SYNTH
2026-03-09 13:59:41.779Z,5.3985,15,SYNTH
2026-03-09 13:59:42.729Z,5.4026,20,SYNTH
2026-03-09 13:59:43.458Z,5.4035,20,SYNTH
2026-03-09 13:59:44.194Z,5.3998,16,SYNTH
2026-03-09 13:59:45.851Z,5.4025,13,SYNTH
2026-03-09 13:59:46.016Z,5.4050,22,SYNTH
2026-03-09 13:59:47.424Z,5.3974,21,SYNTH
2026-03-09 13:59:48.319Z,5.4024,19,SYNTH
2026-03-09 13:59:49.216Z,5.4015,11,SYNTH
2026-03-09 13:59:50.585Z,5.4036,14,SYNTH
2026-03-09 13:59:51.758Z,5.3991,19,SYNTH
2026-03-09 13:59:52.336Z,5.3994,15,SYNTH
2026-03-09 13:59:53.354Z,5.4020,23,SYNTH
2026-03-09 13:59:54.393Z,5.3980,13,SYNTH
2026-03-09 13:59:55.521Z,5.3966,15,SYNTH
2026-03-09 13:59:56.862Z,5.4016,18,SYNTH
2026-03-09 13:59:57.873Z,5.4017,16,SYNTH
2026-03-09 13:59:58.340Z,5.4035,17,SYNTH
2026-03-09 13:59:59.607Z,5.3987,28,SYNTH
2026-03-09 14:00:00.571Z,5.4027,21,SYNTH
2026-03-09 14:00:01.288Z,5.3967,31,SYNTH
2026-03-09 14:00:02.805Z,5.4030,29,SYNTH
2026-03-09 14:00:03.076Z,5.3957,32,SYNTH
2026-03-09 14:00:04.512Z,5.4007,20,SYNTH
2026-03-09 14:00:05.610Z,5.4014,14,SYNTH
2026-03-09 14:00:06.406Z,5.4050,31,SYNTH
2026-03-09 14:00:07.265Z,5.3984,26,SYNTH
2026-03-09 14:00:08.682Z,5.4042,21,SYNTH
2026-03-09 14:00:09.105Z,5.4033,27,SYNTH
2026-03-09 14:00:10.194Z,5.3971,25,SYNTH
2026-03-09 14:00:11.086Z,5.3996,33,SYNTH
2026-03-09 14:00:12.443Z,5.3955,37,SYNTH
2026-03-09 14:00:13.631Z,5.4020,48,SYNTH
2026-03-09 14:00:14.647Z,5.3967,25,SYNTH
2026-03-09 14:00:15.368Z,5.3953,16,SYNTH
2026-03-09 14:00:16.115Z,5.4030,30,SYNTH
2026-03-09 14:00:17.573Z,5.4037,23,SYNTH
2026-03-09 14:00:18.217Z,5.3961,41,SYNTH
2026-03-09 14:00:19.525Z,5.4019,31,SYNTH
2026-03-09 14:00:20.291Z,5.4001,18,SYNTH
2026-03-09 14:00:21.653Z,5.4052,18,SYNTH
2026-03-09 14:00:22.697Z,5.4083,23,SYNTH
2026-03-09 14:00:23.894Z,5.4075,18,SYNTH
2026-03-09 14:00:24.067Z,5.4107,26,SYNTH
2026-03-09 14:00:25.495Z,5.4143,18,SYNTH
2026-03-09 14:00:26.298Z,5.4179,16,SYNTH
2026-03-09 14:00:27.782Z,5.4170,18,SYNTH
2026-03-09 14:00:28.606Z,5.4214,19,SYNTH
2026-03-09 14:00:29.528Z,5.4242,18,SYNTH
2026-03-09 14:00:30.102Z,5.4265,11,SYNTH
2026-03-09 14:00:31.263Z,5.4301,15,SYNTH
2026-03-09 14:00:32.562Z,5.4331,24,SYNTH
2026-03-09 14:00:33.086Z,5.4379,16,SYNTH
2026-03-09 14:00:34.536Z,5.4372,22,SYNTH
2026-03-09 14:00:35.894Z,5.4399,14,SYNTH
2026-03-09 14:00:36.668Z,5.4413,16,SYNTH
2026-03-09 14:00:37.232Z,5.4410,32,SYNTH
2026-03-09 14:00:38.540Z,5.4419,38,SYNTH
2026-03-09 14:00:39.362Z,5.4384,49,SYNTH
2026-03-09 14:00:40.485Z,5.4426,50,SYNTH
2026-03-09 14:00:41.585Z,5.4369,17,SYNTH
2026-03-09 14:00:42.718Z,5.4377,27,SYNTH
2026-03-09 14:00:43.307Z,5.4344,25,SYNTH
2026-03-09 14:00:44.276Z,5.4346,27,SYNTH
2026-03-09 14:00:45.806Z,5.4333,40,SYNTH
2026-03-09 14:00:46.451Z,5.4380,43,SYNTH
2026-03-09 14:00:47.636Z,5.4319,41,SYNTH
2026-03-09 14:00:48.004Z,5.4392,18,SYNTH
2026-03-09 14:00:49.731Z,5.4372,29,SYNTH
2026-03-09 14:00:50.473Z,5.4407,19,SYNTH
2026-03-09 14:00:51.624Z,5.4346,20,SYNTH
2026-03-09 14:00:52.693Z,5.4399,23,SYNTH
2026-03-09 14:00:53.378Z,5.4367,14,SYNTH
2026-03-09 14:00:54.065Z,5.4384,29,SYNTH
2026-03-09 14:00:55.676Z,5.4417,31,SYNTH
2026-03-09 14:00:56.483Z,5.4384,33,SYNTH
2026-03-09 14:00:57.646Z,5.4367,19,SYNTH
2026-03-09 14:00:58.015Z,5.4408,34,SYNTH
2026-03-09 14:00:59.650Z,5.4410,35,SYNTH
2026-03-09 14:01:00.041Z,5.4514,10,SYNTH
2026-03-09 14:01:01.518Z,5.4495,9,SYNTH
2026-03-09 14:01:02.082Z,5.4453,14,SYNTH
2026-03-09 14:01:03.762Z,5.4532,9,SYNTH
2026-03-09 14:01:04.884Z,5.4480,7,SYNTH
2026-03-09 14:01:05.737Z,5.4529,12,SYNTH
2026-03-09 14:01:06.861Z,5.4500,8,SYNTH
2026-03-09 14:01:07.737Z,5.4548,15,SYNTH
2026-03-09 14:01:08.352Z,5.4490,15,SYNTH
2026-03-09 14:01:09.886Z,5.4521,8,SYNTH
2026-03-09 14:01:10.067Z,5.4455,14,SYNTH
2026-03-09 14:01:11.131Z,5.4516,25,SYNTH
2026-03-09 14:01:12.717Z,5.4449,29,SYNTH
2026-03-09 14:01:13.706Z,5.4519,16,SYNTH
2026-03-09 14:01:14.044Z,5.4471,12,SYNTH
2026-03-09 14:01:15.485Z,5.4535,8,SYNTH
2026-03-09 14:01:16.782Z,5.4483,10,SYNTH
2026-03-09 14:01:17.430Z,5.4542,15,SYNTH
2026-03-09 14:01:18.432Z,5.4464,21,SYNTH
2026-03-09 14:01:19.288Z,5.4509,19,SYNTH
2026-03-09 14:01:20.228Z,5.4467,10,SYNTH
2026-03-09 14:01:21.866Z,5.4476,11,SYNTH
2026-03-09 14:01:22.707Z,5.4536,7,SYNTH
2026-03-09 14:01:23.605Z,5.4482,10,SYNTH
2026-03-09 14:01:24.152Z,5.4536,9,SYNTH
2026-03-09 14:01:25.327Z,5.4496,11,SYNTH
2026-03-09 14:01:26.556Z,5.4470,9,SYNTH
2026-03-09 14:01:27.760Z,5.4522,7,SYNTH
2026-03-09 14:01:28.676Z,5.4491,11,SYNTH
2026-03-09 14:01:29.607Z,5.4471,9,SYNTH
2026-03-09 14:01:30.503Z,5.4536,10,SYNTH
2026-03-09 14:01:31.898Z,5.4458,7,SYNTH
2026-03-09 14:01:32.227Z,5.4452,11,SYNTH
2026-03-09 14:01:33.387Z,5.4522,6,SYNTH
2026-03-09 14:01:34.088Z,5.4539,5,SYNTH
2026-03-09 14:01:35.859Z,5.4462,10,SYNTH
2026-03-09 14:01:36.621Z,5.4528,6,SYNTH
2026-03-09 14:01:37.644Z,5.4460,28,SYNTH
2026-03-09 14:01:38.693Z,5.4506,18,SYNTH
2026-03-09 14:01:39.618Z,5.4515,29,SYNTH
2026-03-09 14:01:40.443Z,5.4528,24,SYNTH
2026-03-09 14:01:41.159Z,5.4507,11,SYNTH
2026-03-09 14:01:42.486Z,5.4463,9,SYNTH
2026-03-09 14:01:43.606Z,5.4511,12,SYNTH
2026-03-09 14:01:44.063Z,5.4503,9,SYNTH
2026-03-09 14:01:45.643Z,5.4513,8,SYNTH
2026-03-09 14:01:46.895Z,5.4494,19,SYNTH
2026-03-09 14:01:47.884Z,5.4468,17,SYNTH
2026-03-09 14:01:48.661Z,5.4481,13,SYNTH
2026-03-09 14:01:49.297Z,5.4526,14,SYNTH
2026-03-09 14:01:50.762Z,5.4519,7,SYNTH
2026-03-09 14:01:51.515Z,5.4529,6,SYNTH
2026-03-09 14:01:52.065Z,5.4546,12,SYNTH
2026-03-09 14:01:53.103Z,5.4481,10,SYNTH
2026-03-09 14:01:54.226Z,5.4477,9,SYNTH
2026-03-09 14:01:55.239Z,5.4478,11,SYNTH
2026-03-09 14:01:56.107Z,5.4511,15,SYNTH
2026-03-09 14:01:57.542Z,5.4506,16,SYNTH
2026-03-09 14:01:58.070Z,5.4454,13,SYNTH
2026-03-09 14:01:59.546Z,5.4526,9,SYNTH
2026-03-09 14:02:00.254Z,5.4520,13,SYNTH
2026-03-09 14:02:01.736Z,5.4495,14,SYNTH
2026-03-09 14:02:02.299Z,5.4516,13,SYNTH
2026-03-09 14:02:03.370Z,5.4517,13,SYNTH
2026-03-09 14:02:04.195Z,5.4471,9,SYNTH
2026-03-09 14:02:05.151Z,5.4506,11,SYNTH
2026-03-09 14:02:06.573Z,5.4491,13,SYNTH
2026-03-09 14:02:07.115Z,5.4484,9,SYNTH
2026-03-09 14:02:08.305Z,5.4520,14,SYNTH
2026-03-09 14:02:09.223Z,5.4483,10,SYNTH
2026-03-09 14:02:10.781Z,5.4522,16,SYNTH
2026-03-09 14:02:11.664Z,5.4525,32,SYNTH
2026-03-09 14:02:12.894Z,5.4475,40,SYNTH
2026-03-09 14:02:13.241Z,5.4467,40,SYNTH
2026-03-09 14:02:14.209Z,5.4513,13,SYNTH
2026-03-09 14:02:15.082Z,5.4483,9,SYNTH
2026-03-09 14:02:16.431Z,5.4465,20,SYNTH
2026-03-09 14:02:17.529Z,5.4500,21,SYNTH
2026-03-09 14:02:18.480Z,5.4527,26,SYNTH
2026-03-09 14:02:19.209Z,5.4516,13,SYNTH
2026-03-09 14:02:20.883Z,5.4474,10,SYNTH
2026-03-09 14:02:21.360Z,5.4460,9,SYNTH
2026-03-09 14:02:22.783Z,5.4472,9,SYNTH
2026-03-09 14:02:23.561Z,5.4460,10,SYNTH
2026-03-09 14:02:24.207Z,5.4452,14,SYNTH
2026-03-09 14:02:25.547Z,5.4450,9,SYNTH
2026-03-09 14:02:26.126Z,5.4409,14,SYNTH
2026-03-09 14:02:27.625Z,5.4487,13,SYNTH
2026-03-09 14:02:28.559Z,5.4407,8,SYNTH
2026-03-09 14:02:29.852Z,5.4394,13,SYNTH
2026-03-09 14:02:30.430Z,5.4362,12,SYNTH
2026-03-09 14:02:31.388Z,5.4382,6,SYNTH
2026-03-09 14:02:32.373Z,5.4355,8,SYNTH
2026-03-09 14:02:33.134Z,5.4340,14,SYNTH
2026-03-09 14:02:34.759Z,5.4380,7,SYNTH
2026-03-09 14:02:35.159Z,5.4362,12,SYNTH
2026-03-09 14:02:36.754Z,5.4317,14,SYNTH
2026-03-09 14:02:37.238Z,5.4391,23,SYNTH
2026-03-09 14:02:38.360Z,5.4330,31,SYNTH
2026-03-09 14:02:39.171Z,5.4313,19,SYNTH
2026-03-09 14:02:40.694Z,5.4313,31,SYNTH
2026-03-09 14:02:41.597Z,5.4385,7,SYNTH
2026-03-09 14:02:42.422Z,5.4366,9,SYNTH
2026-03-09 14:02:43.069Z,5.4370,10,SYNTH
2026-03-09 14:02:44.356Z,5.4354,13,SYNTH
2026-03-09 14:02:45.836Z,5.4355,18,SYNTH
2026-03-09 14:02:46.775Z,5.4362,12,SYNTH
2026-03-09 14:02:47.500Z,5.4402,17,SYNTH
2026-03-09 14:02:48.745Z,5.4347,17,SYNTH
2026-03-09 14:02:49.560Z,5.4343,17,SYNTH
2026-03-09 14:02:50.552Z,5.4342,11,SYNTH
2026-03-09 14:02:51.152Z,5.4391,14,SYNTH
2026-03-09 14:02:52.158Z,5.4319,10,SYNTH
2026-03-09 14:02:53.674Z,5.4378,10,SYNTH
2026-03-09 14:02:54.770Z,5.4316,9,SYNTH
2026-03-09 14:02:55.338Z,5.4369,20,SYNTH
2026-03-09 14:02:56.376Z,5.4314,9,SYNTH
2026-03-09 14:02:57.188Z,5.4337,20,SYNTH
2026-03-09 14:02:58.451Z,5.4364,16,SYNTH
2026-03-09 14:02:59.044Z,5.4376,19,SYNTH
2026-03-09 14:03:00.390Z,5.4502,22,SYNTH
2026-03-09 14:03:01.004Z,5.4477,13,SYNTH
2026-03-09 14:03:02.739Z,5.4534,22,SYNTH
2026-03-09 14:03:03.770Z,5.4482,20,SYNTH
2026-03-09 14:03:04.161Z,5.4508,16,SYNTH
2026-03-09 14:03:05.459Z,5.4540,16,SYNTH
2026-03-09 14:03:06.140Z,5.4479,10,SYNTH
2026-03-09 14:03:07.239Z,5.4458,8,SYNTH
2026-03-09 14:03:08.000Z,5.4500,11,SYNTH
2026-03-09 14:03:09.151Z,5.4455,11,SYNTH
2026-03-09 14:03:10.283Z,5.4498,9,SYNTH
2026-03-09 14:03:11.189Z,5.4525,31,SYNTH
2026-03-09 14:03:12.745Z,5.4529,28,SYNTH
2026-03-09 14:03:13.223Z,5.4473,31,SYNTH
2026-03-09 14:03:14.521Z,5.4536,7,SYNTH
2026-03-09 14:03:15.195Z,5.4503,8,SYNTH
2026-03-09 14:03:16.539Z,5.4478,17,SYNTH
2026-03-09 14:03:17.887Z,5.4522,23,SYNTH
2026-03-09 14:03:18.258Z,5.4462,21,SYNTH
2026-03-09 14:03:19.769Z,5.4540,23,SYNTH
2026-03-09 14:03:20.142Z,5.4483,8,SYNTH
2026-03-09 14:03:21.150Z,5.4551,13,SYNTH
2026-03-09 14:03:22.317Z,5.4562,15,SYNTH
2026-03-09 14:03:23.024Z,5.4481,8,SYNTH
2026-03-09 14:03:24.252Z,5.4535,14,SYNTH
2026-03-09 14:03:25.272Z,5.4562,8,SYNTH
2026-03-09 14:03:26.874Z,5.4577,8,SYNTH
2026-03-09 14:03:27.027Z,5.4506,11,SYNTH
2026-03-09 14:03:28.127Z,5.4585,14,SYNTH
2026-03-09 14:03:29.501Z,5.4567,14,SYNTH
2026-03-09 14:03:30.435Z,5.4589,8,SYNTH
2026-03-09 14:03:31.436Z,5.4583,7,SYNTH
2026-03-09 14:03:32.321Z,5.4614,8,SYNTH
2026-03-09 14:03:33.080Z,5.4633,9,SYNTH
2026-03-09 14:03:34.479Z,5.4547,14,SYNTH
2026-03-09 14:03:35.732Z,5.4622,10,SYNTH
2026-03-09 14:03:36.002Z,5.4612,9,SYNTH
2026-03-09 14:03:37.169Z,5.4621,30,SYNTH
2026-03-09 14:03:38.426Z,5.4598,35,SYNTH
2026-03-09 14:03:39.337Z,5.4641,39,SYNTH
2026-03-09 14:03:40.095Z,5.4590,37,SYNTH
2026-03-09 14:03:41.061Z,5.4576,10,SYNTH
2026-03-09 14:03:42.406Z,5.4598,16,SYNTH
2026-03-09 14:03:43.432Z,5.4572,15,SYNTH
2026-03-09 14:03:44.131Z,5.4601,7,SYNTH
2026-03-09 14:03:45.522Z,5.4629,14,SYNTH
2026-03-09 14:03:46.859Z,5.4557,11,SYNTH
2026-03-09 14:03:47.407Z,5.4538,26,SYNTH
2026-03-09 14:03:48.124Z,5.4556,18,SYNTH
2026-03-09 14:03:49.477Z,5.4539,17,SYNTH
2026-03-09 14:03:50.350Z,5.4595,17,SYNTH
2026-03-09 14:03:51.332Z,5.4513,16,SYNTH
2026-03-09 14:03:52.008Z,5.4532,20,SYNTH
2026-03-09 14:03:53.131Z,5.4577,10,SYNTH
2026-03-09 14:03:54.773Z,5.4498,21,SYNTH
2026-03-09 14:03:55.516Z,5.4505,10,SYNTH
2026-03-09 14:03:56.324Z,5.4486,13,SYNTH
2026-03-09 14:03:57.000Z,5.4473,19,SYNTH
2026-03-09 14:03:58.853Z,5.4517,23,SYNTH
2026-03-09 14:03:59.280Z,5.4486,14,SYNTH
2026-03-09 14:04:00.766Z,5.4783,27,SYNTH
2026-03-09 14:04:01.696Z,5.4755,31,SYNTH
2026-03-09 14:04:02.121Z,5.4755,31,SYNTH
2026-03-09 14:04:03.123Z,5.4768,30,SYNTH
2026-03-09 14:04:04.573Z,5.4735,28,SYNTH
2026-03-09 14:04:05.267Z,5.4787,17,SYNTH
2026-03-09 14:04:06.812Z,5.4723,30,SYNTH
2026-03-09 14:04:07.407Z,5.4758,28,SYNTH
2026-03-09 14:04:08.647Z,5.4709,27,SYNTH
2026-03-09 14:04:09.134Z,5.4768,21,SYNTH
2026-03-09 14:04:10.808Z,5.4731,13,SYNTH
2026-03-09 14:04:11.703Z,5.4718,38,SYNTH
2026-03-09 14:04:12.586Z,5.4764,65,SYNTH
2026-03-09 14:04:13.372Z,5.4730,48,SYNTH
2026-03-09 14:04:14.356Z,5.4782,25,SYNTH
2026-03-09 14:04:15.132Z,5.4791,19,SYNTH
2026-03-09 14:04:16.379Z,5.4796,21,SYNTH
2026-03-09 14:04:17.061Z,5.4751,28,SYNTH
2026-03-09 14:04:18.289Z,5.4794,30,SYNTH
2026-03-09 14:04:19.396Z,5.4737,36,SYNTH
2026-03-09 14:04:20.233Z,5.4753,19,SYNTH
2026-03-09 14:04:21.509Z,5.4722,15,SYNTH
2026-03-09 14:04:22.408Z,5.4757,23,SYNTH
2026-03-09 14:04:23.671Z,5.4695,12,SYNTH
2026-03-09 14:04:24.352Z,5.4698,12,SYNTH
2026-03-09 14:04:25.672Z,5.4749,14,SYNTH
2026-03-09 14:04:26.663Z,5.4702,14,SYNTH
2026-03-09 14:04:27.556Z,5.4736,19,SYNTH
2026-03-09 14:04:28.109Z,5.4698,10,SYNTH
2026-03-09 14:04:29.605Z,5.4678,20,SYNTH
2026-03-09 14:04:30.039Z,5.4745,19,SYNTH
2026-03-09 14:04:31.723Z,5.4674,14,SYNTH
2026-03-09 14:04:32.898Z,5.4736,24,SYNTH
2026-03-09 14:04:33.119Z,5.4739,19,SYNTH
2026-03-09 14:04:34.667Z,5.4668,23,SYNTH
2026-03-09 14:04:35.531Z,5.4684,20,SYNTH
2026-03-09 14:04:36.734Z,5.4714,15,SYNTH
2026-03-09 14:04:37.713Z,5.4693,39,SYNTH
2026-03-09 14:04:38.170Z,5.4723,56,SYNTH
2026-03-09 14:04:39.433Z,5.4670,43,SYNTH
2026-03-09 14:04:40.142Z,5.4671,49,SYNTH
2026-03-09 14:04:41.040Z,5.4685,18,SYNTH
2026-03-09 14:04:42.867Z,5.4713,11,SYNTH
2026-03-09 14:04:43.666Z,5.4706,25,SYNTH
2026-03-09 14:04:44.857Z,5.4720,14,SYNTH
2026-03-09 14:04:45.148Z,5.4685,40,SYNTH
2026-03-09 14:04:46.286Z,5.4676,34,SYNTH
2026-03-09 14:04:47.076Z,5.4755,23,SYNTH
2026-03-09 14:04:48.686Z,5.4691,23,SYNTH
2026-03-09 14:04:49.024Z,5.4680,19,SYNTH
2026-03-09 14:04:50.598Z,5.4666,27,SYNTH
2026-03-09 14:04:51.499Z,5.4709,20,SYNTH
2026-03-09 14:04:52.186Z,5.4730,16,SYNTH
2026-03-09 14:04:53.001Z,5.4679,14,SYNTH
2026-03-09 14:04:54.734Z,5.4724,26,SYNTH
2026-03-09 14:04:55.312Z,5.4681,18,SYNTH
2026-03-09 14:04:56.838Z,5.4701,32,SYNTH
2026-03-09 14:04:57.833Z,5.4696,28,SYNTH
2026-03-09 14:04:58.448Z,5.4738,28,SYNTH
2026-03-09 14:04:59.381Z,5.4688,24,SYNTH
2026-03-09 14:05:00.158Z,5.4817,26,SYNTH
2026-03-09 14:05:01.467Z,5.4772,14,SYNTH
2026-03-09 14:05:02.680Z,5.4835,32,SYNTH
2026-03-09 14:05:03.258Z,5.4770,28,SYNTH
2026-03-09 14:05:04.817Z,5.4834,18,SYNTH
2026-03-09 14:05:05.857Z,5.4765,23,SYNTH
2026-03-09 14:05:06.679Z,5.4839,14,SYNTH
2026-03-09 14:05:07.265Z,5.4832,30,SYNTH
2026-03-09 14:05:08.333Z,5.4786,25,SYNTH
2026-03-09 14:05:09.809Z,5.4801,23,SYNTH
2026-03-09 14:05:10.692Z,5.4759,22,SYNTH
2026-03-09 14:05:11.319Z,5.4818,53,SYNTH
2026-03-09 14:05:12.658Z,5.4779,49,SYNTH
2026-03-09 14:05:13.561Z,5.4826,62,SYNTH
2026-03-09 14:05:14.689Z,5.4786,16,SYNTH
2026-03-09 14:05:15.459Z,5.4831,16,SYNTH
2026-03-09 14:05:16.065Z,5.4824,23,SYNTH
2026-03-09 14:05:17.041Z,5.4778,19,SYNTH
2026-03-09 14:05:18.558Z,5.4783,30,SYNTH
2026-03-09 14:05:19.092Z,5.4831,24,SYNTH
2026-03-09 14:05:20.461Z,5.4817,14,SYNTH
2026-03-09 14:05:21.549Z,5.4771,23,SYNTH
2026-03-09 14:05:22.816Z,5.4816,20,SYNTH
2026-03-09 14:05:23.627Z,5.4780,14,SYNTH
2026-03-09 14:05:24.622Z,5.4780,18,SYNTH
2026-03-09 14:05:25.500Z,5.4752,14,SYNTH
2026-03-09 14:05:26.769Z,5.4784,14,SYNTH
2026-03-09 14:05:27.899Z,5.4758,20,SYNTH
2026-03-09 14:05:28.794Z,5.4716,15,SYNTH
2026-03-09 14:05:29.682Z,5.4757,12,SYNTH
2026-03-09 14:05:30.850Z,5.4700,13,SYNTH
2026-03-09 14:05:31.496Z,5.4764,11,SYNTH
2026-03-09 14:05:32.188Z,5.4706,15,SYNTH
2026-03-09 14:05:33.692Z,5.4685,16,SYNTH
2026-03-09 14:05:34.474Z,5.4691,19,SYNTH
2026-03-09 14:05:35.119Z,5.4713,22,SYNTH
2026-03-09 14:05:36.018Z,5.4745,18,SYNTH
2026-03-09 14:05:37.533Z,5.4679,38,SYNTH
2026-03-09 14:05:38.107Z,5.4670,44,SYNTH
2026-03-09 14:05:39.719Z,5.4722,54,SYNTH
2026-03-09 14:05:40.531Z,5.4736,44,SYNTH
2026-03-09 14:05:41.428Z,5.4669,10,SYNTH
2026-03-09 14:05:42.753Z,5.4682,12,SYNTH
2026-03-09 14:05:43.332Z,5.4722,15,SYNTH
2026-03-09 14:05:44.226Z,5.4680,11,SYNTH
2026-03-09 14:05:45.620Z,5.4754,28,SYNTH
2026-03-09 14:05:46.814Z,5.4676,26,SYNTH
2026-03-09 14:05:47.397Z,5.4733,30,SYNTH
2026-03-09 14:05:48.498Z,5.4692,14,SYNTH
2026-03-09 14:05:49.308Z,5.4723,16,SYNTH
2026-03-09 14:05:50.654Z,5.4679,23,SYNTH
2026-03-09 14:05:51.563Z,5.4757,17,SYNTH
2026-03-09 14:05:52.046Z,5.4675,18,SYNTH
2026-03-09 14:05:53.762Z,5.4714,21,SYNTH
2026-03-09 14:05:54.078Z,5.4731,17,SYNTH
2026-03-09 14:05:55.372Z,5.4749,24,SYNTH
2026-03-09 14:05:56.081Z,5.4667,17,SYNTH
2026-03-09 14:05:57.040Z,5.4742,24,SYNTH
2026-03-09 14:05:58.302Z,5.4674,15,SYNTH
2026-03-09 14:05:59.170Z,5.4698,34,SYNTH
2026-03-09 14:06:00.535Z,5.4629,65,SYNTH
2026-03-09 14:06:01.833Z,5.4616,45,SYNTH
2026-03-09 14:06:02.002Z,5.4577,31,SYNTH
2026-03-09 14:06:03.317Z,5.4619,34,SYNTH
2026-03-09 14:06:04.729Z,5.4608,29,SYNTH
2026-03-09 14:06:05.465Z,5.4559,24,SYNTH
2026-03-09 14:06:06.287Z,5.4643,50,SYNTH
2026-03-09 14:06:07.048Z,5.4571,38,SYNTH
2026-03-09 14:06:08.335Z,5.4593,30,SYNTH
2026-03-09 14:06:09.730Z,5.4566,44,SYNTH
2026-03-09 14:06:10.338Z,5.4621,51,SYNTH
2026-03-09 14:06:11.290Z,5.4567,80,SYNTH
2026-03-09 14:06:12.417Z,5.4644,50,SYNTH
2026-03-09 14:06:13.815Z,5.4573,52,SYNTH
2026-03-09 14:06:14.124Z,5.4635,26,SYNTH
2026-03-09 14:06:15.088Z,5.4552,43,SYNTH
2026-03-09 14:06:16.333Z,5.4631,70,SYNTH
2026-03-09 14:06:17.487Z,5.4571,58,SYNTH
2026-03-09 14:06:18.334Z,5.4612,59,SYNTH
2026-03-09 14:06:19.289Z,5.4570,50,SYNTH
2026-03-09 14:06:20.520Z,5.4568,35,SYNTH
2026-03-09 14:06:21.641Z,5.4544,24,SYNTH
2026-03-09 14:06:22.852Z,5.4557,38,SYNTH
2026-03-09 14:06:23.436Z,5.4522,27,SYNTH
2026-03-09 14:06:24.606Z,5.4491,38,SYNTH
2026-03-09 14:06:25.666Z,5.4461,38,SYNTH
2026-03-09 14:06:26.775Z,5.4436,27,SYNTH
2026-03-09 14:06:27.550Z,5.4424,21,SYNTH
2026-03-09 14:06:28.507Z,5.4394,26,SYNTH
2026-03-09 14:06:29.507Z,5.4368,17,SYNTH
2026-03-09 14:06:30.377Z,5.4335,41,SYNTH
2026-03-09 14:06:31.112Z,5.4302,17,SYNTH
2026-03-09 14:06:32.362Z,5.4275,18,SYNTH
2026-03-09 14:06:33.257Z,5.4231,34,SYNTH
2026-03-09 14:06:34.680Z,5.4245,37,SYNTH
2026-03-09 14:06:35.016Z,5.4228,18,SYNTH
2026-03-09 14:06:36.887Z,5.4165,39,SYNTH
2026-03-09 14:06:37.641Z,5.4174,72,SYNTH
2026-03-09 14:06:38.699Z,5.4174,56,SYNTH
2026-03-09 14:06:39.419Z,5.4219,74,SYNTH
2026-03-09 14:06:40.418Z,5.4242,89,SYNTH
2026-03-09 14:06:41.189Z,5.4248,26,SYNTH
2026-03-09 14:06:42.873Z,5.4254,44,SYNTH
2026-03-09 14:06:43.212Z,5.4261,43,SYNTH
2026-03-09 14:06:44.764Z,5.4261,34,SYNTH
2026-03-09 14:06:45.519Z,5.4262,59,SYNTH
2026-03-09 14:06:46.695Z,5.4270,32,SYNTH
2026-03-09 14:06:47.796Z,5.4236,37,SYNTH
2026-03-09 14:06:48.530Z,5.4268,29,SYNTH
2026-03-09 14:06:49.685Z,5.4219,24,SYNTH
2026-03-09 14:06:50.148Z,5.4207,24,SYNTH
2026-03-09 14:06:51.235Z,5.4195,37,SYNTH
2026-03-09 14:06:52.460Z,5.4210,42,SYNTH
2026-03-09 14:06:53.081Z,5.4253,51,SYNTH
2026-03-09 14:06:54.476Z,5.4238,52,SYNTH
2026-03-09 14:06:55.115Z,5.4207,50,SYNTH
2026-03-09 14:06:56.743Z,5.4226,51,SYNTH
2026-03-09 14:06:57.375Z,5.4191,54,SYNTH
2026-03-09 14:06:58.872Z,5.4205,42,SYNTH
2026-03-09 14:06:59.014Z,5.4214,37,SYNTH
2026-03-09 14:07:00.141Z,5.4211,4,SYNTH
2026-03-09 14:07:01.407Z,5.4162,4,SYNTH
2026-03-09 14:07:02.207Z,5.4217,3,SYNTH
2026-03-09 14:07:03.022Z,5.4217,5,SYNTH
2026-03-09 14:07:04.063Z,5.4183,5,SYNTH
2026-03-09 14:07:05.148Z,5.4201,5,SYNTH
2026-03-09 14:07:06.873Z,5.4212,2,SYNTH
2026-03-09 14:07:07.863Z,5.4190,5,SYNTH
2026-03-09 14:07:08.495Z,5.4232,2,SYNTH
2026-03-09 14:07:09.523Z,5.4170,3,SYNTH
2026-03-09 14:07:10.866Z,5.4181,3,SYNTH
2026-03-09 14:07:11.271Z,5.4211,7,SYNTH
2026-03-09 14:07:12.449Z,5.4171,12,SYNTH
2026-03-09 14:07:13.873Z,5.4221,5,SYNTH
2026-03-09 14:07:14.025Z,5.4238,4,SYNTH
2026-03-09 14:07:15.890Z,5.4163,2,SYNTH
2026-03-09 14:07:16.173Z,5.4215,4,SYNTH
2026-03-09 14:07:17.837Z,5.4192,6,SYNTH
2026-03-09 14:07:18.292Z,5.4215,7,SYNTH
2026-03-09 14:07:19.159Z,5.4179,3,SYNTH
2026-03-09 14:07:20.884Z,5.4155,2,SYNTH
2026-03-09 14:07:21.644Z,5.4221,3,SYNTH
2026-03-09 14:07:22.358Z,5.4246,2,SYNTH
2026-03-09 14:07:23.124Z,5.4231,3,SYNTH
2026-03-09 14:07:24.228Z,5.4211,3,SYNTH
2026-03-09 14:07:25.077Z,5.4236,2,SYNTH
2026-03-09 14:07:26.686Z,5.4186,3,SYNTH
2026-03-09 14:07:27.350Z,5.4183,2,SYNTH
2026-03-09 14:07:28.697Z,5.4221,3,SYNTH
2026-03-09 14:07:29.206Z,5.4210,2,SYNTH
2026-03-09 14:07:30.493Z,5.4235,2,SYNTH
2026-03-09 14:07:31.661Z,5.4211,4,SYNTH
2026-03-09 14:07:32.229Z,5.4255,3,SYNTH
2026-03-09 14:07:33.786Z,5.4240,2,SYNTH
2026-03-09 14:07:34.150Z,5.4248,2,SYNTH
2026-03-09 14:07:35.738Z,5.4205,2,SYNTH
2026-03-09 14:07:36.657Z,5.4262,4,SYNTH
2026-03-09 14:07:37.420Z,5.4195,6,SYNTH
2026-03-09 14:07:38.555Z,5.4186,8,SYNTH
2026-03-09 14:07:39.157Z,5.4242,7,SYNTH
2026-03-09 14:07:40.275Z,5.4227,10,SYNTH
2026-03-09 14:07:41.202Z,5.4184,2,SYNTH
2026-03-09 14:07:42.579Z,5.4215,3,SYNTH
2026-03-09 14:07:43.844Z,5.4227,4,SYNTH
2026-03-09 14:07:44.426Z,5.4205,3,SYNTH
2026-03-09 14:07:45.276Z,5.4241,4,SYNTH
2026-03-09 14:07:46.701Z,5.4241,7,SYNTH
2026-03-09 14:07:47.047Z,5.4204,6,SYNTH
2026-03-09 14:07:48.216Z,5.4201,5,SYNTH
2026-03-09 14:07:49.362Z,5.4238,4,SYNTH
2026-03-09 14:07:50.656Z,5.4185,3,SYNTH
2026-03-09 14:07:51.505Z,5.4258,5,SYNTH
2026-03-09 14:07:52.639Z,5.4213,2,SYNTH
2026-03-09 14:07:53.020Z,5.4186,5,SYNTH
2026-03-09 14:07:54.372Z,5.4236,3,SYNTH
2026-03-09 14:07:55.489Z,5.4200,5,SYNTH
2026-03-09 14:07:56.717Z,5.4203,4,SYNTH
2026-03-09 14:07:57.423Z,5.4259,5,SYNTH
2026-03-09 14:07:58.402Z,5.4231,3,SYNTH
2026-03-09 14:07:59.176Z,5.4212,5,SYNTH
2026-03-09 14:08:00.715Z,5.4201,12,SYNTH
2026-03-09 14:08:01.519Z,5.4178,13,SYNTH
2026-03-09 14:08:02.477Z,5.4215,12,SYNTH
2026-03-09 14:08:03.882Z,5.4170,8,SYNTH
2026-03-09 14:08:04.089Z,5.4186,6,SYNTH
2026-03-09 14:08:05.565Z,5.4236,5,SYNTH
2026-03-09 14:08:06.309Z,5.4235,5,SYNTH
2026-03-09 14:08:07.236Z,5.4186,8,SYNTH
2026-03-09 14:08:08.527Z,5.4181,7,SYNTH
2026-03-09 14:08:09.298Z,5.4223,7,SYNTH
2026-03-09 14:08:10.768Z,5.4176,7,SYNTH
2026-03-09 14:08:11.210Z,5.4214,13,SYNTH
2026-03-09 14:08:12.433Z,5.4217,25,SYNTH
2026-03-09 14:08:13.582Z,5.4185,10,SYNTH
2026-03-09 14:08:14.377Z,5.4225,7,SYNTH
2026-03-09 14:08:15.316Z,5.4176,10,SYNTH
2026-03-09 14:08:16.134Z,5.4229,10,SYNTH
2026-03-09 14:08:17.666Z,5.4167,16,SYNTH
2026-03-09 14:08:18.763Z,5.4153,11,SYNTH
2026-03-09 14:08:19.230Z,5.4228,15,SYNTH
2026-03-09 14:08:20.677Z,5.4157,6,SYNTH
2026-03-09 14:08:21.750Z,5.4214,4,SYNTH
2026-03-09 14:08:22.640Z,5.4217,5,SYNTH
2026-03-09 14:08:23.017Z,5.4225,5,SYNTH
2026-03-09 14:08:24.178Z,5.4206,7,SYNTH
2026-03-09 14:08:25.155Z,5.4170,5,SYNTH
2026-03-09 14:08:26.114Z,5.4245,5,SYNTH
2026-03-09 14:08:27.037Z,5.4215,6,SYNTH
2026-03-09 14:08:28.832Z,5.4193,6,SYNTH
2026-03-09 14:08:29.619Z,5.4152,7,SYNTH
2026-03-09 14:08:30.514Z,5.4225,5,SYNTH
2026-03-09 14:08:31.405Z,5.4182,7,SYNTH
2026-03-09 14:08:32.679Z,5.4204,5,SYNTH
2026-03-09 14:08:33.258Z,5.4210,6,SYNTH
2026-03-09 14:08:34.647Z,5.4227,5,SYNTH
2026-03-09 14:08:35.540Z,5.4159,9,SYNTH
2026-03-09 14:08:36.112Z,5.4243,6,SYNTH
2026-03-09 14:08:37.820Z,5.4164,19,SYNTH
2026-03-09 14:08:38.062Z,5.4207,18,SYNTH
2026-03-09 14:08:39.056Z,5.4164,14,SYNTH
2026-03-09 14:08:40.004Z,5.4225,20,SYNTH
2026-03-09 14:08:41.455Z,5.4155,6,SYNTH
2026-03-09 14:08:42.365Z,5.4183,6,SYNTH
2026-03-09 14:08:43.331Z,5.4219,5,SYNTH
2026-03-09 14:08:44.805Z,5.4165,5,SYNTH
2026-03-09 14:08:45.407Z,5.4227,9,SYNTH
2026-03-09 14:08:46.315Z,5.4180,8,SYNTH
2026-03-09 14:08:47.873Z,5.4180,13,SYNTH
2026-03-09 14:08:48.215Z,5.4202,6,SYNTH
2026-03-09 14:08:49.280Z,5.4197,11,SYNTH
2026-03-09 14:08:50.512Z,5.4219,10,SYNTH
2026-03-09 14:08:51.366Z,5.4186,10,SYNTH
2026-03-09 14:08:52.877Z,5.4232,9,SYNTH
2026-03-09 14:08:53.870Z,5.4240,11,SYNTH
2026-03-09 14:08:54.199Z,5.4215,8,SYNTH
2026-03-09 14:08:55.463Z,5.4183,9,SYNTH
2026-03-09 14:08:56.650Z,5.4239,10,SYNTH
2026-03-09 14:08:57.899Z,5.4184,10,SYNTH
2026-03-09 14:08:58.008Z,5.4220,12,SYNTH
2026-03-09 14:08:59.469Z,5.4199,12,SYNTH
2026-03-09 14:09:00.209Z,5.4131,29,SYNTH
2026-03-09 14:09:01.674Z,5.4083,28,SYNTH
2026-03-09 14:09:02.627Z,5.4126,21,SYNTH
2026-03-09 14:09:03.194Z,5.4050,13,SYNTH
2026-03-09 14:09:04.838Z,5.4130,27,SYNTH
2026-03-09 14:09:05.630Z,5.4079,23,SYNTH
2026-03-09 14:09:06.388Z,5.4101,20,SYNTH
2026-03-09 14:09:07.161Z,5.4133,22,SYNTH
2026-03-09 14:09:08.299Z,5.4112,17,SYNTH
2026-03-09 14:09:09.448Z,5.4070,18,SYNTH
2026-03-09 14:09:10.438Z,5.4151,15,SYNTH
2026-03-09 14:09:11.550Z,5.4060,58,SYNTH
2026-03-09 14:09:12.448Z,5.4069,31,SYNTH
2026-03-09 14:09:13.168Z,5.4105,49,SYNTH
2026-03-09 14:09:14.870Z,5.4130,17,SYNTH
2026-03-09 14:09:15.495Z,5.4067,21,SYNTH
2026-03-09 14:09:16.266Z,5.4114,35,SYNTH
2026-03-09 14:09:17.321Z,5.4083,20,SYNTH
2026-03-09 14:09:18.326Z,5.4055,18,SYNTH
2026-03-09 14:09:19.050Z,5.4086,22,SYNTH
2026-03-09 14:09:20.019Z,5.4117,14,SYNTH
2026-03-09 14:09:21.558Z,5.4123,9,SYNTH
2026-03-09 14:09:22.577Z,5.4138,15,SYNTH
2026-03-09 14:09:23.707Z,5.4056,17,SYNTH
2026-03-09 14:09:24.793Z,5.4145,19,SYNTH
2026-03-09 14:09:25.649Z,5.4087,9,SYNTH
2026-03-09 14:09:26.000Z,5.4061,14,SYNTH
2026-03-09 14:09:27.809Z,5.4123,19,SYNTH
2026-03-09 14:09:28.815Z,5.4091,16,SYNTH
2026-03-09 14:09:29.030Z,5.4118,11,SYNTH
2026-03-09 14:09:30.516Z,5.4097,16,SYNTH
2026-03-09 14:09:31.876Z,5.4076,15,SYNTH
2026-03-09 14:09:32.712Z,5.4125,12,SYNTH
2026-03-09 14:09:33.676Z,5.4092,13,SYNTH
2026-03-09 14:09:34.787Z,5.4113,14,SYNTH
2026-03-09 14:09:35.692Z,5.4086,16,SYNTH
2026-03-09 14:09:36.414Z,5.4091,11,SYNTH
2026-03-09 14:09:37.549Z,5.4116,42,SYNTH
2026-03-09 14:09:38.742Z,5.4089,37,SYNTH
2026-03-09 14:09:39.501Z,5.4103,30,SYNTH
2026-03-09 14:09:40.302Z,5.4117,45,SYNTH
2026-03-09 14:09:41.641Z,5.4114,12,SYNTH
2026-03-09 14:09:42.785Z,5.4115,17,SYNTH
2026-03-09 14:09:43.665Z,5.4093,13,SYNTH
2026-03-09 14:09:44.507Z,5.4050,12,SYNTH
2026-03-09 14:09:45.444Z,5.4122,32,SYNTH
2026-03-09 14:09:46.768Z,5.4073,17,SYNTH
2026-03-09 14:09:47.887Z,5.4105,32,SYNTH
2026-03-09 14:09:48.023Z,5.4125,12,SYNTH
2026-03-09 14:09:49.726Z,5.4064,20,SYNTH
2026-03-09 14:09:50.509Z,5.4132,18,SYNTH
2026-03-09 14:09:51.454Z,5.4091,11,SYNTH
2026-03-09 14:09:52.254Z,5.4118,16,SYNTH
2026-03-09 14:09:53.778Z,5.4114,11,SYNTH
2026-03-09 14:09:54.349Z,5.4095,19,SYNTH
2026-03-09 14:09:55.238Z,5.4068,25,SYNTH
2026-03-09 14:09:56.184Z,5.4057,16,SYNTH
2026-03-09 14:09:57.336Z,5.4104,24,SYNTH
2026-03-09 14:09:58.039Z,5.4059,15,SYNTH
2026-03-09 14:09:59.430Z,5.4119,29,SYNTH
2026-03-09 14:10:00.543Z,5.4179,81,SYNTH
2026-03-09 14:10:01.832Z,5.4181,120,SYNTH
2026-03-09 14:10:02.096Z,5.4189,79,SYNTH
2026-03-09 14:10:03.634Z,5.4104,101,SYNTH
2026-03-09 14:10:04.074Z,5.4185,101,SYNTH
2026-03-09 14:10:05.595Z,5.4179,65,SYNTH
2026-03-09 14:10:06.880Z,5.4114,64,SYNTH
2026-03-09 14:10:07.351Z,5.4149,43,SYNTH
2026-03-09 14:10:08.389Z,5.4175,66,SYNTH
2026-03-09 14:10:09.638Z,5.4138,56,SYNTH
2026-03-09 14:10:10.192Z,5.4139,70,SYNTH
2026-03-09 14:10:11.005Z,5.4155,227,SYNTH
2026-03-09 14:10:12.351Z,5.4185,100,SYNTH
2026-03-09 14:10:13.115Z,5.4117,127,SYNTH
2026-03-09 14:10:14.785Z,5.4168,77,SYNTH
2026-03-09 14:10:15.346Z,5.4167,51,SYNTH
2026-03-09 14:10:16.551Z,5.4171,99,SYNTH
2026-03-09 14:10:17.794Z,5.4172,115,SYNTH
2026-03-09 14:10:18.196Z,5.4130,128,SYNTH
2026-03-09 14:10:19.393Z,5.4158,124,SYNTH
2026-03-09 14:10:20.032Z,5.4185,63,SYNTH
2026-03-09 14:10:21.220Z,5.4112,53,SYNTH
2026-03-09 14:10:22.686Z,5.4089,81,SYNTH
2026-03-09 14:10:23.055Z,5.4155,44,SYNTH
2026-03-09 14:10:24.166Z,5.4073,67,SYNTH
2026-03-09 14:10:25.475Z,5.4049,74,SYNTH
2026-03-09 14:10:26.209Z,5.4025,65,SYNTH
2026-03-09 14:10:27.493Z,5.3999,74,SYNTH
2026-03-09 14:10:28.289Z,5.4014,77,SYNTH
2026-03-09 14:10:29.383Z,5.3987,60,SYNTH
2026-03-09 14:10:30.797Z,5.3994,56,SYNTH
2026-03-09 14:10:31.693Z,5.3931,59,SYNTH
2026-03-09 14:10:32.171Z,5.3919,67,SYNTH
2026-03-09 14:10:33.562Z,5.3942,77,SYNTH
2026-03-09 14:10:34.324Z,5.3916,56,SYNTH
2026-03-09 14:10:35.243Z,5.3922,79,SYNTH
2026-03-09 14:10:36.362Z,5.3880,41,SYNTH
2026-03-09 14:10:37.695Z,5.3931,127,SYNTH
2026-03-09 14:10:38.451Z,5.3905,176,SYNTH
2026-03-09 14:10:39.016Z,5.3946,193,SYNTH
2026-03-09 14:10:40.835Z,5.3929,189,SYNTH
2026-03-09 14:10:41.488Z,5.3899,80,SYNTH
2026-03-09 14:10:42.640Z,5.3899,67,SYNTH
2026-03-09 14:10:43.290Z,5.3939,40,SYNTH
2026-03-09 14:10:44.561Z,5.3891,40,SYNTH
2026-03-09 14:10:45.870Z,5.3941,103,SYNTH
2026-03-09 14:10:46.125Z,5.3976,123,SYNTH
2026-03-09 14:10:47.358Z,5.3909,66,SYNTH
2026-03-09 14:10:48.868Z,5.3950,76,SYNTH
2026-03-09 14:10:49.872Z,5.3949,64,SYNTH
2026-03-09 14:10:50.142Z,5.3892,84,SYNTH
2026-03-09 14:10:51.491Z,5.3943,95,SYNTH
2026-03-09 14:10:52.389Z,5.3895,46,SYNTH
2026-03-09 14:10:53.831Z,5.3888,81,SYNTH
2026-03-09 14:10:54.054Z,5.3935,71,SYNTH
2026-03-09 14:10:55.743Z,5.3873,46,SYNTH
2026-03-09 14:10:56.056Z,5.3917,116,SYNTH
2026-03-09 14:10:57.220Z,5.3923,62,SYNTH
2026-03-09 14:10:58.354Z,5.3870,53,SYNTH
2026-03-09 14:10:59.052Z,5.3930,121,SYNTH
2026-03-09 14:11:00.110Z,5.3834,191,SYNTH
2026-03-09 14:11:01.542Z,5.3777,210,SYNTH
2026-03-09 14:11:02.502Z,5.3822,125,SYNTH
2026-03-09 14:11:03.675Z,5.3838,125,SYNTH
2026-03-09 14:11:04.618Z,5.3827,166,SYNTH
2026-03-09 14:11:05.165Z,5.3784,88,SYNTH
2026-03-09 14:11:06.547Z,5.3829,115,SYNTH
2026-03-09 14:11:07.293Z,5.3802,150,SYNTH
2026-03-09 14:11:08.672Z,5.3822,105,SYNTH
2026-03-09 14:11:09.852Z,5.3768,100,SYNTH
2026-03-09 14:11:10.758Z,5.3839,121,SYNTH
2026-03-09 14:11:11.243Z,5.3775,194,SYNTH
2026-03-09 14:11:12.758Z,5.3830,424,SYNTH
2026-03-09 14:11:13.754Z,5.3808,379,SYNTH
2026-03-09 14:11:14.253Z,5.3849,141,SYNTH
2026-03-09 14:11:15.327Z,5.3780,122,SYNTH
2026-03-09 14:11:16.703Z,5.3807,153,SYNTH
2026-03-09 14:11:17.246Z,5.3778,134,SYNTH
2026-03-09 14:11:18.688Z,5.3820,145,SYNTH
2026-03-09 14:11:19.372Z,5.3790,159,SYNTH
2026-03-09 14:11:20.645Z,5.3801,123,SYNTH
2026-03-09 14:11:21.875Z,5.3771,89,SYNTH
2026-03-09 14:11:22.024Z,5.3763,83,SYNTH
2026-03-09 14:11:23.843Z,5.3743,60,SYNTH
2026-03-09 14:11:24.079Z,5.3729,105,SYNTH
2026-03-09 14:11:25.058Z,5.3716,81,SYNTH
2026-03-09 14:11:26.519Z,5.3714,139,SYNTH
2026-03-09 14:11:27.203Z,5.3678,138,SYNTH
2026-03-09 14:11:28.122Z,5.3673,72,SYNTH
2026-03-09 14:11:29.364Z,5.3656,75,SYNTH
2026-03-09 14:11:30.084Z,5.3658,89,SYNTH
2026-03-09 14:11:31.016Z,5.3662,131,SYNTH
2026-03-09 14:11:32.143Z,5.3643,59,SYNTH
2026-03-09 14:11:33.778Z,5.3626,120,SYNTH
