TimestampUtc,Price,Size,Exchange
2026-03-12 19:08:25.412Z,3.9006,2,SYNTH
2026-03-12 19:08:26.603Z,3.8991,1,SYNTH
2026-03-12 19:08:27.379Z,3.9008,1,SYNTH
2026-03-12 19:08:28.450Z,3.8989,2,SYNTH
2026-03-12 19:08:29.570Z,3.9003,2,SYNTH
2026-03-12 19:08:30.260Z,3.8991,2,SYNTH
2026-03-12 19:08:31.079Z,3.8987,2,SYNTH
2026-03-12 19:08:32.883Z,3.9020,1,SYNTH
2026-03-12 19:08:33.829Z,3.9006,2,SYNTH
2026-03-12 19:08:34.564Z,3.8993,1,SYNTH
2026-03-12 19:08:35.135Z,3.9007,1,SYNTH
2026-03-12 19:08:36.801Z,3.9007,3,SYNTH
2026-03-12 19:08:37.733Z,3.8998,4,SYNTH
2026-03-12 19:08:38.079Z,3.9011,2,SYNTH
2026-03-12 19:08:39.157Z,3.8999,1,SYNTH
2026-03-12 19:08:40.220Z,3.9014,1,SYNTH
2026-03-12 19:08:41.174Z,3.8984,1,SYNTH
2026-03-12 19:08:42.077Z,3.9028,1,SYNTH
2026-03-12 19:08:43.832Z,3.8992,2,SYNTH
2026-03-12 19:08:44.847Z,3.8994,2,SYNTH
2026-03-12 19:08:45.149Z,3.9017,1,SYNTH
2026-03-12 19:08:46.890Z,3.9016,1,SYNTH
2026-03-12 19:08:47.213Z,3.9008,1,SYNTH
2026-03-12 19:08:48.240Z,3.9039,1,SYNTH
2026-03-12 19:08:49.595Z,3.9004,1,SYNTH
2026-03-12 19:08:50.254Z,3.9052,1,SYNTH
2026-03-12 19:08:51.383Z,3.9043,1,SYNTH
2026-03-12 19:08:52.658Z,3.9060,1,SYNTH
2026-03-12 19:08:53.181Z,3.9062,1,SYNTH
2026-03-12 19:08:54.747Z,3.9074,1,SYNTH
2026-03-12 19:08:55.543Z,3.9074,1,SYNTH
2026-03-12 19:08:56.715Z,3.9078,1,SYNTH
2026-03-12 19:08:57.217Z,3.9061,1,SYNTH
2026-03-12 19:08:58.297Z,3.9082,1,SYNTH
2026-03-12 19:08:59.291Z,3.9103,1,SYNTH
2026-03-12 19:09:00.072Z,3.9085,1,SYNTH
2026-03-12 19:09:01.527Z,3.9078,1,SYNTH
2026-03-12 19:09:02.699Z,3.9114,3,SYNTH
2026-03-12 19:09:03.402Z,3.9119,3,SYNTH
2026-03-12 19:09:04.164Z,3.9079,2,SYNTH
2026-03-12 19:09:05.455Z,3.9109,4,SYNTH
2026-03-12 19:09:06.030Z,3.9077,1,SYNTH
2026-03-12 19:09:07.772Z,3.9116,1,SYNTH
2026-03-12 19:09:08.752Z,3.9088,1,SYNTH
2026-03-12 19:09:09.606Z,3.9079,1,SYNTH
2026-03-12 19:09:10.172Z,3.9102,2,SYNTH
2026-03-12 19:09:11.043Z,3.9068,1,SYNTH
2026-03-12 19:09:12.672Z,3.9067,2,SYNTH
2026-03-12 19:09:13.379Z,3.9110,2,SYNTH
2026-03-12 19:09:14.861Z,3.9085,1,SYNTH
2026-03-12 19:09:15.537Z,3.9081,1,SYNTH
2026-03-12 19:09:16.417Z,3.9085,1,SYNTH
2026-03-12 19:09:17.745Z,3.9090,2,SYNTH
2026-03-12 19:09:18.568Z,3.9108,1,SYNTH
2026-03-12 19:09:19.158Z,3.9110,1,SYNTH
2026-03-12 19:09:20.407Z,3.9116,1,SYNTH
2026-03-12 19:09:21.677Z,3.9095,1,SYNTH
2026-03-12 19:09:22.686Z,3.9114,2,SYNTH
2026-03-12 19:09:23.596Z,3.9079,1,SYNTH
2026-03-12 19:09:24.662Z,3.9104,2,SYNTH
2026-03-12 19:08:25.328Z,3.9110,1,SYNTH
2026-03-12 19:08:26.623Z,3.9069,1,SYNTH
2026-03-12 19:08:27.846Z,3.9043,1,SYNTH
2026-03-12 19:08:28.556Z,3.8993,1,SYNTH
2026-03-12 19:08:29.635Z,3.8952,1,SYNTH
2026-03-12 19:08:30.820Z,3.8899,1,SYNTH
2026-03-12 19:08:31.295Z,3.8841,1,SYNTH
2026-03-12 19:08:32.510Z,3.8760,1,SYNTH
2026-03-12 19:08:33.574Z,3.8723,1,SYNTH
2026-03-12 19:08:34.313Z,3.8648,1,SYNTH
2026-03-12 19:08:35.418Z,3.8619,1,SYNTH
2026-03-12 19:08:36.309Z,3.8588,1,SYNTH
2026-03-12 19:08:37.267Z,3.8576,1,SYNTH
2026-03-12 19:08:38.429Z,3.8623,1,SYNTH
2026-03-12 19:08:39.614Z,3.8665,1,SYNTH
2026-03-12 19:08:40.728Z,3.8687,1,SYNTH
2026-03-12 19:08:41.701Z,3.8740,1,SYNTH
2026-03-12 19:08:42.111Z,3.8756,1,SYNTH
2026-03-12 19:08:43.552Z,3.8777,1,SYNTH
2026-03-12 19:08:44.166Z,3.8768,1,SYNTH
2026-03-12 19:08:45.757Z,3.8802,1,SYNTH
2026-03-12 19:08:46.367Z,3.8840,1,SYNTH
2026-03-12 19:08:47.728Z,3.8881,1,SYNTH
2026-03-12 19:08:48.746Z,3.8940,1,SYNTH
2026-03-12 19:08:49.024Z,3.8997,1,SYNTH
2026-03-12 19:08:50.484Z,3.9057,1,SYNTH
2026-03-12 19:08:51.481Z,3.9135,1,SYNTH
2026-03-12 19:08:52.224Z,3.9203,1,SYNTH
2026-03-12 19:08:53.471Z,3.9286,1,SYNTH
2026-03-12 19:08:54.209Z,3.9345,1,SYNTH
2026-03-12 19:08:55.745Z,3.9441,1,SYNTH
2026-03-12 19:08:56.315Z,3.9521,1,SYNTH
2026-03-12 19:08:57.598Z,3.9573,1,SYNTH
2026-03-12 19:08:58.646Z,3.9631,1,SYNTH
2026-03-12 19:08:59.260Z,3.9691,1,SYNTH
2026-03-12 19:09:00.294Z,3.9744,1,SYNTH
2026-03-12 19:09:01.319Z,3.9767,1,SYNTH
2026-03-12 19:09:02.621Z,3.9790,1,SYNTH
2026-03-12 19:09:03.241Z,3.9808,1,SYNTH
2026-03-12 19:09:04.153Z,3.9803,1,SYNTH
2026-03-12 19:09:05.020Z,3.9792,1,SYNTH
2026-03-12 19:09:06.870Z,3.9767,1,SYNTH
2026-03-12 19:09:07.137Z,3.9761,1,SYNTH
2026-03-12 19:09:08.117Z,3.9727,1,SYNTH
2026-03-12 19:09:09.414Z,3.9712,1,SYNTH
2026-03-12 19:09:10.242Z,3.9707,1,SYNTH
2026-03-12 19:09:11.044Z,3.9712,1,SYNTH
2026-03-12 19:09:12.626Z,3.9705,1,SYNTH
2026-03-12 19:09:13.398Z,3.9748,1,SYNTH
2026-03-12 19:09:14.120Z,3.9743,1,SYNTH
2026-03-12 19:09:15.447Z,3.9754,1,SYNTH
2026-03-12 19:09:16.458Z,3.9757,1,SYNTH
2026-03-12 19:09:17.870Z,3.9775,1,SYNTH
2026-03-12 19:09:18.675Z,3.9775,1,SYNTH
2026-03-12 19:09:19.101Z,3.9792,1,SYNTH
2026-03-12 19:09:20.403Z,3.9755,1,SYNTH
2026-03-12 19:09:21.124Z,3.9810,1,SYNTH
2026-03-12 19:09:22.873Z,3.9771,1,SYNTH
2026-03-12 19:09:23.438Z,3.9798,1,SYNTH
2026-03-12 19:09:24.697Z,3.9803,1,SYNTH
2026-03-12 19:08:25.188Z,3.8813,1,SYNTH
2026-03-12 19:08:26.335Z,3.8807,1,SYNTH
2026-03-12 19:08:27.373Z,3.8791,1,SYNTH
2026-03-12 19:08:28.085Z,3.8810,1,SYNTH
2026-03-12 19:08:29.580Z,3.8779,1,SYNTH
2026-03-12 19:08:30.745Z,3.8784,1,SYNTH
2026-03-12 19:08:31.392Z,3.8794,1,SYNTH
2026-03-12 19:08:32.688Z,3.8802,1,SYNTH
2026-03-12 19:08:33.796Z,3.8812,1,SYNTH
2026-03-12 19:08:34.870Z,3.8822,1,SYNTH
2026-03-12 19:08:35.373Z,3.8783,1,SYNTH
2026-03-12 19:08:36.460Z,3.8818,1,SYNTH
2026-03-12 19:08:37.615Z,3.8791,1,SYNTH
2026-03-12 19:08:38.465Z,3.8810,1,SYNTH
2026-03-12 19:08:39.842Z,3.8796,1,SYNTH
2026-03-12 19:08:40.869Z,3.8775,1,SYNTH
2026-03-12 19:08:41.204Z,3.8797,1,SYNTH
2026-03-12 19:08:42.020Z,3.8783,1,SYNTH
2026-03-12 19:08:43.807Z,3.8807,1,SYNTH
2026-03-12 19:08:44.158Z,3.8811,1,SYNTH
2026-03-12 19:08:45.417Z,3.8814,1,SYNTH
2026-03-12 19:08:46.350Z,3.8819,1,SYNTH
2026-03-12 19:08:47.892Z,3.8788,1,SYNTH
2026-03-12 19:08:48.279Z,3.8822,1,SYNTH
2026-03-12 19:08:49.187Z,3.8776,1,SYNTH
2026-03-12 19:08:50.048Z,3.8817,1,SYNTH
2026-03-12 19:08:51.788Z,3.8788,1,SYNTH
2026-03-12 19:08:52.677Z,3.8825,1,SYNTH
2026-03-12 19:08:53.480Z,3.8791,1,SYNTH
2026-03-12 19:08:54.354Z,3.8782,1,SYNTH
2026-03-12 19:08:55.006Z,3.8813,1,SYNTH
2026-03-12 19:08:56.189Z,3.8817,1,SYNTH
2026-03-12 19:08:57.101Z,3.8786,1,SYNTH
2026-03-12 19:08:58.659Z,3.8814,1,SYNTH
2026-03-12 19:08:59.526Z,3.8778,1,SYNTH
2026-03-12 19:09:00.294Z,3.8791,1,SYNTH
2026-03-12 19:09:01.024Z,3.8816,1,SYNTH
2026-03-12 19:09:02.665Z,3.8785,1,SYNTH
2026-03-12 19:09:03.593Z,3.8819,1,SYNTH
2026-03-12 19:09:04.623Z,3.8800,1,SYNTH
2026-03-12 19:09:05.884Z,3.8790,1,SYNTH
2026-03-12 19:09:06.687Z,3.8815,1,SYNTH
2026-03-12 19:09:07.195Z,3.8797,1,SYNTH
2026-03-12 19:09:08.697Z,3.8821,1,SYNTH
2026-03-12 19:09:09.045Z,3.8812,1,SYNTH
2026-03-12 19:09:10.375Z,3.8784,1,SYNTH
2026-03-12 19:09:11.448Z,3.8816,1,SYNTH
2026-03-12 19:09:12.383Z,3.8815,1,SYNTH
2026-03-12 19:09:13.707Z,3.8779,1,SYNTH
2026-03-12 19:09:14.604Z,3.8828,1,SYNTH
2026-03-12 19:09:15.731Z,3.8800,1,SYNTH
2026-03-12 19:09:16.005Z,3.8780,1,SYNTH
2026-03-12 19:09:17.040Z,3.8812,1,SYNTH
2026-03-12 19:09:18.860Z,3.8815,1,SYNTH
2026-03-12 19:09:19.259Z,3.8780,1,SYNTH
2026-03-12 19:09:20.087Z,3.8815,1,SYNTH
2026-03-12 19:09:21.269Z,3.8792,1,SYNTH
2026-03-12 19:09:22.740Z,3.8790,1,SYNTH
2026-03-12 19:09:23.547Z,3.8811,1,SYNTH
2026-03-12 19:09:24.043Z,3.8807,1,SYNTH
2026-03-12 19:08:25.062Z,3.8808,1,SYNTH
2026-03-12 19:08:26.019Z,3.8826,1,SYNTH
2026-03-12 19:08:27.180Z,3.8793,1,SYNTH
2026-03-12 19:08:28.438Z,3.8779,1,SYNTH
2026-03-12 19:08:29.059Z,3.8820,1,SYNTH
2026-03-12 19:08:30.322Z,3.8788,1,SYNTH
2026-03-12 19:08:31.090Z,3.8807,1,SYNTH
2026-03-12 19:08:32.893Z,3.8803,1,SYNTH
2026-03-12 19:08:33.631Z,3.8820,1,SYNTH
2026-03-12 19:08:34.747Z,3.8777,1,SYNTH
2026-03-12 19:08:35.448Z,3.8818,1,SYNTH
2026-03-12 19:08:36.045Z,3.8774,1,SYNTH
2026-03-12 19:08:37.762Z,3.8811,1,SYNTH
2026-03-12 19:08:38.092Z,3.8806,1,SYNTH
2026-03-12 19:08:39.820Z,3.8818,1,SYNTH
2026-03-12 19:08:40.264Z,3.8782,1,SYNTH
2026-03-12 19:08:41.361Z,3.8804,1,SYNTH
2026-03-12 19:08:42.836Z,3.8774,1,SYNTH
2026-03-12 19:08:43.534Z,3.8799,1,SYNTH
2026-03-12 19:08:44.439Z,3.8819,1,SYNTH
2026-03-12 19:08:45.670Z,3.8786,1,SYNTH
2026-03-12 19:08:46.073Z,3.8811,1,SYNTH
2026-03-12 19:08:47.654Z,3.8798,1,SYNTH
2026-03-12 19:08:48.678Z,3.8790,1,SYNTH
2026-03-12 19:08:49.191Z,3.8814,1,SYNTH
2026-03-12 19:08:50.810Z,3.8806,1,SYNTH
2026-03-12 19:08:51.240Z,3.8813,1,SYNTH
2026-03-12 19:08:52.174Z,3.8771,1,SYNTH
2026-03-12 19:08:53.205Z,3.8812,1,SYNTH
2026-03-12 19:08:54.173Z,3.8786,1,SYNTH
2026-03-12 19:08:55.105Z,3.8783,1,SYNTH
2026-03-12 19:08:56.319Z,3.8816,1,SYNTH
2026-03-12 19:08:57.434Z,3.8796,1,SYNTH
2026-03-12 19:08:58.404Z,3.8811,1,SYNTH
2026-03-12 19:08:59.182Z,3.8795,1,SYNTH
2026-03-12 19:09:00.524Z,3.8788,1,SYNTH
2026-03-12 19:09:01.367Z,3.8801,1,SYNTH
2026-03-12 19:09:02.397Z,3.8802,1,SYNTH
2026-03-12 19:09:03.144Z,3.8787,1,SYNTH
2026-03-12 19:09:04.594Z,3.8815,1,SYNTH
2026-03-12 19:09:05.436Z,3.8810,1,SYNTH
2026-03-12 19:09:06.770Z,3.8787,1,SYNTH
2026-03-12 19:09:07.568Z,3.8828,1,SYNTH
2026-03-12 19:09:08.355Z,3.8787,1,SYNTH
2026-03-12 19:09:09.599Z,3.8781,1,SYNTH
2026-03-12 19:09:10.651Z,3.8796,1,SYNTH
2026-03-12 19:09:11.321Z,3.8801,1,SYNTH
2026-03-12 19:09:12.774Z,3.8802,1,SYNTH
2026-03-12 19:09:13.485Z,3.8785,1,SYNTH
2026-03-12 19:09:14.804Z,3.8811,1,SYNTH
2026-03-12 19:09:15.495Z,3.8777,1,SYNTH
2026-03-12 19:09:16.073Z,3.8800,1,SYNTH
2026-03-12 19:09:17.783Z,3.8815,1,SYNTH
2026-03-12 19:09:18.662Z,3.8776,1,SYNTH
2026-03-12 19:09:19.806Z,3.8812,1,SYNTH
2026-03-12 19:09:20.763Z,3.8804,1,SYNTH
2026-03-12 19:09:21.166Z,3.8781,1,SYNTH
2026-03-12 19:09:22.018Z,3.8805,1,SYNTH
2026-03-12 19:09:23.853Z,3.8812,1,SYNTH
2026-03-12 19:09:24.578Z,3.8793,1,SYNTH
2026-03-12 19:08:25.341Z,3.9005,1,SYNTH
2026-03-12 19:08:26.050Z,3.9013,1,SYNTH
2026-03-12 19:08:27.715Z,3.8976,1,SYNTH
2026-03-12 19:08:28.852Z,3.8970,1,SYNTH
2026-03-12 19:08:29.715Z,3.8943,1,SYNTH
2026-03-12 19:08:30.743Z,3.8916,1,SYNTH
2026-03-12 19:08:31.776Z,3.8885,1,SYNTH
2026-03-12 19:08:32.311Z,3.8853,1,SYNTH
2026-03-12 19:08:33.415Z,3.8830,1,SYNTH
2026-03-12 19:08:34.184Z,3.8827,1,SYNTH
2026-03-12 19:08:35.309Z,3.8801,1,SYNTH
2026-03-12 19:08:36.474Z,3.8791,1,SYNTH
2026-03-12 19:08:37.171Z,3.8788,1,SYNTH
2026-03-12 19:08:38.567Z,3.8808,1,SYNTH
2026-03-12 19:08:39.681Z,3.8840,1,SYNTH
2026-03-12 19:08:40.078Z,3.8840,1,SYNTH
2026-03-12 19:08:41.420Z,3.8861,1,SYNTH
2026-03-12 19:08:42.797Z,3.8874,1,SYNTH
2026-03-12 19:08:43.797Z,3.8902,1,SYNTH
2026-03-12 19:08:44.712Z,3.8896,1,SYNTH
2026-03-12 19:08:45.097Z,3.8898,1,SYNTH
2026-03-12 19:08:46.685Z,3.8902,1,SYNTH
2026-03-12 19:08:47.285Z,3.8881,1,SYNTH
2026-03-12 19:08:48.467Z,3.8903,1,SYNTH
2026-03-12 19:08:49.440Z,3.8915,1,SYNTH
2026-03-12 19:08:50.105Z,3.8926,1,SYNTH
2026-03-12 19:08:51.118Z,3.8917,1,SYNTH
2026-03-12 19:08:52.043Z,3.8934,1,SYNTH
2026-03-12 19:08:53.384Z,3.8946,1,SYNTH
2026-03-12 19:08:54.557Z,3.8963,1,SYNTH
2026-03-12 19:08:55.515Z,3.8962,1,SYNTH
2026-03-12 19:08:56.056Z,3.8983,1,SYNTH
2026-03-12 19:08:57.678Z,3.8982,1,SYNTH
2026-03-12 19:08:58.745Z,3.8994,1,SYNTH
2026-03-12 19:08:59.357Z,3.8993,1,SYNTH
2026-03-12 19:09:00.403Z,3.8984,1,SYNTH
2026-03-12 19:09:01.180Z,3.9000,1,SYNTH
2026-03-12 19:09:02.013Z,3.9006,1,SYNTH
2026-03-12 19:09:03.863Z,3.8989,1,SYNTH
2026-03-12 19:09:04.023Z,3.8999,1,SYNTH
2026-03-12 19:09:05.268Z,3.8973,1,SYNTH
2026-03-12 19:09:06.517Z,3.9017,1,SYNTH
2026-03-12 19:09:07.256Z,3.9016,1,SYNTH
2026-03-12 19:09:08.622Z,3.8981,1,SYNTH
2026-03-12 19:09:09.381Z,3.9020,1,SYNTH
2026-03-12 19:09:10.371Z,3.9013,1,SYNTH
2026-03-12 19:09:11.487Z,3.8998,1,SYNTH
2026-03-12 19:09:12.756Z,3.8987,1,SYNTH
2026-03-12 19:09:13.534Z,3.9022,1,SYNTH
2026-03-12 19:09:14.200Z,3.8986,1,SYNTH
2026-03-12 19:09:15.150Z,3.9017,1,SYNTH
2026-03-12 19:09:16.373Z,3.8983,1,SYNTH
2026-03-12 19:09:17.121Z,3.9009,1,SYNTH
2026-03-12 19:09:18.599Z,3.8984,1,SYNTH
2026-03-12 19:09:19.099Z,3.9011,1,SYNTH
2026-03-12 19:09:20.890Z,3.9014,1,SYNTH
2026-03-12 19:09:21.065Z,3.9006,1,SYNTH
2026-03-12 19:09:22.221Z,3.8978,1,SYNTH
2026-03-12 19:09:23.038Z,3.9001,1,SYNTH
2026-03-12 19:09:24.341Z,3.9003,1,SYNTH
2026-03-12 19:08:25.639Z,3.9308,1,SYNTH
2026-03-12 19:08:26.070Z,3.9278,1,SYNTH
2026-03-12 19:08:27.760Z,3.9319,1,SYNTH
2026-03-12 19:08:28.243Z,3.9260,1,SYNTH
2026-03-12 19:08:29.678Z,3.9253,1,SYNTH
2026-03-12 19:08:30.052Z,3.9261,1,SYNTH
2026-03-12 19:08:31.681Z,3.9221,1,SYNTH
2026-03-12 19:08:32.876Z,3.9226,1,SYNTH
2026-03-12 19:08:33.163Z,3.9217,1,SYNTH
2026-03-12 19:08:34.150Z,3.9207,1,SYNTH
2026-03-12 19:08:35.255Z,3.9198,1,SYNTH
2026-03-12 19:08:36.706Z,3.9218,1,SYNTH
2026-03-12 19:08:37.604Z,3.9187,1,SYNTH
2026-03-12 19:08:38.025Z,3.9221,1,SYNTH
2026-03-12 19:08:39.714Z,3.9197,1,SYNTH
2026-03-12 19:08:40.116Z,3.9216,1,SYNTH
2026-03-12 19:08:41.022Z,3.9238,1,SYNTH
2026-03-12 19:08:42.438Z,3.9240,1,SYNTH
2026-03-12 19:08:43.136Z,3.9214,1,SYNTH
2026-03-12 19:08:44.017Z,3.9244,1,SYNTH
2026-03-12 19:08:45.868Z,3.9227,1,SYNTH
2026-03-12 19:08:46.448Z,3.9246,1,SYNTH
2026-03-12 19:08:47.147Z,3.9224,1,SYNTH
2026-03-12 19:08:48.740Z,3.9258,1,SYNTH
2026-03-12 19:08:49.569Z,3.9262,1,SYNTH
2026-03-12 19:08:50.342Z,3.9241,1,SYNTH
2026-03-12 19:08:51.815Z,3.9248,1,SYNTH
2026-03-12 19:08:52.719Z,3.9259,1,SYNTH
2026-03-12 19:08:53.676Z,3.9238,1,SYNTH
2026-03-12 19:08:54.038Z,3.9281,1,SYNTH
2026-03-12 19:08:55.894Z,3.9282,1,SYNTH
2026-03-12 19:08:56.218Z,3.9286,1,SYNTH
2026-03-12 19:08:57.425Z,3.9290,1,SYNTH
2026-03-12 19:08:58.397Z,3.9308,1,SYNTH
2026-03-12 19:08:59.484Z,3.9299,1,SYNTH
2026-03-12 19:09:00.568Z,3.9314,1,SYNTH
2026-03-12 19:09:01.188Z,3.9290,1,SYNTH
2026-03-12 19:09:02.412Z,3.9326,1,SYNTH
2026-03-12 19:09:03.805Z,3.9283,1,SYNTH
2026-03-12 19:09:04.270Z,3.9319,1,SYNTH
2026-03-12 19:09:05.738Z,3.9291,1,SYNTH
2026-03-12 19:09:06.699Z,3.9273,1,SYNTH
2026-03-12 19:09:07.125Z,3.9304,1,SYNTH
2026-03-12 19:09:08.721Z,3.9301,1,SYNTH
2026-03-12 19:09:09.676Z,3.9321,1,SYNTH
2026-03-12 19:09:10.054Z,3.9290,1,SYNTH
2026-03-12 19:09:11.577Z,3.9313,1,SYNTH
2026-03-12 19:09:12.695Z,3.9308,1,SYNTH
2026-03-12 19:09:13.012Z,3.9293,1,SYNTH
2026-03-12 19:09:14.168Z,3.9314,1,SYNTH
2026-03-12 19:09:15.193Z,3.9319,1,SYNTH
2026-03-12 19:09:16.413Z,3.9277,1,SYNTH
2026-03-12 19:09:17.684Z,3.9317,1,SYNTH
2026-03-12 19:09:18.568Z,3.9287,1,SYNTH
2026-03-12 19:09:19.223Z,3.9322,1,SYNTH
2026-03-12 19:09:20.239Z,3.9318,1,SYNTH
2026-03-12 19:09:21.635Z,3.9298,1,SYNTH
2026-03-12 19:09:22.087Z,3.9284,1,SYNTH
2026-03-12 19:09:23.222Z,3.9306,1,SYNTH
2026-03-12 19:09:24.241Z,3.9303,1,SYNTH
2026-03-12 19:08:25.134Z,3.9104,1,SYNTH
2026-03-12 19:08:26.444Z,3.9118,1,SYNTH
2026-03-12 19:08:27.610Z,3.9096,1,SYNTH
2026-03-12 19:08:28.084Z,3.9077,1,SYNTH
2026-03-12 19:08:29.240Z,3.9113,1,SYNTH
2026-03-12 19:08:30.775Z,3.9081,1,SYNTH
2026-03-12 19:08:31.755Z,3.9111,1,SYNTH
2026-03-12 19:08:32.886Z,3.9085,1,SYNTH
2026-03-12 19:08:33.474Z,3.9116,1,SYNTH
2026-03-12 19:08:34.260Z,3.9091,1,SYNTH
2026-03-12 19:08:35.310Z,3.9088,1,SYNTH
2026-03-12 19:08:36.200Z,3.9103,1,SYNTH
2026-03-12 19:08:37.456Z,3.9120,1,SYNTH
2026-03-12 19:08:38.252Z,3.9086,1,SYNTH
2026-03-12 19:08:39.614Z,3.9106,1,SYNTH
2026-03-12 19:08:40.873Z,3.9109,1,SYNTH
2026-03-12 19:08:41.063Z,3.9122,1,SYNTH
2026-03-12 19:08:42.687Z,3.9080,1,SYNTH
2026-03-12 19:08:43.851Z,3.9114,1,SYNTH
2026-03-12 19:08:44.162Z,3.9075,1,SYNTH
2026-03-12 19:08:45.306Z,3.9117,1,SYNTH
2026-03-12 19:08:46.066Z,3.9076,1,SYNTH
2026-03-12 19:08:47.548Z,3.9046,1,SYNTH
2026-03-12 19:08:48.018Z,3.9036,1,SYNTH
2026-03-12 19:08:49.149Z,3.9037,1,SYNTH
2026-03-12 19:08:50.281Z,3.8996,1,SYNTH
2026-03-12 19:08:51.108Z,3.8982,1,SYNTH
2026-03-12 19:08:52.059Z,3.8973,1,SYNTH
2026-03-12 19:08:53.016Z,3.8946,1,SYNTH
2026-03-12 19:08:54.179Z,3.8927,1,SYNTH
2026-03-12 19:08:55.027Z,3.8911,1,SYNTH
2026-03-12 19:08:56.360Z,3.8877,1,SYNTH
2026-03-12 19:08:57.483Z,3.8857,1,SYNTH
2026-03-12 19:08:58.022Z,3.8833,1,SYNTH
2026-03-12 19:08:59.865Z,3.8819,1,SYNTH
2026-03-12 19:09:00.445Z,3.8806,1,SYNTH
2026-03-12 19:09:01.306Z,3.8830,1,SYNTH
2026-03-12 19:09:02.573Z,3.8797,1,SYNTH
2026-03-12 19:09:03.110Z,3.8810,1,SYNTH
2026-03-12 19:09:04.831Z,3.8817,1,SYNTH
2026-03-12 19:09:05.854Z,3.8791,1,SYNTH
2026-03-12 19:09:06.258Z,3.8817,1,SYNTH
2026-03-12 19:09:07.134Z,3.8818,1,SYNTH
2026-03-12 19:09:08.492Z,3.8844,1,SYNTH
2026-03-12 19:09:09.070Z,3.8804,1,SYNTH
2026-03-12 19:09:10.393Z,3.8842,1,SYNTH
2026-03-12 19:09:11.060Z,3.8824,1,SYNTH
2026-03-12 19:09:12.181Z,3.8808,1,SYNTH
2026-03-12 19:09:13.351Z,3.8813,1,SYNTH
2026-03-12 19:09:14.152Z,3.8812,1,SYNTH
2026-03-12 19:09:15.052Z,3.8840,1,SYNTH
2026-03-12 19:09:16.565Z,3.8795,1,SYNTH
2026-03-12 19:09:17.007Z,3.8825,1,SYNTH
2026-03-12 19:09:18.716Z,3.8799,1,SYNTH
2026-03-12 19:09:19.044Z,3.8797,1,SYNTH
2026-03-12 19:09:20.175Z,3.8825,1,SYNTH
2026-03-12 19:09:21.116Z,3.8785,1,SYNTH
2026-03-12 19:09:22.266Z,3.8773,1,SYNTH
2026-03-12 19:09:23.222Z,3.8800,1,SYNTH
2026-03-12 19:09:24.798Z,3.8816,1,SYNTH
2026-03-12 19:08:25.281Z,3.9106,1,SYNTH
2026-03-12 19:08:26.384Z,3.9089,1,SYNTH
2026-03-12 19:08:27.241Z,3.9122,1,SYNTH
2026-03-12 19:08:28.533Z,3.9087,1,SYNTH
2026-03-12 19:08:29.204Z,3.9086,1,SYNTH
2026-03-12 19:08:30.488Z,3.9113,1,SYNTH
2026-03-12 19:08:31.296Z,3.9074,1,SYNTH
2026-03-12 19:08:32.720Z,3.9098,1,SYNTH
2026-03-12 19:08:33.855Z,3.9115,1,SYNTH
2026-03-12 19:08:34.843Z,3.9071,1,SYNTH
2026-03-12 19:08:35.271Z,3.9108,1,SYNTH
2026-03-12 19:08:36.088Z,3.9090,1,SYNTH
2026-03-12 19:08:37.556Z,3.9083,1,SYNTH
2026-03-12 19:08:38.380Z,3.9110,1,SYNTH
2026-03-12 19:08:39.073Z,3.9123,1,SYNTH
2026-03-12 19:08:40.701Z,3.9090,1,SYNTH
2026-03-12 19:08:41.163Z,3.9114,1,SYNTH
2026-03-12 19:08:42.689Z,3.9090,1,SYNTH
2026-03-12 19:08:43.319Z,3.9101,1,SYNTH
2026-03-12 19:08:44.131Z,3.9120,1,SYNTH
2026-03-12 19:08:45.523Z,3.9085,1,SYNTH
2026-03-12 19:08:46.554Z,3.9100,1,SYNTH
2026-03-12 19:08:47.672Z,3.9076,1,SYNTH
2026-03-12 19:08:48.396Z,3.9067,1,SYNTH
2026-03-12 19:08:49.835Z,3.9040,1,SYNTH
2026-03-12 19:08:50.841Z,3.9024,1,SYNTH
2026-03-12 19:08:51.284Z,3.9041,1,SYNTH
2026-03-12 19:08:52.424Z,3.9012,1,SYNTH
2026-03-12 19:08:53.328Z,3.8976,1,SYNTH
2026-03-12 19:08:54.121Z,3.8962,1,SYNTH
2026-03-12 19:08:55.552Z,3.8963,1,SYNTH
2026-03-12 19:08:56.211Z,3.8968,1,SYNTH
2026-03-12 19:08:57.678Z,3.8927,1,SYNTH
2026-03-12 19:08:58.734Z,3.8911,1,SYNTH
2026-03-12 19:08:59.436Z,3.8911,1,SYNTH
2026-03-12 19:09:00.238Z,3.8905,1,SYNTH
2026-03-12 19:09:01.519Z,3.8933,1,SYNTH
2026-03-12 19:09:02.258Z,3.8893,1,SYNTH
2026-03-12 19:09:03.207Z,3.8895,1,SYNTH
2026-03-12 19:09:04.717Z,3.8904,1,SYNTH
2026-03-12 19:09:05.526Z,3.8919,1,SYNTH
2026-03-12 19:09:06.515Z,3.8894,1,SYNTH
2026-03-12 19:09:07.169Z,3.8916,1,SYNTH
2026-03-12 19:09:08.297Z,3.8914,1,SYNTH
2026-03-12 19:09:09.211Z,3.8949,1,SYNTH
2026-03-12 19:09:10.275Z,3.8920,1,SYNTH
2026-03-12 19:09:11.372Z,3.8930,1,SYNTH
2026-03-12 19:09:12.321Z,3.8912,1,SYNTH
2026-03-12 19:09:13.093Z,3.8951,1,SYNTH
2026-03-12 19:09:14.850Z,3.8925,1,SYNTH
2026-03-12 19:09:15.295Z,3.8908,1,SYNTH
2026-03-12 19:09:16.826Z,3.8930,1,SYNTH
2026-03-12 19:09:17.871Z,3.8907,1,SYNTH
2026-03-12 19:09:18.272Z,3.8924,1,SYNTH
2026-03-12 19:09:19.156Z,3.8913,1,SYNTH
2026-03-12 19:09:20.620Z,3.8897,1,SYNTH
2026-03-12 19:09:21.608Z,3.8904,1,SYNTH
2026-03-12 19:09:22.378Z,3.8913,1,SYNTH
2026-03-12 19:09:23.558Z,3.8882,1,SYNTH
2026-03-12 19:09:24.184Z,3.8910,1,SYNTH
2026-03-12 19:08:25.841Z,3.8920,1,SYNTH
2026-03-12 19:08:26.174Z,3.8890,1,SYNTH
2026-03-12 19:08:27.290Z,3.8911,1,SYNTH
2026-03-12 19:08:28.169Z,3.8890,1,SYNTH
2026-03-12 19:08:29.471Z,3.8919,1,SYNTH
2026-03-12 19:08:30.063Z,3.8882,1,SYNTH
2026-03-12 19:08:31.142Z,3.8887,1,SYNTH
2026-03-12 19:08:32.171Z,3.8912,1,SYNTH
2026-03-12 19:08:33.770Z,3.8918,1,SYNTH
2026-03-12 19:08:34.090Z,3.8876,1,SYNTH
2026-03-12 19:08:35.103Z,3.8912,1,SYNTH
2026-03-12 19:08:36.466Z,3.8923,1,SYNTH
2026-03-12 19:08:37.150Z,3.8898,1,SYNTH
2026-03-12 19:08:38.221Z,3.8884,1,SYNTH
2026-03-12 19:08:39.364Z,3.8920,1,SYNTH
2026-03-12 19:08:40.012Z,3.8889,1,SYNTH
2026-03-12 19:08:41.322Z,3.8906,1,SYNTH
2026-03-12 19:08:42.426Z,3.8912,1,SYNTH
2026-03-12 19:08:43.865Z,3.8887,1,SYNTH
2026-03-12 19:08:44.016Z,3.8914,1,SYNTH
2026-03-12 19:08:45.140Z,3.8888,1,SYNTH
2026-03-12 19:08:46.374Z,3.8914,1,SYNTH
2026-03-12 19:08:47.664Z,3.8922,1,SYNTH
2026-03-12 19:08:48.731Z,3.8894,1,SYNTH
2026-03-12 19:08:49.313Z,3.8925,1,SYNTH
2026-03-12 19:08:50.483Z,3.8941,1,SYNTH
2026-03-12 19:08:51.183Z,3.8946,1,SYNTH
2026-03-12 19:08:52.198Z,3.8965,1,SYNTH
2026-03-12 19:08:53.246Z,3.8966,1,SYNTH
2026-03-12 19:08:54.384Z,3.8949,1,SYNTH
2026-03-12 19:08:55.702Z,3.8974,1,SYNTH
2026-03-12 19:08:56.779Z,3.8982,1,SYNTH
2026-03-12 19:08:57.151Z,3.8962,1,SYNTH
2026-03-12 19:08:58.192Z,3.8996,1,SYNTH
2026-03-12 19:08:59.716Z,3.8962,1,SYNTH
2026-03-12 19:09:00.836Z,3.9005,1,SYNTH
2026-03-12 19:09:01.212Z,3.9009,1,SYNTH
2026-03-12 19:09:02.593Z,3.9023,1,SYNTH
2026-03-12 19:09:03.790Z,3.9022,1,SYNTH
2026-03-12 19:09:04.511Z,3.8989,1,SYNTH
2026-03-12 19:09:05.707Z,3.8995,1,SYNTH
2026-03-12 19:09:06.149Z,3.8968,1,SYNTH
2026-03-12 19:09:07.567Z,3.8982,1,SYNTH
2026-03-12 19:09:08.851Z,3.8972,1,SYNTH
2026-03-12 19:09:09.754Z,3.8963,1,SYNTH
2026-03-12 19:09:10.879Z,3.8991,1,SYNTH
2026-03-12 19:09:11.665Z,3.8956,1,SYNTH
2026-03-12 19:09:12.477Z,3.8958,1,SYNTH
2026-03-12 19:09:13.555Z,3.8970,1,SYNTH
2026-03-12 19:09:14.895Z,3.8982,1,SYNTH
2026-03-12 19:09:15.832Z,3.8938,1,SYNTH
2026-03-12 19:09:16.493Z,3.8969,1,SYNTH
2026-03-12 19:09:17.541Z,3.8919,1,SYNTH
2026-03-12 19:09:18.550Z,3.8942,1,SYNTH
2026-03-12 19:09:19.000Z,3.8929,1,SYNTH
2026-03-12 19:09:20.331Z,3.8898,1,SYNTH
2026-03-12 19:09:21.600Z,3.8922,1,SYNTH
2026-03-12 19:09:22.147Z,3.8896,1,SYNTH
2026-03-12 19:09:23.437Z,3.8878,1,SYNTH
2026-03-12 19:09:24.401Z,3.8911,1,SYNTH
2026-03-12 19:08:25.700Z,3.8819,2,SYNTH
2026-03-12 19:08:26.686Z,3.8804,1,SYNTH
2026-03-12 19:08:27.694Z,3.8824,2,SYNTH
2026-03-12 19:08:28.235Z,3.8837,2,SYNTH
2026-03-12 19:08:29.547Z,3.8859,2,SYNTH
2026-03-12 19:08:30.378Z,3.8882,2,SYNTH
2026-03-12 19:08:31.281Z,3.8922,1,SYNTH
2026-03-12 19:08:32.888Z,3.8925,2,SYNTH
2026-03-12 19:08:33.499Z,3.8955,1,SYNTH
2026-03-12 19:08:34.802Z,3.8973,1,SYNTH
2026-03-12 19:08:35.627Z,3.8992,2,SYNTH
2026-03-12 19:08:36.154Z,3.9002,3,SYNTH
2026-03-12 19:08:37.062Z,3.9010,5,SYNTH
2026-03-12 19:08:38.601Z,3.8977,4,SYNTH
2026-03-12 19:08:39.823Z,3.8971,1,SYNTH
2026-03-12 19:08:40.246Z,3.8951,2,SYNTH
2026-03-12 19:08:41.662Z,3.8946,2,SYNTH
2026-03-12 19:08:42.283Z,3.8932,3,SYNTH
2026-03-12 19:08:43.693Z,3.8955,2,SYNTH
2026-03-12 19:08:44.395Z,3.8932,2,SYNTH
2026-03-12 19:08:45.345Z,3.8895,1,SYNTH
2026-03-12 19:08:46.758Z,3.8893,1,SYNTH
2026-03-12 19:08:47.673Z,3.8861,1,SYNTH
2026-03-12 19:08:48.653Z,3.8807,1,SYNTH
2026-03-12 19:08:49.126Z,3.8762,2,SYNTH
2026-03-12 19:08:50.198Z,3.8728,1,SYNTH
2026-03-12 19:08:51.076Z,3.8680,1,SYNTH
2026-03-12 19:08:52.512Z,3.8623,1,SYNTH
2026-03-12 19:08:53.050Z,3.8567,1,SYNTH
2026-03-12 19:08:54.048Z,3.8506,2,SYNTH
2026-03-12 19:08:55.415Z,3.8456,1,SYNTH
2026-03-12 19:08:56.690Z,3.8393,1,SYNTH
2026-03-12 19:08:57.369Z,3.8373,1,SYNTH
2026-03-12 19:08:58.104Z,3.8307,1,SYNTH
2026-03-12 19:08:59.869Z,3.8266,2,SYNTH
2026-03-12 19:09:00.887Z,3.8246,1,SYNTH
2026-03-12 19:09:01.634Z,3.8199,1,SYNTH
2026-03-12 19:09:02.337Z,3.8185,3,SYNTH
2026-03-12 19:09:03.352Z,3.8188,3,SYNTH
2026-03-12 19:09:04.785Z,3.8216,4,SYNTH
2026-03-12 19:09:05.344Z,3.8220,5,SYNTH
2026-03-12 19:09:06.284Z,3.8232,2,SYNTH
2026-03-12 19:09:07.426Z,3.8256,1,SYNTH
2026-03-12 19:09:08.111Z,3.8271,1,SYNTH
2026-03-12 19:09:09.533Z,3.8294,1,SYNTH
2026-03-12 19:09:10.673Z,3.8304,2,SYNTH
2026-03-12 19:09:11.255Z,3.8307,2,SYNTH
2026-03-12 19:09:12.620Z,3.8329,3,SYNTH
2026-03-12 19:09:13.818Z,3.8337,1,SYNTH
2026-03-12 19:09:14.490Z,3.8365,1,SYNTH
2026-03-12 19:09:15.815Z,3.8397,2,SYNTH
2026-03-12 19:09:16.730Z,3.8446,2,SYNTH
2026-03-12 19:09:17.123Z,3.8488,1,SYNTH
2026-03-12 19:09:18.417Z,3.8546,2,SYNTH
2026-03-12 19:09:19.433Z,3.8574,2,SYNTH
2026-03-12 19:09:20.326Z,3.8611,2,SYNTH
2026-03-12 19:09:21.010Z,3.8659,3,SYNTH
2026-03-12 19:09:22.599Z,3.8676,1,SYNTH
2026-03-12 19:09:23.139Z,3.8713,1,SYNTH
2026-03-12 19:09:24.594Z,3.8681,2,SYNTH
2026-03-12 19:08:25.689Z,3.9212,1,SYNTH
2026-03-12 19:08:26.380Z,3.9215,1,SYNTH
2026-03-12 19:08:27.119Z,3.9212,1,SYNTH
2026-03-12 19:08:28.384Z,3.9191,1,SYNTH
2026-03-12 19:08:29.046Z,3.9177,1,SYNTH
2026-03-12 19:08:30.722Z,3.9175,1,SYNTH
2026-03-12 19:08:31.426Z,3.9213,1,SYNTH
2026-03-12 19:08:32.049Z,3.9192,1,SYNTH
2026-03-12 19:08:33.374Z,3.9200,1,SYNTH
2026-03-12 19:08:34.645Z,3.9183,1,SYNTH
2026-03-12 19:08:35.808Z,3.9179,1,SYNTH
2026-03-12 19:08:36.341Z,3.9216,1,SYNTH
2026-03-12 19:08:37.225Z,3.9207,1,SYNTH
2026-03-12 19:08:38.080Z,3.9183,1,SYNTH
2026-03-12 19:08:39.384Z,3.9203,1,SYNTH
2026-03-12 19:08:40.115Z,3.9214,1,SYNTH
2026-03-12 19:08:41.049Z,3.9180,1,SYNTH
2026-03-12 19:08:42.237Z,3.9220,1,SYNTH
2026-03-12 19:08:43.180Z,3.9224,1,SYNTH
2026-03-12 19:08:44.854Z,3.9186,1,SYNTH
2026-03-12 19:08:45.578Z,3.9184,1,SYNTH
2026-03-12 19:08:46.202Z,3.9158,1,SYNTH
2026-03-12 19:08:47.172Z,3.9165,1,SYNTH
2026-03-12 19:08:48.416Z,3.9157,1,SYNTH
2026-03-12 19:08:49.133Z,3.9115,1,SYNTH
2026-03-12 19:08:50.543Z,3.9094,1,SYNTH
2026-03-12 19:08:51.382Z,3.9090,1,SYNTH
2026-03-12 19:08:52.437Z,3.9060,1,SYNTH
2026-03-12 19:08:53.297Z,3.9034,1,SYNTH
2026-03-12 19:08:54.549Z,3.9014,1,SYNTH
2026-03-12 19:08:55.432Z,3.8989,1,SYNTH
2026-03-12 19:08:56.348Z,3.8978,1,SYNTH
2026-03-12 19:08:57.097Z,3.8955,1,SYNTH
2026-03-12 19:08:58.337Z,3.8937,1,SYNTH
2026-03-12 19:08:59.436Z,3.8926,1,SYNTH
2026-03-12 19:09:00.436Z,3.8919,1,SYNTH
2026-03-12 19:09:01.858Z,3.8897,1,SYNTH
2026-03-12 19:09:02.418Z,3.8883,1,SYNTH
2026-03-12 19:09:03.124Z,3.8915,1,SYNTH
2026-03-12 19:09:04.524Z,3.8908,1,SYNTH
2026-03-12 19:09:05.477Z,3.8874,1,SYNTH
2026-03-12 19:09:06.677Z,3.8919,1,SYNTH
2026-03-12 19:09:07.713Z,3.8917,1,SYNTH
2026-03-12 19:09:08.894Z,3.8931,1,SYNTH
2026-03-12 19:09:09.321Z,3.8906,1,SYNTH
2026-03-12 19:09:10.493Z,3.8945,1,SYNTH
2026-03-12 19:09:11.220Z,3.8922,1,SYNTH
2026-03-12 19:09:12.039Z,3.8944,1,SYNTH
2026-03-12 19:09:13.537Z,3.8913,1,SYNTH
2026-03-12 19:09:14.163Z,3.8945,1,SYNTH
2026-03-12 19:09:15.624Z,3.8922,1,SYNTH
2026-03-12 19:09:16.892Z,3.8906,1,SYNTH
2026-03-12 19:09:17.461Z,3.8909,1,SYNTH
2026-03-12 19:09:18.746Z,3.8924,1,SYNTH
2026-03-12 19:09:19.008Z,3.8896,1,SYNTH
2026-03-12 19:09:20.535Z,3.8932,1,SYNTH
2026-03-12 19:09:21.449Z,3.8880,1,SYNTH
2026-03-12 19:09:22.074Z,3.8926,1,SYNTH
2026-03-12 19:09:23.765Z,3.8918,1,SYNTH
2026-03-12 19:09:24.353Z,3.8893,1,SYNTH
2026-03-12 19:08:25.194Z,3.8902,1,SYNTH
2026-03-12 19:08:26.648Z,3.8910,1,SYNTH
2026-03-12 19:08:27.257Z,3.8922,1,SYNTH
2026-03-12 19:08:28.634Z,3.8884,1,SYNTH
2026-03-12 19:08:29.500Z,3.8892,1,SYNTH
2026-03-12 19:08:30.484Z,3.8910,1,SYNTH
2026-03-12 19:08:31.586Z,3.8889,1,SYNTH
2026-03-12 19:08:32.303Z,3.8902,1,SYNTH
2026-03-12 19:08:33.243Z,3.8913,1,SYNTH
2026-03-12 19:08:34.036Z,3.8916,1,SYNTH
2026-03-12 19:08:35.869Z,3.8886,1,SYNTH
2026-03-12 19:08:36.689Z,3.8921,1,SYNTH
2026-03-12 19:08:37.012Z,3.8918,1,SYNTH
2026-03-12 19:08:38.821Z,3.8895,1,SYNTH
2026-03-12 19:08:39.570Z,3.8901,1,SYNTH
2026-03-12 19:08:40.403Z,3.8922,1,SYNTH
2026-03-12 19:08:41.184Z,3.8885,1,SYNTH
2026-03-12 19:08:42.173Z,3.8920,1,SYNTH
2026-03-12 19:08:43.497Z,3.8878,1,SYNTH
2026-03-12 19:08:44.315Z,3.8912,1,SYNTH
2026-03-12 19:08:45.112Z,3.8912,1,SYNTH
2026-03-12 19:08:46.018Z,3.8891,1,SYNTH
2026-03-12 19:08:47.772Z,3.8906,1,SYNTH
2026-03-12 19:08:48.291Z,3.8906,1,SYNTH
2026-03-12 19:08:49.758Z,3.8890,1,SYNTH
2026-03-12 19:08:50.399Z,3.8918,1,SYNTH
2026-03-12 19:08:51.367Z,3.8883,1,SYNTH
2026-03-12 19:08:52.876Z,3.8901,1,SYNTH
2026-03-12 19:08:53.260Z,3.8900,1,SYNTH
2026-03-12 19:08:54.276Z,3.8891,1,SYNTH
2026-03-12 19:08:55.674Z,3.8913,1,SYNTH
2026-03-12 19:08:56.833Z,3.8912,1,SYNTH
2026-03-12 19:08:57.416Z,3.8909,1,SYNTH
2026-03-12 19:08:58.815Z,3.8907,1,SYNTH
2026-03-12 19:08:59.559Z,3.8929,1,SYNTH
2026-03-12 19:09:00.128Z,3.8891,1,SYNTH
2026-03-12 19:09:01.360Z,3.8920,1,SYNTH
2026-03-12 19:09:02.461Z,3.8893,1,SYNTH
2026-03-12 19:09:03.146Z,3.8919,1,SYNTH
2026-03-12 19:09:04.075Z,3.8912,1,SYNTH
2026-03-12 19:09:05.202Z,3.8879,1,SYNTH
2026-03-12 19:09:06.265Z,3.8920,1,SYNTH
2026-03-12 19:09:07.181Z,3.8884,1,SYNTH
2026-03-12 19:09:08.209Z,3.8896,1,SYNTH
2026-03-12 19:09:09.567Z,3.8914,1,SYNTH
2026-03-12 19:09:10.716Z,3.8927,1,SYNTH
2026-03-12 19:09:11.159Z,3.8893,1,SYNTH
2026-03-12 19:09:12.446Z,3.8889,1,SYNTH
2026-03-12 19:09:13.875Z,3.8912,1,SYNTH
2026-03-12 19:09:14.899Z,3.8886,1,SYNTH
2026-03-12 19:09:15.087Z,3.8919,1,SYNTH
2026-03-12 19:09:16.175Z,3.8897,1,SYNTH
2026-03-12 19:09:17.571Z,3.8892,1,SYNTH
2026-03-12 19:09:18.179Z,3.8889,1,SYNTH
2026-03-12 19:09:19.735Z,3.8893,1,SYNTH
2026-03-12 19:09:20.032Z,3.8905,1,SYNTH
2026-03-12 19:09:21.711Z,3.8917,1,SYNTH
2026-03-12 19:09:22.258Z,3.8879,1,SYNTH
2026-03-12 19:09:23.545Z,3.8915,1,SYNTH
2026-03-12 19:09:24.623Z,3.8904,1,SYNTH
2026-03-12 19:08:25.214Z,3.8915,1,SYNTH
2026-03-12 19:08:26.679Z,3.8870,1,SYNTH
2026-03-12 19:08:27.260Z,3.8918,1,SYNTH
2026-03-12 19:08:28.094Z,3.8893,1,SYNTH
2026-03-12 19:08:29.740Z,3.8891,1,SYNTH
2026-03-12 19:08:30.580Z,3.8896,1,SYNTH
2026-03-12 19:08:31.339Z,3.8909,1,SYNTH
2026-03-12 19:08:32.102Z,3.8906,1,SYNTH
2026-03-12 19:08:33.198Z,3.8884,1,SYNTH
2026-03-12 19:08:34.344Z,3.8914,1,SYNTH
2026-03-12 19:08:35.885Z,3.8907,1,SYNTH
2026-03-12 19:08:36.732Z,3.8904,1,SYNTH
2026-03-12 19:08:37.519Z,3.8918,1,SYNTH
2026-03-12 19:08:38.607Z,3.8919,1,SYNTH
2026-03-12 19:08:39.074Z,3.8899,1,SYNTH
2026-03-12 19:08:40.403Z,3.8918,1,SYNTH
2026-03-12 19:08:41.562Z,3.8882,1,SYNTH
2026-03-12 19:08:42.772Z,3.8892,1,SYNTH
2026-03-12 19:08:43.878Z,3.8922,1,SYNTH
2026-03-12 19:08:44.027Z,3.8903,1,SYNTH
2026-03-12 19:08:45.196Z,3.8899,1,SYNTH
2026-03-12 19:08:46.407Z,3.8898,1,SYNTH
2026-03-12 19:08:47.763Z,3.8884,1,SYNTH
2026-03-12 19:08:48.157Z,3.8913,1,SYNTH
2026-03-12 19:08:49.047Z,3.8912,1,SYNTH
2026-03-12 19:08:50.633Z,3.8884,1,SYNTH
2026-03-12 19:08:51.142Z,3.8911,1,SYNTH
2026-03-12 19:08:52.787Z,3.8891,1,SYNTH
2026-03-12 19:08:53.533Z,3.8928,1,SYNTH
2026-03-12 19:08:54.119Z,3.8890,1,SYNTH
2026-03-12 19:08:55.449Z,3.8924,1,SYNTH
2026-03-12 19:08:56.398Z,3.8879,1,SYNTH
2026-03-12 19:08:57.577Z,3.8886,1,SYNTH
2026-03-12 19:08:58.385Z,3.8916,1,SYNTH
2026-03-12 19:08:59.691Z,3.8880,1,SYNTH
2026-03-12 19:09:00.865Z,3.8908,1,SYNTH
2026-03-12 19:09:01.287Z,3.8909,1,SYNTH
2026-03-12 19:09:02.859Z,3.8898,1,SYNTH
2026-03-12 19:09:03.074Z,3.8875,1,SYNTH
2026-03-12 19:09:04.879Z,3.8904,1,SYNTH
2026-03-12 19:09:05.555Z,3.8921,1,SYNTH
2026-03-12 19:09:06.837Z,3.8926,1,SYNTH
2026-03-12 19:09:07.171Z,3.8887,1,SYNTH
2026-03-12 19:09:08.673Z,3.8913,1,SYNTH
2026-03-12 19:09:09.728Z,3.8882,1,SYNTH
2026-03-12 19:09:10.349Z,3.8908,1,SYNTH
2026-03-12 19:09:11.584Z,3.8925,1,SYNTH
2026-03-12 19:09:12.194Z,3.8892,1,SYNTH
2026-03-12 19:09:13.656Z,3.8900,1,SYNTH
2026-03-12 19:09:14.776Z,3.8880,1,SYNTH
2026-03-12 19:09:15.810Z,3.8910,1,SYNTH
2026-03-12 19:09:16.218Z,3.8909,1,SYNTH
2026-03-12 19:09:17.180Z,3.8881,1,SYNTH
2026-03-12 19:09:18.217Z,3.8913,1,SYNTH
2026-03-12 19:09:19.245Z,3.8903,1,SYNTH
2026-03-12 19:09:20.870Z,3.8921,1,SYNTH
2026-03-12 19:09:21.024Z,3.8892,1,SYNTH
2026-03-12 19:09:22.810Z,3.8891,1,SYNTH
2026-03-12 19:09:23.505Z,3.8904,1,SYNTH
2026-03-12 19:09:24.506Z,3.8889,1,SYNTH
2026-03-12 19:08:25.565Z,3.8605,1,SYNTH
2026-03-12 19:08:26.490Z,3.8586,1,SYNTH
2026-03-12 19:08:27.568Z,3.8583,1,SYNTH
2026-03-12 19:08:28.669Z,3.8610,1,SYNTH
2026-03-12 19:08:29.427Z,3.8602,1,SYNTH
2026-03-12 19:08:30.562Z,3.8592,1,SYNTH
2026-03-12 19:08:31.154Z,3.8624,1,SYNTH
2026-03-12 19:08:32.835Z,3.8618,1,SYNTH
2026-03-12 19:08:33.289Z,3.8581,1,SYNTH
2026-03-12 19:08:34.039Z,3.8604,1,SYNTH
2026-03-12 19:08:35.589Z,3.8608,1,SYNTH
2026-03-12 19:08:36.660Z,3.8589,1,SYNTH
2026-03-12 19:08:37.225Z,3.8602,1,SYNTH
2026-03-12 19:08:38.112Z,3.8615,1,SYNTH
2026-03-12 19:08:39.089Z,3.8590,1,SYNTH
2026-03-12 19:08:40.674Z,3.8612,1,SYNTH
2026-03-12 19:08:41.329Z,3.8602,1,SYNTH
2026-03-12 19:08:42.334Z,3.8583,1,SYNTH
2026-03-12 19:08:43.019Z,3.8609,1,SYNTH
2026-03-12 19:08:44.515Z,3.8585,1,SYNTH
2026-03-12 19:08:45.093Z,3.8625,1,SYNTH
2026-03-12 19:08:46.191Z,3.8623,1,SYNTH
2026-03-12 19:08:47.223Z,3.8631,1,SYNTH
2026-03-12 19:08:48.623Z,3.8668,1,SYNTH
2026-03-12 19:08:49.303Z,3.8688,1,SYNTH
2026-03-12 19:08:50.354Z,3.8683,1,SYNTH
2026-03-12 19:08:51.049Z,3.8729,1,SYNTH
2026-03-12 19:08:52.774Z,3.8746,1,SYNTH
2026-03-12 19:08:53.238Z,3.8758,1,SYNTH
2026-03-12 19:08:54.392Z,3.8793,1,SYNTH
2026-03-12 19:08:55.367Z,3.8802,1,SYNTH
2026-03-12 19:08:56.486Z,3.8815,1,SYNTH
2026-03-12 19:08:57.554Z,3.8830,1,SYNTH
2026-03-12 19:08:58.549Z,3.8852,1,SYNTH
2026-03-12 19:08:59.729Z,3.8873,1,SYNTH
2026-03-12 19:09:00.852Z,3.8885,1,SYNTH
2026-03-12 19:09:01.174Z,3.8908,1,SYNTH
2026-03-12 19:09:02.463Z,3.8900,1,SYNTH
2026-03-12 19:09:03.497Z,3.8901,1,SYNTH
2026-03-12 19:09:04.821Z,3.8904,1,SYNTH
2026-03-12 19:09:05.897Z,3.8892,1,SYNTH
2026-03-12 19:09:06.273Z,3.8901,1,SYNTH
2026-03-12 19:09:07.233Z,3.8879,1,SYNTH
2026-03-12 19:09:08.593Z,3.8868,1,SYNTH
2026-03-12 19:09:09.336Z,3.8891,1,SYNTH
2026-03-12 19:09:10.723Z,3.8861,1,SYNTH
2026-03-12 19:09:11.022Z,3.8847,1,SYNTH
2026-03-12 19:09:12.462Z,3.8849,1,SYNTH
2026-03-12 19:09:13.608Z,3.8860,1,SYNTH
2026-03-12 19:09:14.221Z,3.8884,1,SYNTH
2026-03-12 19:09:15.579Z,3.8877,1,SYNTH
2026-03-12 19:09:16.360Z,3.8850,1,SYNTH
2026-03-12 19:09:17.331Z,3.8888,1,SYNTH
2026-03-12 19:09:18.398Z,3.8868,1,SYNTH
2026-03-12 19:09:19.847Z,3.8859,1,SYNTH
2026-03-12 19:09:20.892Z,3.8893,1,SYNTH
2026-03-12 19:09:21.802Z,3.8892,1,SYNTH
2026-03-12 19:09:22.294Z,3.8913,1,SYNTH
2026-03-12 19:09:23.424Z,3.8911,1,SYNTH
2026-03-12 19:09:24.104Z,3.8891,1,SYNTH
2026-03-12 19:08:25.271Z,3.8408,1,SYNTH
2026-03-12 19:08:26.384Z,3.8381,1,SYNTH
2026-03-12 19:08:27.528Z,3.8422,1,SYNTH
2026-03-12 19:08:28.802Z,3.8374,1,SYNTH
2026-03-12 19:08:29.068Z,3.8421,1,SYNTH
2026-03-12 19:08:30.109Z,3.8376,1,SYNTH
2026-03-12 19:08:31.604Z,3.8389,1,SYNTH
2026-03-12 19:08:32.885Z,3.8398,1,SYNTH
2026-03-12 19:08:33.576Z,3.8413,1,SYNTH
2026-03-12 19:08:34.702Z,3.8390,1,SYNTH
2026-03-12 19:08:35.047Z,3.8413,1,SYNTH
2026-03-12 19:08:36.547Z,3.8391,1,SYNTH
2026-03-12 19:08:37.426Z,3.8387,1,SYNTH
2026-03-12 19:08:38.500Z,3.8427,1,SYNTH
2026-03-12 19:08:39.822Z,3.8394,1,SYNTH
2026-03-12 19:08:40.595Z,3.8429,1,SYNTH
2026-03-12 19:08:41.165Z,3.8411,1,SYNTH
2026-03-12 19:08:42.279Z,3.8392,1,SYNTH
2026-03-12 19:08:43.652Z,3.8391,1,SYNTH
2026-03-12 19:08:44.004Z,3.8407,1,SYNTH
2026-03-12 19:08:45.694Z,3.8416,1,SYNTH
2026-03-12 19:08:46.609Z,3.8414,1,SYNTH
2026-03-12 19:08:47.510Z,3.8409,1,SYNTH
2026-03-12 19:08:48.570Z,3.8383,1,SYNTH
2026-03-12 19:08:49.341Z,3.8375,1,SYNTH
2026-03-12 19:08:50.408Z,3.8409,1,SYNTH
2026-03-12 19:08:51.719Z,3.8378,1,SYNTH
2026-03-12 19:08:52.825Z,3.8417,1,SYNTH
2026-03-12 19:08:53.412Z,3.8388,1,SYNTH
2026-03-12 19:08:54.355Z,3.8401,1,SYNTH
2026-03-12 19:08:55.249Z,3.8402,1,SYNTH
2026-03-12 19:08:56.787Z,3.8411,1,SYNTH
2026-03-12 19:08:57.431Z,3.8415,1,SYNTH
2026-03-12 19:08:58.473Z,3.8408,1,SYNTH
2026-03-12 19:08:59.238Z,3.8397,1,SYNTH
2026-03-12 19:09:00.754Z,3.8395,1,SYNTH
2026-03-12 19:09:01.529Z,3.8411,1,SYNTH
2026-03-12 19:09:02.756Z,3.8394,1,SYNTH
2026-03-12 19:09:03.187Z,3.8398,1,SYNTH
2026-03-12 19:09:04.889Z,3.8377,1,SYNTH
2026-03-12 19:09:05.321Z,3.8409,1,SYNTH
2026-03-12 19:09:06.437Z,3.8384,1,SYNTH
2026-03-12 19:09:07.835Z,3.8425,1,SYNTH
2026-03-12 19:09:08.878Z,3.8394,1,SYNTH
2026-03-12 19:09:09.815Z,3.8422,1,SYNTH
2026-03-12 19:09:10.001Z,3.8420,1,SYNTH
2026-03-12 19:09:11.552Z,3.8381,1,SYNTH
2026-03-12 19:09:12.009Z,3.8408,1,SYNTH
2026-03-12 19:09:13.071Z,3.8383,1,SYNTH
2026-03-12 19:09:14.413Z,3.8425,1,SYNTH
2026-03-12 19:09:15.791Z,3.8380,1,SYNTH
2026-03-12 19:09:16.262Z,3.8425,1,SYNTH
2026-03-12 19:09:17.786Z,3.8395,1,SYNTH
2026-03-12 19:09:18.121Z,3.8424,1,SYNTH
2026-03-12 19:09:19.805Z,3.8422,1,SYNTH
2026-03-12 19:09:20.477Z,3.8386,1,SYNTH
2026-03-12 19:09:21.168Z,3.8418,1,SYNTH
2026-03-12 19:09:22.586Z,3.8380,1,SYNTH
2026-03-12 19:09:23.591Z,3.8389,1,SYNTH
2026-03-12 19:09:24.270Z,3.8405,1,SYNTH
2026-03-12 19:08:25.812Z,3.8916,1,SYNTH
2026-03-12 19:08:26.816Z,3.8889,1,SYNTH
2026-03-12 19:08:27.432Z,3.8882,1,SYNTH
2026-03-12 19:08:28.110Z,3.8878,1,SYNTH
2026-03-12 19:08:29.422Z,3.8869,1,SYNTH
2026-03-12 19:08:30.200Z,3.8842,1,SYNTH
2026-03-12 19:08:31.645Z,3.8824,1,SYNTH
2026-03-12 19:08:32.575Z,3.8829,1,SYNTH
2026-03-12 19:08:33.769Z,3.8814,1,SYNTH
2026-03-12 19:08:34.045Z,3.8811,1,SYNTH
2026-03-12 19:08:35.022Z,3.8808,1,SYNTH
2026-03-12 19:08:36.718Z,3.8790,1,SYNTH
2026-03-12 19:08:37.455Z,3.8824,1,SYNTH
2026-03-12 19:08:38.729Z,3.8789,1,SYNTH
2026-03-12 19:08:39.459Z,3.8805,1,SYNTH
2026-03-12 19:08:40.829Z,3.8834,1,SYNTH
2026-03-12 19:08:41.883Z,3.8833,1,SYNTH
2026-03-12 19:08:42.261Z,3.8812,1,SYNTH
2026-03-12 19:08:43.636Z,3.8859,1,SYNTH
2026-03-12 19:08:44.784Z,3.8828,1,SYNTH
2026-03-12 19:08:45.067Z,3.8844,1,SYNTH
2026-03-12 19:08:46.718Z,3.8831,1,SYNTH
2026-03-12 19:08:47.533Z,3.8850,1,SYNTH
2026-03-12 19:08:48.476Z,3.8854,1,SYNTH
2026-03-12 19:08:49.164Z,3.8869,1,SYNTH
2026-03-12 19:08:50.462Z,3.8830,1,SYNTH
2026-03-12 19:08:51.648Z,3.8865,1,SYNTH
2026-03-12 19:08:52.613Z,3.8870,1,SYNTH
2026-03-12 19:08:53.317Z,3.8854,1,SYNTH
2026-03-12 19:08:54.094Z,3.8882,1,SYNTH
2026-03-12 19:08:55.565Z,3.8886,1,SYNTH
2026-03-12 19:08:56.700Z,3.8868,1,SYNTH
2026-03-12 19:08:57.877Z,3.8890,1,SYNTH
2026-03-12 19:08:58.617Z,3.8885,1,SYNTH
2026-03-12 19:08:59.320Z,3.8900,1,SYNTH
2026-03-12 19:09:00.769Z,3.8879,1,SYNTH
2026-03-12 19:09:01.744Z,3.8904,1,SYNTH
2026-03-12 19:09:02.757Z,3.8916,1,SYNTH
2026-03-12 19:09:03.302Z,3.8916,1,SYNTH
2026-03-12 19:09:04.001Z,3.8930,1,SYNTH
2026-03-12 19:09:05.846Z,3.8907,1,SYNTH
2026-03-12 19:09:06.495Z,3.8887,1,SYNTH
2026-03-12 19:09:07.291Z,3.8913,1,SYNTH
2026-03-12 19:09:08.798Z,3.8911,1,SYNTH
2026-03-12 19:09:09.569Z,3.8895,1,SYNTH
2026-03-12 19:09:10.563Z,3.8881,1,SYNTH
2026-03-12 19:09:11.870Z,3.8885,1,SYNTH
2026-03-12 19:09:12.527Z,3.8915,1,SYNTH
2026-03-12 19:09:13.292Z,3.8881,1,SYNTH
2026-03-12 19:09:14.629Z,3.8914,1,SYNTH
2026-03-12 19:09:15.856Z,3.8883,1,SYNTH
2026-03-12 19:09:16.842Z,3.8912,1,SYNTH
2026-03-12 19:09:17.569Z,3.8889,1,SYNTH
2026-03-12 19:09:18.041Z,3.8877,1,SYNTH
2026-03-12 19:09:19.272Z,3.8888,1,SYNTH
2026-03-12 19:09:20.312Z,3.8917,1,SYNTH
2026-03-12 19:09:21.585Z,3.8880,1,SYNTH
2026-03-12 19:09:22.013Z,3.8917,1,SYNTH
2026-03-12 19:09:23.167Z,3.8884,1,SYNTH
2026-03-12 19:09:24.683Z,3.8906,1,SYNTH
2026-03-12 19:08:25.262Z,3.8910,1,SYNTH
2026-03-12 19:08:26.321Z,3.8909,1,SYNTH
2026-03-12 19:08:27.779Z,3.8889,1,SYNTH
2026-03-12 19:08:28.410Z,3.8918,1,SYNTH
2026-03-12 19:08:29.111Z,3.8889,1,SYNTH
2026-03-12 19:08:30.026Z,3.8922,1,SYNTH
2026-03-12 19:08:31.583Z,3.8892,1,SYNTH
2026-03-12 19:08:32.794Z,3.8873,1,SYNTH
2026-03-12 19:08:33.461Z,3.8892,1,SYNTH
2026-03-12 19:08:34.141Z,3.8923,1,SYNTH
2026-03-12 19:08:35.101Z,3.8889,1,SYNTH
2026-03-12 19:08:36.681Z,3.8916,1,SYNTH
2026-03-12 19:08:37.631Z,3.8899,1,SYNTH
2026-03-12 19:08:38.462Z,3.8894,1,SYNTH
2026-03-12 19:08:39.487Z,3.8877,1,SYNTH
2026-03-12 19:08:40.360Z,3.8912,1,SYNTH
2026-03-12 19:08:41.843Z,3.8891,1,SYNTH
2026-03-12 19:08:42.864Z,3.8881,1,SYNTH
2026-03-12 19:08:43.162Z,3.8915,1,SYNTH
2026-03-12 19:08:44.196Z,3.8890,1,SYNTH
2026-03-12 19:08:45.831Z,3.8877,1,SYNTH
2026-03-12 19:08:46.203Z,3.8869,1,SYNTH
2026-03-12 19:08:47.695Z,3.8854,1,SYNTH
2026-03-12 19:08:48.301Z,3.8834,1,SYNTH
2026-03-12 19:08:49.055Z,3.8813,1,SYNTH
2026-03-12 19:08:50.476Z,3.8777,1,SYNTH
2026-03-12 19:08:51.425Z,3.8749,1,SYNTH
2026-03-12 19:08:52.575Z,3.8710,1,SYNTH
2026-03-12 19:08:53.618Z,3.8680,1,SYNTH
2026-03-12 19:08:54.732Z,3.8654,1,SYNTH
2026-03-12 19:08:55.424Z,3.8640,1,SYNTH
2026-03-12 19:08:56.859Z,3.8621,1,SYNTH
2026-03-12 19:08:57.125Z,3.8574,1,SYNTH
2026-03-12 19:08:58.603Z,3.8569,1,SYNTH
2026-03-12 19:08:59.548Z,3.8532,1,SYNTH
2026-03-12 19:09:00.412Z,3.8529,1,SYNTH
2026-03-12 19:09:01.757Z,3.8492,1,SYNTH
2026-03-12 19:09:02.326Z,3.8491,1,SYNTH
2026-03-12 19:09:03.159Z,3.8485,1,SYNTH
2026-03-12 19:09:04.830Z,3.8491,1,SYNTH
2026-03-12 19:09:05.548Z,3.8513,1,SYNTH
2026-03-12 19:09:06.465Z,3.8533,1,SYNTH
2026-03-12 19:09:07.669Z,3.8547,1,SYNTH
2026-03-12 19:09:08.421Z,3.8557,1,SYNTH
2026-03-12 19:09:09.349Z,3.8570,1,SYNTH
2026-03-12 19:09:10.003Z,3.8535,1,SYNTH
2026-03-12 19:09:11.116Z,3.8561,1,SYNTH
2026-03-12 19:09:12.371Z,3.8545,1,SYNTH
2026-03-12 19:09:13.409Z,3.8565,1,SYNTH
2026-03-12 19:09:14.372Z,3.8544,1,SYNTH
2026-03-12 19:09:15.258Z,3.8560,1,SYNTH
2026-03-12 19:09:16.158Z,3.8527,1,SYNTH
2026-03-12 19:09:17.254Z,3.8529,1,SYNTH
2026-03-12 19:09:18.539Z,3.8544,1,SYNTH
2026-03-12 19:09:19.128Z,3.8505,1,SYNTH
2026-03-12 19:09:20.225Z,3.8492,1,SYNTH
2026-03-12 19:09:21.321Z,3.8528,1,SYNTH
2026-03-12 19:09:22.575Z,3.8486,1,SYNTH
2026-03-12 19:09:23.561Z,3.8520,1,SYNTH
2026-03-12 19:09:24.873Z,3.8480,1,SYNTH
2026-03-12 19:08:25.170Z,3.8604,1,SYNTH
2026-03-12 19:08:26.165Z,3.8586,1,SYNTH
2026-03-12 19:08:27.228Z,3.8608,1,SYNTH
2026-03-12 19:08:28.093Z,3.8577,1,SYNTH
2026-03-12 19:08:29.271Z,3.8616,1,SYNTH
2026-03-12 19:08:30.049Z,3.8588,1,SYNTH
2026-03-12 19:08:31.868Z,3.8606,1,SYNTH
2026-03-12 19:08:32.578Z,3.8574,1,SYNTH
2026-03-12 19:08:33.258Z,3.8603,1,SYNTH
2026-03-12 19:08:34.888Z,3.8616,1,SYNTH
2026-03-12 19:08:35.751Z,3.8591,1,SYNTH
2026-03-12 19:08:36.725Z,3.8583,1,SYNTH
2026-03-12 19:08:37.227Z,3.8587,1,SYNTH
2026-03-12 19:08:38.114Z,3.8613,1,SYNTH
2026-03-12 19:08:39.483Z,3.8623,1,SYNTH
2026-03-12 19:08:40.878Z,3.8586,1,SYNTH
2026-03-12 19:08:41.639Z,3.8613,1,SYNTH
2026-03-12 19:08:42.410Z,3.8610,1,SYNTH
2026-03-12 19:08:43.470Z,3.8592,1,SYNTH
2026-03-12 19:08:44.274Z,3.8611,1,SYNTH
2026-03-12 19:08:45.423Z,3.8577,1,SYNTH
2026-03-12 19:08:46.003Z,3.8618,1,SYNTH
2026-03-12 19:08:47.261Z,3.8618,1,SYNTH
2026-03-12 19:08:48.611Z,3.8583,1,SYNTH
2026-03-12 19:08:49.625Z,3.8576,1,SYNTH
2026-03-12 19:08:50.027Z,3.8611,1,SYNTH
2026-03-12 19:08:51.300Z,3.8615,1,SYNTH
2026-03-12 19:08:52.595Z,3.8598,1,SYNTH
2026-03-12 19:08:53.167Z,3.8615,1,SYNTH
2026-03-12 19:08:54.699Z,3.8587,1,SYNTH
2026-03-12 19:08:55.412Z,3.8588,1,SYNTH
2026-03-12 19:08:56.147Z,3.8572,1,SYNTH
2026-03-12 19:08:57.472Z,3.8608,1,SYNTH
2026-03-12 19:08:58.321Z,3.8590,1,SYNTH
2026-03-12 19:08:59.405Z,3.8573,1,SYNTH
2026-03-12 19:09:00.034Z,3.8605,1,SYNTH
2026-03-12 19:09:01.391Z,3.8571,1,SYNTH
2026-03-12 19:09:02.500Z,3.8604,1,SYNTH
2026-03-12 19:09:03.844Z,3.8579,1,SYNTH
2026-03-12 19:09:04.743Z,3.8596,1,SYNTH
2026-03-12 19:09:05.566Z,3.8623,1,SYNTH
2026-03-12 19:09:06.278Z,3.8585,1,SYNTH
2026-03-12 19:09:07.769Z,3.8618,1,SYNTH
2026-03-12 19:09:08.812Z,3.8620,1,SYNTH
2026-03-12 19:09:09.535Z,3.8591,1,SYNTH
2026-03-12 19:09:10.256Z,3.8601,1,SYNTH
2026-03-12 19:09:11.142Z,3.8588,1,SYNTH
2026-03-12 19:09:12.838Z,3.8623,1,SYNTH
2026-03-12 19:09:13.769Z,3.8578,1,SYNTH
2026-03-12 19:09:14.106Z,3.8607,1,SYNTH
2026-03-12 19:09:15.454Z,3.8582,1,SYNTH
2026-03-12 19:09:16.449Z,3.8611,1,SYNTH
2026-03-12 19:09:17.454Z,3.8615,1,SYNTH
2026-03-12 19:09:18.734Z,3.8620,1,SYNTH
2026-03-12 19:09:19.831Z,3.8623,1,SYNTH
2026-03-12 19:09:20.418Z,3.8599,1,SYNTH
2026-03-12 19:09:21.308Z,3.8589,1,SYNTH
2026-03-12 19:09:22.263Z,3.8578,1,SYNTH
2026-03-12 19:09:23.301Z,3.8577,1,SYNTH
2026-03-12 19:09:24.403Z,3.8609,1,SYNTH
2026-03-12 19:08:25.894Z,3.8512,1,SYNTH
2026-03-12 19:08:26.261Z,3.8513,1,SYNTH
2026-03-12 19:08:27.854Z,3.8497,1,SYNTH
2026-03-12 19:08:28.225Z,3.8475,1,SYNTH
2026-03-12 19:08:29.743Z,3.8523,1,SYNTH
2026-03-12 19:08:30.173Z,3.8500,1,SYNTH
2026-03-12 19:08:31.767Z,3.8514,1,SYNTH
2026-03-12 19:08:32.437Z,3.8475,1,SYNTH
2026-03-12 19:08:33.023Z,3.8514,1,SYNTH
2026-03-12 19:08:34.265Z,3.8491,1,SYNTH
2026-03-12 19:08:35.325Z,3.8507,1,SYNTH
2026-03-12 19:08:36.331Z,3.8488,1,SYNTH
2026-03-12 19:08:37.357Z,3.8487,1,SYNTH
2026-03-12 19:08:38.355Z,3.8478,1,SYNTH
2026-03-12 19:08:39.856Z,3.8498,1,SYNTH
2026-03-12 19:08:40.852Z,3.8515,1,SYNTH
2026-03-12 19:08:41.414Z,3.8515,1,SYNTH
2026-03-12 19:08:42.569Z,3.8475,1,SYNTH
2026-03-12 19:08:43.678Z,3.8513,1,SYNTH
2026-03-12 19:08:44.661Z,3.8530,1,SYNTH
2026-03-12 19:08:45.793Z,3.8494,1,SYNTH
2026-03-12 19:08:46.562Z,3.8505,1,SYNTH
2026-03-12 19:08:47.102Z,3.8526,1,SYNTH
2026-03-12 19:08:48.456Z,3.8518,1,SYNTH
2026-03-12 19:08:49.899Z,3.8538,1,SYNTH
2026-03-12 19:08:50.105Z,3.8536,1,SYNTH
2026-03-12 19:08:51.261Z,3.8554,1,SYNTH
2026-03-12 19:08:52.033Z,3.8539,1,SYNTH
2026-03-12 19:08:53.584Z,3.8574,1,SYNTH
2026-03-12 19:08:54.394Z,3.8565,1,SYNTH
2026-03-12 19:08:55.029Z,3.8558,1,SYNTH
2026-03-12 19:08:56.770Z,3.8582,1,SYNTH
2026-03-12 19:08:57.161Z,3.8600,1,SYNTH
2026-03-12 19:08:58.777Z,3.8608,1,SYNTH
2026-03-12 19:08:59.706Z,3.8599,1,SYNTH
2026-03-12 19:09:00.624Z,3.8597,1,SYNTH
2026-03-12 19:09:01.787Z,3.8577,1,SYNTH
2026-03-12 19:09:02.325Z,3.8615,1,SYNTH
2026-03-12 19:09:03.051Z,3.8614,1,SYNTH
2026-03-12 19:09:04.546Z,3.8610,1,SYNTH
2026-03-12 19:09:05.349Z,3.8588,1,SYNTH
2026-03-12 19:09:06.018Z,3.8578,1,SYNTH
2026-03-12 19:09:07.382Z,3.8608,1,SYNTH
2026-03-12 19:09:08.695Z,3.8575,1,SYNTH
2026-03-12 19:09:09.736Z,3.8613,1,SYNTH
2026-03-12 19:09:10.436Z,3.8582,1,SYNTH
2026-03-12 19:09:11.205Z,3.8601,1,SYNTH
2026-03-12 19:09:12.310Z,3.8568,1,SYNTH
2026-03-12 19:09:13.405Z,3.8570,1,SYNTH
2026-03-12 19:09:14.749Z,3.8620,1,SYNTH
2026-03-12 19:09:15.144Z,3.8575,1,SYNTH
2026-03-12 19:09:16.479Z,3.8564,1,SYNTH
2026-03-12 19:09:17.385Z,3.8587,1,SYNTH
2026-03-12 19:09:18.104Z,3.8595,1,SYNTH
2026-03-12 19:09:19.741Z,3.8594,1,SYNTH
2026-03-12 19:09:20.113Z,3.8603,1,SYNTH
2026-03-12 19:09:21.749Z,3.8587,1,SYNTH
2026-03-12 19:09:22.598Z,3.8575,1,SYNTH
2026-03-12 19:09:23.568Z,3.8617,1,SYNTH
2026-03-12 19:09:24.462Z,3.8606,1,SYNTH
2026-03-12 19:08:25.591Z,3.8507,1,SYNTH
2026-03-12 19:08:26.838Z,3.8511,1,SYNTH
2026-03-12 19:08:27.600Z,3.8491,1,SYNTH
2026-03-12 19:08:28.771Z,3.8521,1,SYNTH
2026-03-12 19:08:29.185Z,3.8473,1,SYNTH
2026-03-12 19:08:30.569Z,3.8489,1,SYNTH
2026-03-12 19:08:31.430Z,3.8495,1,SYNTH
2026-03-12 19:08:32.197Z,3.8495,1,SYNTH
2026-03-12 19:08:33.523Z,3.8515,1,SYNTH
2026-03-12 19:08:34.404Z,3.8502,1,SYNTH
2026-03-12 19:08:35.715Z,3.8479,1,SYNTH
2026-03-12 19:08:36.205Z,3.8515,1,SYNTH
2026-03-12 19:08:37.515Z,3.8489,1,SYNTH
2026-03-12 19:08:38.837Z,3.8507,1,SYNTH
2026-03-12 19:08:39.606Z,3.8496,1,SYNTH
2026-03-12 19:08:40.023Z,3.8506,1,SYNTH
2026-03-12 19:08:41.631Z,3.8475,1,SYNTH
2026-03-12 19:08:42.308Z,3.8514,1,SYNTH
2026-03-12 19:08:43.134Z,3.8515,1,SYNTH
2026-03-12 19:08:44.161Z,3.8483,1,SYNTH
2026-03-12 19:08:45.390Z,3.8511,1,SYNTH
2026-03-12 19:08:46.800Z,3.8472,1,SYNTH
2026-03-12 19:08:47.854Z,3.8506,1,SYNTH
2026-03-12 19:08:48.224Z,3.8489,1,SYNTH
2026-03-12 19:08:49.663Z,3.8514,1,SYNTH
2026-03-12 19:08:50.857Z,3.8492,1,SYNTH
2026-03-12 19:08:51.285Z,3.8476,1,SYNTH
2026-03-12 19:08:52.107Z,3.8505,1,SYNTH
2026-03-12 19:08:53.702Z,3.8521,1,SYNTH
2026-03-12 19:08:54.007Z,3.8486,1,SYNTH
2026-03-12 19:08:55.482Z,3.8509,1,SYNTH
2026-03-12 19:08:56.881Z,3.8482,1,SYNTH
2026-03-12 19:08:57.029Z,3.8514,1,SYNTH
2026-03-12 19:08:58.636Z,3.8492,1,SYNTH
2026-03-12 19:08:59.076Z,3.8507,1,SYNTH
2026-03-12 19:09:00.614Z,3.8518,1,SYNTH
2026-03-12 19:09:01.179Z,3.8516,1,SYNTH
2026-03-12 19:09:02.460Z,3.8490,1,SYNTH
2026-03-12 19:09:03.847Z,3.8485,1,SYNTH
2026-03-12 19:09:04.754Z,3.8480,1,SYNTH
2026-03-12 19:09:05.817Z,3.8503,1,SYNTH
2026-03-12 19:09:06.708Z,3.8487,1,SYNTH
2026-03-12 19:09:07.123Z,3.8477,1,SYNTH
2026-03-12 19:09:08.050Z,3.8497,1,SYNTH
2026-03-12 19:09:09.422Z,3.8527,1,SYNTH
2026-03-12 19:09:10.023Z,3.8525,1,SYNTH
2026-03-12 19:09:11.769Z,3.8485,1,SYNTH
2026-03-12 19:09:12.871Z,3.8515,1,SYNTH
2026-03-12 19:09:13.434Z,3.8477,1,SYNTH
2026-03-12 19:09:14.245Z,3.8477,1,SYNTH
2026-03-12 19:09:15.522Z,3.8516,1,SYNTH
2026-03-12 19:09:16.341Z,3.8476,1,SYNTH
2026-03-12 19:09:17.517Z,3.8516,1,SYNTH
2026-03-12 19:09:18.801Z,3.8515,1,SYNTH
2026-03-12 19:09:19.875Z,3.8486,1,SYNTH
2026-03-12 19:09:20.358Z,3.8505,1,SYNTH
2026-03-12 19:09:21.804Z,3.8513,1,SYNTH
2026-03-12 19:09:22.516Z,3.8486,1,SYNTH
2026-03-12 19:09:23.110Z,3.8474,1,SYNTH
2026-03-12 19:09:24.530Z,3.8503,1,SYNTH
2026-03-12 19:08:25.767Z,3.8509,1,SYNTH
2026-03-12 19:08:26.118Z,3.8481,1,SYNTH
2026-03-12 19:08:27.051Z,3.8501,1,SYNTH
2026-03-12 19:08:28.763Z,3.8526,1,SYNTH
2026-03-12 19:08:29.837Z,3.8494,1,SYNTH
2026-03-12 19:08:30.115Z,3.8517,1,SYNTH
2026-03-12 19:08:31.728Z,3.8492,1,SYNTH
2026-03-12 19:08:32.426Z,3.8498,1,SYNTH
2026-03-12 19:08:33.081Z,3.8522,1,SYNTH
2026-03-12 19:08:34.495Z,3.8516,1,SYNTH
2026-03-12 19:08:35.026Z,3.8484,1,SYNTH
2026-03-12 19:08:36.149Z,3.8504,1,SYNTH
2026-03-12 19:08:37.482Z,3.8489,1,SYNTH
2026-03-12 19:08:38.810Z,3.8490,1,SYNTH
2026-03-12 19:08:39.668Z,3.8508,1,SYNTH
2026-03-12 19:08:40.421Z,3.8516,1,SYNTH
2026-03-12 19:08:41.067Z,3.8495,1,SYNTH
2026-03-12 19:08:42.887Z,3.8489,1,SYNTH
2026-03-12 19:08:43.685Z,3.8513,1,SYNTH
2026-03-12 19:08:44.140Z,3.8507,1,SYNTH
2026-03-12 19:08:45.029Z,3.8487,1,SYNTH
2026-03-12 19:08:46.125Z,3.8475,1,SYNTH
2026-03-12 19:08:47.820Z,3.8457,1,SYNTH
2026-03-12 19:08:48.009Z,3.8491,1,SYNTH
2026-03-12 19:08:49.203Z,3.8431,1,SYNTH
2026-03-12 19:08:50.111Z,3.8437,1,SYNTH
2026-03-12 19:08:51.628Z,3.8426,1,SYNTH
2026-03-12 19:08:52.622Z,3.8394,1,SYNTH
2026-03-12 19:08:53.022Z,3.8402,1,SYNTH
2026-03-12 19:08:54.418Z,3.8369,1,SYNTH
2026-03-12 19:08:55.813Z,3.8362,1,SYNTH
2026-03-12 19:08:56.803Z,3.8348,1,SYNTH
2026-03-12 19:08:57.104Z,3.8332,1,SYNTH
2026-03-12 19:08:58.616Z,3.8328,1,SYNTH
2026-03-12 19:08:59.720Z,3.8310,1,SYNTH
2026-03-12 19:09:00.227Z,3.8333,1,SYNTH
2026-03-12 19:09:01.862Z,3.8300,1,SYNTH
2026-03-12 19:09:02.394Z,3.8287,1,SYNTH
2026-03-12 19:09:03.209Z,3.8281,1,SYNTH
2026-03-12 19:09:04.496Z,3.8301,1,SYNTH
2026-03-12 19:09:05.355Z,3.8313,1,SYNTH
2026-03-12 19:09:06.589Z,3.8310,1,SYNTH
2026-03-12 19:09:07.426Z,3.8325,1,SYNTH
2026-03-12 19:09:08.168Z,3.8305,1,SYNTH
2026-03-12 19:09:09.468Z,3.8330,1,SYNTH
2026-03-12 19:09:10.795Z,3.8303,1,SYNTH
2026-03-12 19:09:11.690Z,3.8327,1,SYNTH
2026-03-12 19:09:12.260Z,3.8339,1,SYNTH
2026-03-12 19:09:13.080Z,3.8332,1,SYNTH
2026-03-12 19:09:14.721Z,3.8361,1,SYNTH
2026-03-12 19:09:15.384Z,3.8363,1,SYNTH
2026-03-12 19:09:16.058Z,3.8369,1,SYNTH
2026-03-12 19:09:17.814Z,3.8378,1,SYNTH
2026-03-12 19:09:18.666Z,3.8343,1,SYNTH
2026-03-12 19:09:19.836Z,3.8390,1,SYNTH
2026-03-12 19:09:20.669Z,3.8390,1,SYNTH
2026-03-12 19:09:21.055Z,3.8411,1,SYNTH
2026-03-12 19:09:22.103Z,3.8373,1,SYNTH
2026-03-12 19:09:23.016Z,3.8410,1,SYNTH
2026-03-12 19:09:24.463Z,3.8385,1,SYNTH
2026-03-12 19:08:25.064Z,3.8305,1,SYNTH
2026-03-12 19:08:26.180Z,3.8290,1,SYNTH
2026-03-12 19:08:27.403Z,3.8281,1,SYNTH
2026-03-12 19:08:28.018Z,3.8290,1,SYNTH
2026-03-12 19:08:29.599Z,3.8313,1,SYNTH
2026-03-12 19:08:30.717Z,3.8292,1,SYNTH
2026-03-12 19:08:31.228Z,3.8314,1,SYNTH
2026-03-12 19:08:32.862Z,3.8314,1,SYNTH
2026-03-12 19:08:33.089Z,3.8298,1,SYNTH
2026-03-12 19:08:34.681Z,3.8280,1,SYNTH
2026-03-12 19:08:35.637Z,3.8308,1,SYNTH
2026-03-12 19:08:36.803Z,3.8314,1,SYNTH
2026-03-12 19:08:37.542Z,3.8312,1,SYNTH
2026-03-12 19:08:38.469Z,3.8317,1,SYNTH
2026-03-12 19:08:39.739Z,3.8296,1,SYNTH
2026-03-12 19:08:40.704Z,3.8292,1,SYNTH
2026-03-12 19:08:41.137Z,3.8314,1,SYNTH
2026-03-12 19:08:42.588Z,3.8302,1,SYNTH
2026-03-12 19:08:43.518Z,3.8293,1,SYNTH
2026-03-12 19:08:44.737Z,3.8309,1,SYNTH
2026-03-12 19:08:45.489Z,3.8280,1,SYNTH
2026-03-12 19:08:46.190Z,3.8269,1,SYNTH
2026-03-12 19:08:47.437Z,3.8258,1,SYNTH
2026-03-12 19:08:48.455Z,3.8258,1,SYNTH
2026-03-12 19:08:49.353Z,3.8261,1,SYNTH
2026-03-12 19:08:50.205Z,3.8231,1,SYNTH
2026-03-12 19:08:51.149Z,3.8204,1,SYNTH
2026-03-12 19:08:52.803Z,3.8188,1,SYNTH
2026-03-12 19:08:53.557Z,3.8216,1,SYNTH
2026-03-12 19:08:54.438Z,3.8164,1,SYNTH
2026-03-12 19:08:55.548Z,3.8164,1,SYNTH
2026-03-12 19:08:56.878Z,3.8144,1,SYNTH
2026-03-12 19:08:57.889Z,3.8137,1,SYNTH
2026-03-12 19:08:58.785Z,3.8117,1,SYNTH
2026-03-12 19:08:59.055Z,3.8129,1,SYNTH
2026-03-12 19:09:00.502Z,3.8106,1,SYNTH
2026-03-12 19:09:01.101Z,3.8094,1,SYNTH
2026-03-12 19:09:02.399Z,3.8089,1,SYNTH
2026-03-12 19:09:03.490Z,3.8079,1,SYNTH
2026-03-12 19:09:04.438Z,3.8087,1,SYNTH
2026-03-12 19:09:05.757Z,3.8113,1,SYNTH
2026-03-12 19:09:06.416Z,3.8094,1,SYNTH
2026-03-12 19:09:07.127Z,3.8133,1,SYNTH
2026-03-12 19:09:08.887Z,3.8136,1,SYNTH
2026-03-12 19:09:09.294Z,3.8146,1,SYNTH
2026-03-12 19:09:10.304Z,3.8140,1,SYNTH
2026-03-12 19:09:11.222Z,3.8113,1,SYNTH
2026-03-12 19:09:12.518Z,3.8142,1,SYNTH
2026-03-12 19:09:13.463Z,3.8098,1,SYNTH
2026-03-12 19:09:14.034Z,3.8124,1,SYNTH
2026-03-12 19:09:15.796Z,3.8102,1,SYNTH
2026-03-12 19:09:16.381Z,3.8144,1,SYNTH
2026-03-12 19:09:17.255Z,3.8103,1,SYNTH
2026-03-12 19:09:18.123Z,3.8104,1,SYNTH
2026-03-12 19:09:19.279Z,3.8089,1,SYNTH
2026-03-12 19:09:20.151Z,3.8093,1,SYNTH
2026-03-12 19:09:21.747Z,3.8112,1,SYNTH
2026-03-12 19:09:22.820Z,3.8108,1,SYNTH
2026-03-12 19:09:23.491Z,3.8087,1,SYNTH
2026-03-12 19:09:24.293Z,3.8118,1,SYNTH
2026-03-12 19:08:25.798Z,3.8316,1,SYNTH
2026-03-12 19:08:26.088Z,3.8324,1,SYNTH
2026-03-12 19:08:27.460Z,3.8312,1,SYNTH
2026-03-12 19:08:28.284Z,3.8320,1,SYNTH
2026-03-12 19:08:29.525Z,3.8305,1,SYNTH
2026-03-12 19:08:30.470Z,3.8324,1,SYNTH
2026-03-12 19:08:31.692Z,3.8305,1,SYNTH
2026-03-12 19:08:32.342Z,3.8286,1,SYNTH
2026-03-12 19:08:33.363Z,3.8277,1,SYNTH
2026-03-12 19:08:34.676Z,3.8314,1,SYNTH
2026-03-12 19:08:35.047Z,3.8319,1,SYNTH
2026-03-12 19:08:36.455Z,3.8282,1,SYNTH
2026-03-12 19:08:37.135Z,3.8313,1,SYNTH
2026-03-12 19:08:38.774Z,3.8297,1,SYNTH
2026-03-12 19:08:39.610Z,3.8306,1,SYNTH
2026-03-12 19:08:40.329Z,3.8279,1,SYNTH
2026-03-12 19:08:41.786Z,3.8289,1,SYNTH
2026-03-12 19:08:42.284Z,3.8303,1,SYNTH
2026-03-12 19:08:43.216Z,3.8310,1,SYNTH
2026-03-12 19:08:44.435Z,3.8310,1,SYNTH
2026-03-12 19:08:45.818Z,3.8306,1,SYNTH
2026-03-12 19:08:46.198Z,3.8311,1,SYNTH
2026-03-12 19:08:47.566Z,3.8294,1,SYNTH
2026-03-12 19:08:48.275Z,3.8292,1,SYNTH
2026-03-12 19:08:49.147Z,3.8316,1,SYNTH
2026-03-12 19:08:50.437Z,3.8286,1,SYNTH
2026-03-12 19:08:51.371Z,3.8315,1,SYNTH
2026-03-12 19:08:52.160Z,3.8322,1,SYNTH
2026-03-12 19:08:53.729Z,3.8303,1,SYNTH
2026-03-12 19:08:54.890Z,3.8276,1,SYNTH
2026-03-12 19:08:55.772Z,3.8314,1,SYNTH
2026-03-12 19:08:56.243Z,3.8300,1,SYNTH
2026-03-12 19:08:57.349Z,3.8290,1,SYNTH
2026-03-12 19:08:58.691Z,3.8307,1,SYNTH
2026-03-12 19:08:59.304Z,3.8305,1,SYNTH
2026-03-12 19:09:00.322Z,3.8321,1,SYNTH
2026-03-12 19:09:01.871Z,3.8304,1,SYNTH
2026-03-12 19:09:02.378Z,3.8307,1,SYNTH
2026-03-12 19:09:03.147Z,3.8279,1,SYNTH
2026-03-12 19:09:04.306Z,3.8310,1,SYNTH
2026-03-12 19:09:05.078Z,3.8292,1,SYNTH
2026-03-12 19:09:06.005Z,3.8321,1,SYNTH
2026-03-12 19:09:07.378Z,3.8289,1,SYNTH
2026-03-12 19:09:08.464Z,3.8301,1,SYNTH
2026-03-12 19:09:09.284Z,3.8274,1,SYNTH
2026-03-12 19:09:10.478Z,3.8307,1,SYNTH
2026-03-12 19:09:11.839Z,3.8314,1,SYNTH
2026-03-12 19:09:12.721Z,3.8293,1,SYNTH
2026-03-12 19:09:13.297Z,3.8318,1,SYNTH
2026-03-12 19:09:14.623Z,3.8289,1,SYNTH
2026-03-12 19:09:15.374Z,3.8313,1,SYNTH
2026-03-12 19:09:16.774Z,3.8311,1,SYNTH
2026-03-12 19:09:17.100Z,3.8299,1,SYNTH
2026-03-12 19:09:18.619Z,3.8290,1,SYNTH
2026-03-12 19:09:19.804Z,3.8323,1,SYNTH
2026-03-12 19:09:20.295Z,3.8283,1,SYNTH
2026-03-12 19:09:21.049Z,3.8315,1,SYNTH
2026-03-12 19:09:22.565Z,3.8295,1,SYNTH
2026-03-12 19:09:23.844Z,3.8290,1,SYNTH
2026-03-12 19:09:24.751Z,3.8319,1,SYNTH
2026-03-12 19:08:25.109Z,3.8216,1,SYNTH
2026-03-12 19:08:26.696Z,3.8213,1,SYNTH
2026-03-12 19:08:27.117Z,3.8216,1,SYNTH
2026-03-12 19:08:28.562Z,3.8187,1,SYNTH
2026-03-12 19:08:29.687Z,3.8199,1,SYNTH
2026-03-12 19:08:30.331Z,3.8195,1,SYNTH
2026-03-12 19:08:31.507Z,3.8189,1,SYNTH
2026-03-12 19:08:32.844Z,3.8213,1,SYNTH
2026-03-12 19:08:33.461Z,3.8220,1,SYNTH
2026-03-12 19:08:34.774Z,3.8224,1,SYNTH
2026-03-12 19:08:35.627Z,3.8194,1,SYNTH
2026-03-12 19:08:36.042Z,3.8214,1,SYNTH
2026-03-12 19:08:37.247Z,3.8178,1,SYNTH
2026-03-12 19:08:38.490Z,3.8183,1,SYNTH
2026-03-12 19:08:39.198Z,3.8209,1,SYNTH
2026-03-12 19:08:40.161Z,3.8208,1,SYNTH
2026-03-12 19:08:41.765Z,3.8184,1,SYNTH
2026-03-12 19:08:42.401Z,3.8192,1,SYNTH
2026-03-12 19:08:43.649Z,3.8185,1,SYNTH
2026-03-12 19:08:44.527Z,3.8180,1,SYNTH
2026-03-12 19:08:45.804Z,3.8212,1,SYNTH
2026-03-12 19:08:46.289Z,3.8178,1,SYNTH
2026-03-12 19:08:47.568Z,3.8161,1,SYNTH
2026-03-12 19:08:48.725Z,3.8186,1,SYNTH
2026-03-12 19:08:49.144Z,3.8151,1,SYNTH
2026-03-12 19:08:50.757Z,3.8147,1,SYNTH
2026-03-12 19:08:51.693Z,3.8105,1,SYNTH
2026-03-12 19:08:52.232Z,3.8103,1,SYNTH
2026-03-12 19:08:53.694Z,3.8075,1,SYNTH
2026-03-12 19:08:54.053Z,3.8070,1,SYNTH
2026-03-12 19:08:55.827Z,3.8045,1,SYNTH
2026-03-12 19:08:56.043Z,3.8048,1,SYNTH
2026-03-12 19:08:57.147Z,3.8029,1,SYNTH
2026-03-12 19:08:58.895Z,3.8014,1,SYNTH
2026-03-12 19:08:59.565Z,3.8023,1,SYNTH
2026-03-12 19:09:00.332Z,3.8010,1,SYNTH
2026-03-12 19:09:01.181Z,3.7980,1,SYNTH
2026-03-12 19:09:02.688Z,3.8005,1,SYNTH
2026-03-12 19:09:03.853Z,3.7984,1,SYNTH
2026-03-12 19:09:04.226Z,3.8011,1,SYNTH
2026-03-12 19:09:05.067Z,3.8010,1,SYNTH
2026-03-12 19:09:06.281Z,3.8002,1,SYNTH
2026-03-12 19:09:07.676Z,3.7999,1,SYNTH
2026-03-12 19:09:08.613Z,3.8032,1,SYNTH
2026-03-12 19:09:09.315Z,3.8030,1,SYNTH
2026-03-12 19:09:10.670Z,3.8036,1,SYNTH
2026-03-12 19:09:11.003Z,3.8045,1,SYNTH
2026-03-12 19:09:12.240Z,3.8046,1,SYNTH
2026-03-12 19:09:13.136Z,3.8012,1,SYNTH
2026-03-12 19:09:14.628Z,3.8020,1,SYNTH
2026-03-12 19:09:15.172Z,3.8037,1,SYNTH
2026-03-12 19:09:16.446Z,3.8029,1,SYNTH
2026-03-12 19:09:17.340Z,3.8013,1,SYNTH
2026-03-12 19:09:18.351Z,3.7992,1,SYNTH
2026-03-12 19:09:19.425Z,3.8018,1,SYNTH
2026-03-12 19:09:20.618Z,3.8024,1,SYNTH
2026-03-12 19:09:21.240Z,3.7992,1,SYNTH
2026-03-12 19:09:22.477Z,3.8015,1,SYNTH
2026-03-12 19:09:23.089Z,3.7984,1,SYNTH
2026-03-12 19:09:24.744Z,3.8019,1,SYNTH
2026-03-12 19:08:25.456Z,3.8302,1,SYNTH
2026-03-12 19:08:26.244Z,3.8313,1,SYNTH
2026-03-12 19:08:27.220Z,3.8292,1,SYNTH
2026-03-12 19:08:28.122Z,3.8286,1,SYNTH
2026-03-12 19:08:29.214Z,3.8287,1,SYNTH
2026-03-12 19:08:30.556Z,3.8301,1,SYNTH
2026-03-12 19:08:31.304Z,3.8324,1,SYNTH
2026-03-12 19:08:32.452Z,3.8285,1,SYNTH
2026-03-12 19:08:33.684Z,3.8313,1,SYNTH
2026-03-12 19:08:34.217Z,3.8283,1,SYNTH
2026-03-12 19:08:35.883Z,3.8320,1,SYNTH
2026-03-12 19:08:36.617Z,3.8286,1,SYNTH
2026-03-12 19:08:37.664Z,3.8326,1,SYNTH
2026-03-12 19:08:38.609Z,3.8283,1,SYNTH
2026-03-12 19:08:39.727Z,3.8295,1,SYNTH
2026-03-12 19:08:40.052Z,3.8282,1,SYNTH
2026-03-12 19:08:41.713Z,3.8301,1,SYNTH
2026-03-12 19:08:42.347Z,3.8276,1,SYNTH
2026-03-12 19:08:43.420Z,3.8316,1,SYNTH
2026-03-12 19:08:44.454Z,3.8319,1,SYNTH
2026-03-12 19:08:45.074Z,3.8284,1,SYNTH
2026-03-12 19:08:46.605Z,3.8309,1,SYNTH
2026-03-12 19:08:47.051Z,3.8280,1,SYNTH
2026-03-12 19:08:48.708Z,3.8267,1,SYNTH
2026-03-12 19:08:49.289Z,3.8298,1,SYNTH
2026-03-12 19:08:50.155Z,3.8249,1,SYNTH
2026-03-12 19:08:51.881Z,3.8272,1,SYNTH
2026-03-12 19:08:52.647Z,3.8273,1,SYNTH
2026-03-12 19:08:53.150Z,3.8233,1,SYNTH
2026-03-12 19:08:54.394Z,3.8226,1,SYNTH
2026-03-12 19:08:55.715Z,3.8214,1,SYNTH
2026-03-12 19:08:56.316Z,3.8201,1,SYNTH
2026-03-12 19:08:57.069Z,3.8237,1,SYNTH
2026-03-12 19:08:58.212Z,3.8215,1,SYNTH
2026-03-12 19:08:59.463Z,3.8224,1,SYNTH
2026-03-12 19:09:00.145Z,3.8201,1,SYNTH
2026-03-12 19:09:01.748Z,3.8185,1,SYNTH
2026-03-12 19:09:02.709Z,3.8196,1,SYNTH
2026-03-12 19:09:03.697Z,3.8206,1,SYNTH
2026-03-12 19:09:04.299Z,3.8216,1,SYNTH
2026-03-12 19:09:05.453Z,3.8221,1,SYNTH
2026-03-12 19:09:06.025Z,3.8214,1,SYNTH
2026-03-12 19:09:07.764Z,3.8187,1,SYNTH
2026-03-12 19:09:08.259Z,3.8223,1,SYNTH
2026-03-12 19:09:09.838Z,3.8191,1,SYNTH
2026-03-12 19:09:10.101Z,3.8239,1,SYNTH
2026-03-12 19:09:11.093Z,3.8204,1,SYNTH
2026-03-12 19:09:12.890Z,3.8230,1,SYNTH
2026-03-12 19:09:13.448Z,3.8195,1,SYNTH
2026-03-12 19:09:14.737Z,3.8222,1,SYNTH
2026-03-12 19:09:15.207Z,3.8210,1,SYNTH
2026-03-12 19:09:16.201Z,3.8195,1,SYNTH
2026-03-12 19:09:17.267Z,3.8209,1,SYNTH
2026-03-12 19:09:18.580Z,3.8182,1,SYNTH
2026-03-12 19:09:19.726Z,3.8203,1,SYNTH
2026-03-12 19:09:20.240Z,3.8207,1,SYNTH
2026-03-12 19:09:21.723Z,3.8219,1,SYNTH
2026-03-12 19:09:22.162Z,3.8187,1,SYNTH
2026-03-12 19:09:23.121Z,3.8202,1,SYNTH
2026-03-12 19:09:24.158Z,3.8211,1,SYNTH
2026-03-12 19:08:25.456Z,3.8018,1,SYNTH
2026-03-12 19:08:26.162Z,3.8008,1,SYNTH
2026-03-12 19:08:27.796Z,3.7984,1,SYNTH
2026-03-12 19:08:28.655Z,3.7983,1,SYNTH
2026-03-12 19:08:29.834Z,3.7991,1,SYNTH
2026-03-12 19:08:30.218Z,3.8010,1,SYNTH
2026-03-12 19:08:31.280Z,3.7996,1,SYNTH
2026-03-12 19:08:32.688Z,3.7990,1,SYNTH
2026-03-12 19:08:33.014Z,3.7995,1,SYNTH
2026-03-12 19:08:34.515Z,3.7989,1,SYNTH
2026-03-12 19:08:35.677Z,3.8011,1,SYNTH
2026-03-12 19:08:36.543Z,3.7985,2,SYNTH
2026-03-12 19:08:37.796Z,3.8006,2,SYNTH
2026-03-12 19:08:38.378Z,3.8022,2,SYNTH
2026-03-12 19:08:39.295Z,3.7981,1,SYNTH
2026-03-12 19:08:40.114Z,3.8008,1,SYNTH
2026-03-12 19:08:41.424Z,3.7988,1,SYNTH
2026-03-12 19:08:42.602Z,3.8026,1,SYNTH
2026-03-12 19:08:43.490Z,3.7986,1,SYNTH
2026-03-12 19:08:44.085Z,3.7983,1,SYNTH
2026-03-12 19:08:45.704Z,3.7981,1,SYNTH
2026-03-12 19:08:46.798Z,3.8010,1,SYNTH
2026-03-12 19:08:47.892Z,3.8007,1,SYNTH
2026-03-12 19:08:48.357Z,3.8019,1,SYNTH
2026-03-12 19:08:49.848Z,3.8024,1,SYNTH
2026-03-12 19:08:50.767Z,3.8044,1,SYNTH
2026-03-12 19:08:51.762Z,3.8052,1,SYNTH
2026-03-12 19:08:52.552Z,3.8026,1,SYNTH
2026-03-12 19:08:53.159Z,3.8074,1,SYNTH
2026-03-12 19:08:54.665Z,3.8057,1,SYNTH
2026-03-12 19:08:55.884Z,3.8068,1,SYNTH
2026-03-12 19:08:56.331Z,3.8085,1,SYNTH
2026-03-12 19:08:57.193Z,3.8060,1,SYNTH
2026-03-12 19:08:58.603Z,3.8096,1,SYNTH
2026-03-12 19:08:59.196Z,3.8100,1,SYNTH
2026-03-12 19:09:00.623Z,3.8106,1,SYNTH
2026-03-12 19:09:01.327Z,3.8079,1,SYNTH
2026-03-12 19:09:02.306Z,3.8103,1,SYNTH
2026-03-12 19:09:03.571Z,3.8078,2,SYNTH
2026-03-12 19:09:04.472Z,3.8106,1,SYNTH
2026-03-12 19:09:05.263Z,3.8120,1,SYNTH
2026-03-12 19:09:06.039Z,3.8090,1,SYNTH
2026-03-12 19:09:07.588Z,3.8067,1,SYNTH
2026-03-12 19:09:08.481Z,3.8097,1,SYNTH
2026-03-12 19:09:09.096Z,3.8074,1,SYNTH
2026-03-12 19:09:10.744Z,3.8098,1,SYNTH
2026-03-12 19:09:11.393Z,3.8057,1,SYNTH
2026-03-12 19:09:12.281Z,3.8081,1,SYNTH
2026-03-12 19:09:13.191Z,3.8060,1,SYNTH
2026-03-12 19:09:14.730Z,3.8097,1,SYNTH
2026-03-12 19:09:15.517Z,3.8056,1,SYNTH
2026-03-12 19:09:16.525Z,3.8038,1,SYNTH
2026-03-12 19:09:17.683Z,3.8028,1,SYNTH
2026-03-12 19:09:18.273Z,3.8024,1,SYNTH
2026-03-12 19:09:19.149Z,3.8019,1,SYNTH
2026-03-12 19:09:20.310Z,3.7994,1,SYNTH
2026-03-12 19:09:21.621Z,3.7992,1,SYNTH
2026-03-12 19:09:22.055Z,3.7987,1,SYNTH
2026-03-12 19:09:23.528Z,3.8016,1,SYNTH
2026-03-12 19:09:24.519Z,3.7984,1,SYNTH
2026-03-12 19:08:25.877Z,3.8419,1,SYNTH
2026-03-12 19:08:26.293Z,3.8409,1,SYNTH
2026-03-12 19:08:27.719Z,3.8402,1,SYNTH
2026-03-12 19:08:28.779Z,3.8409,1,SYNTH
2026-03-12 19:08:29.172Z,3.8399,1,SYNTH
2026-03-12 19:08:30.763Z,3.8418,1,SYNTH
2026-03-12 19:08:31.335Z,3.8393,1,SYNTH
2026-03-12 19:08:32.686Z,3.8416,1,SYNTH
2026-03-12 19:08:33.146Z,3.8383,1,SYNTH
2026-03-12 19:08:34.885Z,3.8415,1,SYNTH
2026-03-12 19:08:35.254Z,3.8416,1,SYNTH
2026-03-12 19:08:36.734Z,3.8383,1,SYNTH
2026-03-12 19:08:37.544Z,3.8391,1,SYNTH
2026-03-12 19:08:38.086Z,3.8412,1,SYNTH
2026-03-12 19:08:39.191Z,3.8389,1,SYNTH
2026-03-12 19:08:40.864Z,3.8394,1,SYNTH
2026-03-12 19:08:41.017Z,3.8408,1,SYNTH
2026-03-12 19:08:42.167Z,3.8377,1,SYNTH
2026-03-12 19:08:43.418Z,3.8413,1,SYNTH
2026-03-12 19:08:44.324Z,3.8380,1,SYNTH
2026-03-12 19:08:45.642Z,3.8376,1,SYNTH
2026-03-12 19:08:46.103Z,3.8413,1,SYNTH
2026-03-12 19:08:47.089Z,3.8377,1,SYNTH
2026-03-12 19:08:48.264Z,3.8412,1,SYNTH
2026-03-12 19:08:49.742Z,3.8392,1,SYNTH
2026-03-12 19:08:50.484Z,3.8415,1,SYNTH
2026-03-12 19:08:51.495Z,3.8374,1,SYNTH
2026-03-12 19:08:52.374Z,3.8403,1,SYNTH
2026-03-12 19:08:53.388Z,3.8426,1,SYNTH
2026-03-12 19:08:54.609Z,3.8393,1,SYNTH
2026-03-12 19:08:55.761Z,3.8418,1,SYNTH
2026-03-12 19:08:56.693Z,3.8401,1,SYNTH
2026-03-12 19:08:57.831Z,3.8376,1,SYNTH
2026-03-12 19:08:58.155Z,3.8416,1,SYNTH
2026-03-12 19:08:59.358Z,3.8377,1,SYNTH
2026-03-12 19:09:00.422Z,3.8407,1,SYNTH
2026-03-12 19:09:01.841Z,3.8389,1,SYNTH
2026-03-12 19:09:02.525Z,3.8404,1,SYNTH
2026-03-12 19:09:03.336Z,3.8385,1,SYNTH
2026-03-12 19:09:04.534Z,3.8392,1,SYNTH
2026-03-12 19:09:05.070Z,3.8403,1,SYNTH
2026-03-12 19:09:06.789Z,3.8373,1,SYNTH
2026-03-12 19:09:07.123Z,3.8411,1,SYNTH
2026-03-12 19:09:08.810Z,3.8415,1,SYNTH
2026-03-12 19:09:09.721Z,3.8412,1,SYNTH
2026-03-12 19:09:10.008Z,3.8416,1,SYNTH
2026-03-12 19:09:11.298Z,3.8404,1,SYNTH
2026-03-12 19:09:12.720Z,3.8400,1,SYNTH
2026-03-12 19:09:13.851Z,3.8406,1,SYNTH
2026-03-12 19:09:14.743Z,3.8382,1,SYNTH
2026-03-12 19:09:15.232Z,3.8395,1,SYNTH
2026-03-12 19:09:16.750Z,3.8408,1,SYNTH
2026-03-12 19:09:17.377Z,3.8421,1,SYNTH
2026-03-12 19:09:18.430Z,3.8404,1,SYNTH
2026-03-12 19:09:19.252Z,3.8382,1,SYNTH
2026-03-12 19:09:20.057Z,3.8418,1,SYNTH
2026-03-12 19:09:21.185Z,3.8388,1,SYNTH
2026-03-12 19:09:22.216Z,3.8374,1,SYNTH
2026-03-12 19:09:23.013Z,3.8408,1,SYNTH
2026-03-12 19:09:24.230Z,3.8413,1,SYNTH
2026-03-12 19:08:25.517Z,3.8308,1,SYNTH
2026-03-12 19:08:26.855Z,3.8306,1,SYNTH
2026-03-12 19:08:27.555Z,3.8288,1,SYNTH
2026-03-12 19:08:28.070Z,3.8320,1,SYNTH
2026-03-12 19:08:29.112Z,3.8280,1,SYNTH
2026-03-12 19:08:30.035Z,3.8316,1,SYNTH
2026-03-12 19:08:31.576Z,3.8284,1,SYNTH
2026-03-12 19:08:32.073Z,3.8319,1,SYNTH
2026-03-12 19:08:33.865Z,3.8275,1,SYNTH
2026-03-12 19:08:34.724Z,3.8318,1,SYNTH
2026-03-12 19:08:35.078Z,3.8317,1,SYNTH
2026-03-12 19:08:36.563Z,3.8317,1,SYNTH
2026-03-12 19:08:37.800Z,3.8299,1,SYNTH
2026-03-12 19:08:38.651Z,3.8291,1,SYNTH
2026-03-12 19:08:39.169Z,3.8294,1,SYNTH
2026-03-12 19:08:40.508Z,3.8283,1,SYNTH
2026-03-12 19:08:41.627Z,3.8300,1,SYNTH
2026-03-12 19:08:42.159Z,3.8300,1,SYNTH
2026-03-12 19:08:43.757Z,3.8288,1,SYNTH
2026-03-12 19:08:44.789Z,3.8304,1,SYNTH
2026-03-12 19:08:45.763Z,3.8322,1,SYNTH
2026-03-12 19:08:46.265Z,3.8333,1,SYNTH
2026-03-12 19:08:47.358Z,3.8357,1,SYNTH
2026-03-12 19:08:48.710Z,3.8359,1,SYNTH
2026-03-12 19:08:49.160Z,3.8377,1,SYNTH
2026-03-12 19:08:50.148Z,3.8397,1,SYNTH
2026-03-12 19:08:51.853Z,3.8412,1,SYNTH
2026-03-12 19:08:52.253Z,3.8424,1,SYNTH
2026-03-12 19:08:53.692Z,3.8461,1,SYNTH
2026-03-12 19:08:54.310Z,3.8486,1,SYNTH
2026-03-12 19:08:55.316Z,3.8503,1,SYNTH
2026-03-12 19:08:56.040Z,3.8527,1,SYNTH
2026-03-12 19:08:57.869Z,3.8542,1,SYNTH
2026-03-12 19:08:58.608Z,3.8565,1,SYNTH
2026-03-12 19:08:59.097Z,3.8577,1,SYNTH
2026-03-12 19:09:00.073Z,3.8592,1,SYNTH
2026-03-12 19:09:01.789Z,3.8608,1,SYNTH
2026-03-12 19:09:02.849Z,3.8611,1,SYNTH
2026-03-12 19:09:03.657Z,3.8574,1,SYNTH
2026-03-12 19:09:04.781Z,3.8614,1,SYNTH
2026-03-12 19:09:05.053Z,3.8616,1,SYNTH
2026-03-12 19:09:06.077Z,3.8564,1,SYNTH
2026-03-12 19:09:07.528Z,3.8603,1,SYNTH
2026-03-12 19:09:08.087Z,3.8559,1,SYNTH
2026-03-12 19:09:09.519Z,3.8553,1,SYNTH
2026-03-12 19:09:10.312Z,3.8575,1,SYNTH
2026-03-12 19:09:11.112Z,3.8538,1,SYNTH
2026-03-12 19:09:12.503Z,3.8561,1,SYNTH
2026-03-12 19:09:13.812Z,3.8567,1,SYNTH
2026-03-12 19:09:14.174Z,3.8554,1,SYNTH
2026-03-12 19:09:15.555Z,3.8527,1,SYNTH
2026-03-12 19:09:16.754Z,3.8557,1,SYNTH
2026-03-12 19:09:17.495Z,3.8531,1,SYNTH
2026-03-12 19:09:18.558Z,3.8510,1,SYNTH
2026-03-12 19:09:19.392Z,3.8537,1,SYNTH
2026-03-12 19:09:20.235Z,3.8504,1,SYNTH
2026-03-12 19:09:21.583Z,3.8493,1,SYNTH
2026-03-12 19:09:22.721Z,3.8496,1,SYNTH
2026-03-12 19:09:23.576Z,3.8499,1,SYNTH
2026-03-12 19:09:24.619Z,3.8510,1,SYNTH
2026-03-12 19:08:25.025Z,3.8301,1,SYNTH
2026-03-12 19:08:26.756Z,3.8288,1,SYNTH
2026-03-12 19:08:27.087Z,3.8307,1,SYNTH
2026-03-12 19:08:28.345Z,3.8317,1,SYNTH
2026-03-12 19:08:29.671Z,3.8292,1,SYNTH
2026-03-12 19:08:30.645Z,3.8304,1,SYNTH
2026-03-12 19:08:31.890Z,3.8315,1,SYNTH
2026-03-12 19:08:32.515Z,3.8278,1,SYNTH
2026-03-12 19:08:33.538Z,3.8302,1,SYNTH
2026-03-12 19:08:34.099Z,3.8313,1,SYNTH
2026-03-12 19:08:35.507Z,3.8288,1,SYNTH
2026-03-12 19:08:36.600Z,3.8303,1,SYNTH
2026-03-12 19:08:37.087Z,3.8313,1,SYNTH
2026-03-12 19:08:38.140Z,3.8298,1,SYNTH
2026-03-12 19:08:39.441Z,3.8311,1,SYNTH
2026-03-12 19:08:40.064Z,3.8284,1,SYNTH
2026-03-12 19:08:41.153Z,3.8316,1,SYNTH
2026-03-12 19:08:42.812Z,3.8288,1,SYNTH
2026-03-12 19:08:43.629Z,3.8311,1,SYNTH
2026-03-12 19:08:44.391Z,3.8316,1,SYNTH
2026-03-12 19:08:45.166Z,3.8301,1,SYNTH
2026-03-12 19:08:46.331Z,3.8293,1,SYNTH
2026-03-12 19:08:47.078Z,3.8313,1,SYNTH
2026-03-12 19:08:48.418Z,3.8326,1,SYNTH
2026-03-12 19:08:49.594Z,3.8326,1,SYNTH
2026-03-12 19:08:50.161Z,3.8341,1,SYNTH
2026-03-12 19:08:51.504Z,3.8347,1,SYNTH
2026-03-12 19:08:52.477Z,3.8353,1,SYNTH
2026-03-12 19:08:53.153Z,3.8372,1,SYNTH
2026-03-12 19:08:54.500Z,3.8379,1,SYNTH
2026-03-12 19:08:55.406Z,3.8356,1,SYNTH
2026-03-12 19:08:56.405Z,3.8389,1,SYNTH
2026-03-12 19:08:57.057Z,3.8375,1,SYNTH
2026-03-12 19:08:58.311Z,3.8389,1,SYNTH
2026-03-12 19:08:59.036Z,3.8388,1,SYNTH
2026-03-12 19:09:00.025Z,3.8411,1,SYNTH
2026-03-12 19:09:01.164Z,3.8378,1,SYNTH
2026-03-12 19:09:02.742Z,3.8417,1,SYNTH
2026-03-12 19:09:03.604Z,3.8380,1,SYNTH
2026-03-12 19:09:04.342Z,3.8381,1,SYNTH
2026-03-12 19:09:05.514Z,3.8408,1,SYNTH
2026-03-12 19:09:06.275Z,3.8386,1,SYNTH
2026-03-12 19:09:07.480Z,3.8379,1,SYNTH
2026-03-12 19:09:08.443Z,3.8398,1,SYNTH
2026-03-12 19:09:09.142Z,3.8414,1,SYNTH
2026-03-12 19:09:10.567Z,3.8362,1,SYNTH
2026-03-12 19:09:11.736Z,3.8412,1,SYNTH
2026-03-12 19:09:12.475Z,3.8365,1,SYNTH
2026-03-12 19:09:13.156Z,3.8401,1,SYNTH
2026-03-12 19:09:14.020Z,3.8377,1,SYNTH
2026-03-12 19:09:15.265Z,3.8385,1,SYNTH
2026-03-12 19:09:16.666Z,3.8388,1,SYNTH
2026-03-12 19:09:17.625Z,3.8412,1,SYNTH
2026-03-12 19:09:18.757Z,3.8384,1,SYNTH
2026-03-12 19:09:19.706Z,3.8423,1,SYNTH
2026-03-12 19:09:20.473Z,3.8399,1,SYNTH
2026-03-12 19:09:21.605Z,3.8422,1,SYNTH
2026-03-12 19:09:22.238Z,3.8375,1,SYNTH
2026-03-12 19:09:23.790Z,3.8414,1,SYNTH
2026-03-12 19:09:24.390Z,3.8389,1,SYNTH
2026-03-12 19:08:25.820Z,3.8314,1,SYNTH
2026-03-12 19:08:26.540Z,3.8271,1,SYNTH
2026-03-12 19:08:27.736Z,3.8321,1,SYNTH
2026-03-12 19:08:28.242Z,3.8291,1,SYNTH
2026-03-12 19:08:29.699Z,3.8271,1,SYNTH
2026-03-12 19:08:30.240Z,3.8323,1,SYNTH
2026-03-12 19:08:31.809Z,3.8279,1,SYNTH
2026-03-12 19:08:32.068Z,3.8319,1,SYNTH
2026-03-12 19:08:33.592Z,3.8289,1,SYNTH
2026-03-12 19:08:34.563Z,3.8293,1,SYNTH
2026-03-12 19:08:35.691Z,3.8279,1,SYNTH
2026-03-12 19:08:36.287Z,3.8311,1,SYNTH
2026-03-12 19:08:37.424Z,3.8279,1,SYNTH
2026-03-12 19:08:38.477Z,3.8316,1,SYNTH
2026-03-12 19:08:39.230Z,3.8284,1,SYNTH
2026-03-12 19:08:40.273Z,3.8313,1,SYNTH
2026-03-12 19:08:41.498Z,3.8311,1,SYNTH
2026-03-12 19:08:42.429Z,3.8295,1,SYNTH
2026-03-12 19:08:43.499Z,3.8280,1,SYNTH
2026-03-12 19:08:44.132Z,3.8326,1,SYNTH
2026-03-12 19:08:45.023Z,3.8284,1,SYNTH
2026-03-12 19:08:46.325Z,3.8313,1,SYNTH
2026-03-12 19:08:47.265Z,3.8336,1,SYNTH
2026-03-12 19:08:48.093Z,3.8337,1,SYNTH
2026-03-12 19:08:49.429Z,3.8321,1,SYNTH
2026-03-12 19:08:50.696Z,3.8345,1,SYNTH
2026-03-12 19:08:51.792Z,3.8351,1,SYNTH
2026-03-12 19:08:52.424Z,3.8360,1,SYNTH
2026-03-12 19:08:53.197Z,3.8362,1,SYNTH
2026-03-12 19:08:54.265Z,3.8360,1,SYNTH
2026-03-12 19:08:55.425Z,3.8371,1,SYNTH
2026-03-12 19:08:56.120Z,3.8381,1,SYNTH
2026-03-12 19:08:57.429Z,3.8389,1,SYNTH
2026-03-12 19:08:58.030Z,3.8399,1,SYNTH
2026-03-12 19:08:59.350Z,3.8369,1,SYNTH
2026-03-12 19:09:00.360Z,3.8397,1,SYNTH
2026-03-12 19:09:01.465Z,3.8398,1,SYNTH
2026-03-12 19:09:02.570Z,3.8401,1,SYNTH
2026-03-12 19:09:03.034Z,3.8382,1,SYNTH
2026-03-12 19:09:04.051Z,3.8379,1,SYNTH
2026-03-12 19:09:05.170Z,3.8421,1,SYNTH
2026-03-12 19:09:06.523Z,3.8376,1,SYNTH
2026-03-12 19:09:07.816Z,3.8376,1,SYNTH
2026-03-12 19:09:08.763Z,3.8373,1,SYNTH
2026-03-12 19:09:09.821Z,3.8390,1,SYNTH
2026-03-12 19:09:10.854Z,3.8368,1,SYNTH
2026-03-12 19:09:11.381Z,3.8369,1,SYNTH
2026-03-12 19:09:12.135Z,3.8370,1,SYNTH
2026-03-12 19:09:13.153Z,3.8380,1,SYNTH
2026-03-12 19:09:14.284Z,3.8346,1,SYNTH
2026-03-12 19:09:15.702Z,3.8338,1,SYNTH
2026-03-12 19:09:16.691Z,3.8367,1,SYNTH
2026-03-12 19:09:17.340Z,3.8331,1,SYNTH
2026-03-12 19:09:18.188Z,3.8308,1,SYNTH
2026-03-12 19:09:19.503Z,3.8336,1,SYNTH
2026-03-12 19:09:20.110Z,3.8289,1,SYNTH
2026-03-12 19:09:21.757Z,3.8294,1,SYNTH
2026-03-12 19:09:22.857Z,3.8290,1,SYNTH
2026-03-12 19:09:23.741Z,3.8317,1,SYNTH
2026-03-12 19:09:24.725Z,3.8282,1,SYNTH
2026-03-12 19:08:25.428Z,3.8114,1,SYNTH
2026-03-12 19:08:26.718Z,3.8091,1,SYNTH
2026-03-12 19:08:27.488Z,3.8109,1,SYNTH
2026-03-12 19:08:28.257Z,3.8070,1,SYNTH
2026-03-12 19:08:29.756Z,3.8058,1,SYNTH
2026-03-12 19:08:30.092Z,3.8050,1,SYNTH
2026-03-12 19:08:31.641Z,3.8054,1,SYNTH
2026-03-12 19:08:32.173Z,3.8022,1,SYNTH
2026-03-12 19:08:33.712Z,3.8054,1,SYNTH
2026-03-12 19:08:34.527Z,3.8005,1,SYNTH
2026-03-12 19:08:35.165Z,3.7986,1,SYNTH
2026-03-12 19:08:36.259Z,3.7992,1,SYNTH
2026-03-12 19:08:37.213Z,3.7972,1,SYNTH
2026-03-12 19:08:38.051Z,3.8006,1,SYNTH
2026-03-12 19:08:39.737Z,3.8024,1,SYNTH
2026-03-12 19:08:40.589Z,3.8034,1,SYNTH
2026-03-12 19:08:41.739Z,3.8014,1,SYNTH
2026-03-12 19:08:42.888Z,3.8046,1,SYNTH
2026-03-12 19:08:43.011Z,3.8012,1,SYNTH
2026-03-12 19:08:44.507Z,3.8021,1,SYNTH
2026-03-12 19:08:45.064Z,3.8041,1,SYNTH
2026-03-12 19:08:46.125Z,3.8022,1,SYNTH
2026-03-12 19:08:47.241Z,3.8049,1,SYNTH
2026-03-12 19:08:48.898Z,3.8050,1,SYNTH
2026-03-12 19:08:49.600Z,3.8033,1,SYNTH
2026-03-12 19:08:50.491Z,3.8040,1,SYNTH
2026-03-12 19:08:51.755Z,3.8061,1,SYNTH
2026-03-12 19:08:52.193Z,3.8075,1,SYNTH
2026-03-12 19:08:53.557Z,3.8046,1,SYNTH
2026-03-12 19:08:54.069Z,3.8081,1,SYNTH
2026-03-12 19:08:55.087Z,3.8054,1,SYNTH
2026-03-12 19:08:56.062Z,3.8088,1,SYNTH
2026-03-12 19:08:57.890Z,3.8099,1,SYNTH
2026-03-12 19:08:58.254Z,3.8100,1,SYNTH
2026-03-12 19:08:59.760Z,3.8103,1,SYNTH
2026-03-12 19:09:00.768Z,3.8070,1,SYNTH
2026-03-12 19:09:01.015Z,3.8105,1,SYNTH
2026-03-12 19:09:02.860Z,3.8097,1,SYNTH
2026-03-12 19:09:03.591Z,3.8110,1,SYNTH
2026-03-12 19:09:04.442Z,3.8109,1,SYNTH
2026-03-12 19:09:05.773Z,3.8093,1,SYNTH
2026-03-12 19:09:06.544Z,3.8092,1,SYNTH
2026-03-12 19:09:07.096Z,3.8116,1,SYNTH
2026-03-12 19:09:08.049Z,3.8120,1,SYNTH
2026-03-12 19:09:09.028Z,3.8096,1,SYNTH
2026-03-12 19:09:10.148Z,3.8091,1,SYNTH
2026-03-12 19:09:11.249Z,3.8108,1,SYNTH
2026-03-12 19:09:12.633Z,3.8075,1,SYNTH
2026-03-12 19:09:13.645Z,3.8095,1,SYNTH
2026-03-12 19:09:14.084Z,3.8104,1,SYNTH
2026-03-12 19:09:15.239Z,3.8108,1,SYNTH
2026-03-12 19:09:16.759Z,3.8081,1,SYNTH
2026-03-12 19:09:17.440Z,3.8107,1,SYNTH
2026-03-12 19:09:18.531Z,3.8097,1,SYNTH
2026-03-12 19:09:19.051Z,3.8102,1,SYNTH
2026-03-12 19:09:20.820Z,3.8088,1,SYNTH
2026-03-12 19:09:21.629Z,3.8108,1,SYNTH
2026-03-12 19:09:22.696Z,3.8079,1,SYNTH
2026-03-12 19:09:23.300Z,3.8122,1,SYNTH
2026-03-12 19:09:24.390Z,3.8093,1,SYNTH
2026-03-12 19:08:25.892Z,3.8617,1,SYNTH
2026-03-12 19:08:26.211Z,3.8581,1,SYNTH
2026-03-12 19:08:27.866Z,3.8609,1,SYNTH
2026-03-12 19:08:28.365Z,3.8571,1,SYNTH
2026-03-12 19:08:29.308Z,3.8556,1,SYNTH
2026-03-12 19:08:30.710Z,3.8577,1,SYNTH
2026-03-12 19:08:31.454Z,3.8541,1,SYNTH
2026-03-12 19:08:32.525Z,3.8516,1,SYNTH
2026-03-12 19:08:33.118Z,3.8546,1,SYNTH
2026-03-12 19:08:34.693Z,3.8507,1,SYNTH
2026-03-12 19:08:35.682Z,3.8497,1,SYNTH
2026-03-12 19:08:36.825Z,3.8473,1,SYNTH
2026-03-12 19:08:37.352Z,3.8517,1,SYNTH
2026-03-12 19:08:38.023Z,3.8482,1,SYNTH
2026-03-12 19:08:39.805Z,3.8516,1,SYNTH
2026-03-12 19:08:40.687Z,3.8534,1,SYNTH
2026-03-12 19:08:41.091Z,3.8512,1,SYNTH
2026-03-12 19:08:42.607Z,3.8514,1,SYNTH
2026-03-12 19:08:43.244Z,3.8547,1,SYNTH
2026-03-12 19:08:44.379Z,3.8545,1,SYNTH
2026-03-12 19:08:45.630Z,3.8558,1,SYNTH
2026-03-12 19:08:46.768Z,3.8562,1,SYNTH
2026-03-12 19:08:47.853Z,3.8564,1,SYNTH
2026-03-12 19:08:48.095Z,3.8528,1,SYNTH
2026-03-12 19:08:49.449Z,3.8587,1,SYNTH
2026-03-12 19:08:50.727Z,3.8578,1,SYNTH
2026-03-12 19:08:51.547Z,3.8612,1,SYNTH
2026-03-12 19:08:52.829Z,3.8615,1,SYNTH
2026-03-12 19:08:53.826Z,3.8617,1,SYNTH
2026-03-12 19:08:54.894Z,3.8633,1,SYNTH
2026-03-12 19:08:55.003Z,3.8637,1,SYNTH
2026-03-12 19:08:56.763Z,3.8644,1,SYNTH
2026-03-12 19:08:57.226Z,3.8670,1,SYNTH
2026-03-12 19:08:58.362Z,3.8667,1,SYNTH
2026-03-12 19:08:59.246Z,3.8688,1,SYNTH
2026-03-12 19:09:00.131Z,3.8708,1,SYNTH
2026-03-12 19:09:01.718Z,3.8699,1,SYNTH
2026-03-12 19:09:02.164Z,3.8697,1,SYNTH
2026-03-12 19:09:03.014Z,3.8709,1,SYNTH
2026-03-12 19:09:04.854Z,3.8714,1,SYNTH
2026-03-12 19:09:05.679Z,3.8692,1,SYNTH
2026-03-12 19:09:06.033Z,3.8669,1,SYNTH
2026-03-12 19:09:07.288Z,3.8702,1,SYNTH
2026-03-12 19:09:08.851Z,3.8668,1,SYNTH
2026-03-12 19:09:09.128Z,3.8696,1,SYNTH
2026-03-12 19:09:10.425Z,3.8672,1,SYNTH
2026-03-12 19:09:11.595Z,3.8666,1,SYNTH
2026-03-12 19:09:12.179Z,3.8689,1,SYNTH
2026-03-12 19:09:13.689Z,3.8674,1,SYNTH
2026-03-12 19:09:14.109Z,3.8708,1,SYNTH
2026-03-12 19:09:15.399Z,3.8671,1,SYNTH
2026-03-12 19:09:16.696Z,3.8693,1,SYNTH
2026-03-12 19:09:17.531Z,3.8709,1,SYNTH
2026-03-12 19:09:18.281Z,3.8677,1,SYNTH
2026-03-12 19:09:19.706Z,3.8705,1,SYNTH
2026-03-12 19:09:20.653Z,3.8721,1,SYNTH
2026-03-12 19:09:21.012Z,3.8700,1,SYNTH
2026-03-12 19:09:22.515Z,3.8688,1,SYNTH
2026-03-12 19:09:23.475Z,3.8686,1,SYNTH
2026-03-12 19:09:24.725Z,3.8707,1,SYNTH
2026-03-12 19:08:25.585Z,3.8511,1,SYNTH
2026-03-12 19:08:26.751Z,3.8490,1,SYNTH
2026-03-12 19:08:27.626Z,3.8506,1,SYNTH
2026-03-12 19:08:28.577Z,3.8479,1,SYNTH
2026-03-12 19:08:29.626Z,3.8515,1,SYNTH
2026-03-12 19:08:30.744Z,3.8487,1,SYNTH
2026-03-12 19:08:31.141Z,3.8506,1,SYNTH
2026-03-12 19:08:32.514Z,3.8516,1,SYNTH
2026-03-12 19:08:33.482Z,3.8518,1,SYNTH
2026-03-12 19:08:34.647Z,3.8483,1,SYNTH
2026-03-12 19:08:35.514Z,3.8520,1,SYNTH
2026-03-12 19:08:36.077Z,3.8491,1,SYNTH
2026-03-12 19:08:37.181Z,3.8488,1,SYNTH
2026-03-12 19:08:38.623Z,3.8514,1,SYNTH
2026-03-12 19:08:39.054Z,3.8519,1,SYNTH
2026-03-12 19:08:40.096Z,3.8495,1,SYNTH
2026-03-12 19:08:41.470Z,3.8477,1,SYNTH
2026-03-12 19:08:42.657Z,3.8514,1,SYNTH
2026-03-12 19:08:43.348Z,3.8485,1,SYNTH
2026-03-12 19:08:44.364Z,3.8502,1,SYNTH
2026-03-12 19:08:45.020Z,3.8514,1,SYNTH
2026-03-12 19:08:46.833Z,3.8497,1,SYNTH
2026-03-12 19:08:47.833Z,3.8507,1,SYNTH
2026-03-12 19:08:48.703Z,3.8483,1,SYNTH
2026-03-12 19:08:49.785Z,3.8481,1,SYNTH
2026-03-12 19:08:50.744Z,3.8510,1,SYNTH
2026-03-12 19:08:51.412Z,3.8493,1,SYNTH
2026-03-12 19:08:52.079Z,3.8506,1,SYNTH
2026-03-12 19:08:53.838Z,3.8483,1,SYNTH
2026-03-12 19:08:54.464Z,3.8520,1,SYNTH
2026-03-12 19:08:55.714Z,3.8484,1,SYNTH
2026-03-12 19:08:56.871Z,3.8483,1,SYNTH
2026-03-12 19:08:57.896Z,3.8509,1,SYNTH
2026-03-12 19:08:58.899Z,3.8503,1,SYNTH
2026-03-12 19:08:59.193Z,3.8478,1,SYNTH
2026-03-12 19:09:00.791Z,3.8488,1,SYNTH
2026-03-12 19:09:01.453Z,3.8517,1,SYNTH
2026-03-12 19:09:02.262Z,3.8503,1,SYNTH
2026-03-12 19:09:03.536Z,3.8513,1,SYNTH
2026-03-12 19:09:04.272Z,3.8482,1,SYNTH
2026-03-12 19:09:05.060Z,3.8505,1,SYNTH
2026-03-12 19:09:06.468Z,3.8513,1,SYNTH
2026-03-12 19:09:07.776Z,3.8507,1,SYNTH
2026-03-12 19:09:08.110Z,3.8479,1,SYNTH
2026-03-12 19:09:09.221Z,3.8512,1,SYNTH
2026-03-12 19:09:10.497Z,3.8497,1,SYNTH
2026-03-12 19:09:11.017Z,3.8516,1,SYNTH
2026-03-12 19:09:12.751Z,3.8507,1,SYNTH
2026-03-12 19:09:13.481Z,3.8474,1,SYNTH
2026-03-12 19:09:14.877Z,3.8496,1,SYNTH
2026-03-12 19:09:15.514Z,3.8503,1,SYNTH
2026-03-12 19:09:16.178Z,3.8478,1,SYNTH
2026-03-12 19:09:17.497Z,3.8504,1,SYNTH
2026-03-12 19:09:18.331Z,3.8513,1,SYNTH
2026-03-12 19:09:19.477Z,3.8494,1,SYNTH
2026-03-12 19:09:20.700Z,3.8484,1,SYNTH
2026-03-12 19:09:21.302Z,3.8503,1,SYNTH
2026-03-12 19:09:22.423Z,3.8479,1,SYNTH
2026-03-12 19:09:23.782Z,3.8514,1,SYNTH
2026-03-12 19:09:24.610Z,3.8494,1,SYNTH
2026-03-12 19:08:25.312Z,3.8618,1,SYNTH
2026-03-12 19:08:26.792Z,3.8588,1,SYNTH
2026-03-12 19:08:27.701Z,3.8609,1,SYNTH
2026-03-12 19:08:28.655Z,3.8608,1,SYNTH
2026-03-12 19:08:29.510Z,3.8597,1,SYNTH
2026-03-12 19:08:30.629Z,3.8573,1,SYNTH
2026-03-12 19:08:31.039Z,3.8624,1,SYNTH
2026-03-12 19:08:32.675Z,3.8584,1,SYNTH
2026-03-12 19:08:33.472Z,3.8589,1,SYNTH
2026-03-12 19:08:34.080Z,3.8621,1,SYNTH
2026-03-12 19:08:35.759Z,3.8587,1,SYNTH
2026-03-12 19:08:36.007Z,3.8577,1,SYNTH
2026-03-12 19:08:37.264Z,3.8617,1,SYNTH
2026-03-12 19:08:38.627Z,3.8593,1,SYNTH
2026-03-12 19:08:39.198Z,3.8594,1,SYNTH
2026-03-12 19:08:40.295Z,3.8627,1,SYNTH
2026-03-12 19:08:41.893Z,3.8587,1,SYNTH
2026-03-12 19:08:42.136Z,3.8622,1,SYNTH
2026-03-12 19:08:43.405Z,3.8603,1,SYNTH
2026-03-12 19:08:44.257Z,3.8606,1,SYNTH
2026-03-12 19:08:45.317Z,3.8591,1,SYNTH
2026-03-12 19:08:46.291Z,3.8591,1,SYNTH
2026-03-12 19:08:47.896Z,3.8570,1,SYNTH
2026-03-12 19:08:48.286Z,3.8570,1,SYNTH
2026-03-12 19:08:49.350Z,3.8591,1,SYNTH
2026-03-12 19:08:50.214Z,3.8554,1,SYNTH
2026-03-12 19:08:51.762Z,3.8550,1,SYNTH
2026-03-12 19:08:52.610Z,3.8583,1,SYNTH
2026-03-12 19:08:53.621Z,3.8552,1,SYNTH
2026-03-12 19:08:54.793Z,3.8526,1,SYNTH
2026-03-12 19:08:55.496Z,3.8520,1,SYNTH
2026-03-12 19:08:56.005Z,3.8508,1,SYNTH
2026-03-12 19:08:57.745Z,3.8534,1,SYNTH
2026-03-12 19:08:58.790Z,3.8508,1,SYNTH
2026-03-12 19:08:59.823Z,3.8535,1,SYNTH
2026-03-12 19:09:00.224Z,3.8487,1,SYNTH
2026-03-12 19:09:01.414Z,3.8495,1,SYNTH
2026-03-12 19:09:02.484Z,3.8515,1,SYNTH
2026-03-12 19:09:03.458Z,3.8473,1,SYNTH
2026-03-12 19:09:04.635Z,3.8518,1,SYNTH
2026-03-12 19:09:05.657Z,3.8518,1,SYNTH
2026-03-12 19:09:06.765Z,3.8487,1,SYNTH
2026-03-12 19:09:07.636Z,3.8516,1,SYNTH
2026-03-12 19:09:08.000Z,3.8512,1,SYNTH
2026-03-12 19:09:09.390Z,3.8512,1,SYNTH
2026-03-12 19:09:10.674Z,3.8521,1,SYNTH
2026-03-12 19:09:11.549Z,3.8500,1,SYNTH
2026-03-12 19:09:12.553Z,3.8524,1,SYNTH
2026-03-12 19:09:13.298Z,3.8504,1,SYNTH
2026-03-12 19:09:14.164Z,3.8521,1,SYNTH
2026-03-12 19:09:15.400Z,3.8495,1,SYNTH
2026-03-12 19:09:16.128Z,3.8502,1,SYNTH
2026-03-12 19:09:17.807Z,3.8532,1,SYNTH
2026-03-12 19:09:18.565Z,3.8495,1,SYNTH
2026-03-12 19:09:19.008Z,3.8480,1,SYNTH
2026-03-12 19:09:20.294Z,3.8523,1,SYNTH
2026-03-12 19:09:21.174Z,3.8521,1,SYNTH
2026-03-12 19:09:22.380Z,3.8483,1,SYNTH
2026-03-12 19:09:23.080Z,3.8506,1,SYNTH
2026-03-12 19:09:24.391Z,3.8484,1,SYNTH
2026-03-12 19:08:25.602Z,3.8202,1,SYNTH
2026-03-12 19:08:26.893Z,3.8209,1,SYNTH
2026-03-12 19:08:27.479Z,3.8186,1,SYNTH
2026-03-12 19:08:28.708Z,3.8204,1,SYNTH
2026-03-12 19:08:29.611Z,3.8185,1,SYNTH
2026-03-12 19:08:30.593Z,3.8202,1,SYNTH
2026-03-12 19:08:31.206Z,3.8180,1,SYNTH
2026-03-12 19:08:32.334Z,3.8183,1,SYNTH
2026-03-12 19:08:33.748Z,3.8185,1,SYNTH
2026-03-12 19:08:34.230Z,3.8207,1,SYNTH
2026-03-12 19:08:35.562Z,3.8178,1,SYNTH
2026-03-12 19:08:36.114Z,3.8207,1,SYNTH
2026-03-12 19:08:37.655Z,3.8224,1,SYNTH
2026-03-12 19:08:38.634Z,3.8191,1,SYNTH
2026-03-12 19:08:39.604Z,3.8186,1,SYNTH
2026-03-12 19:08:40.650Z,3.8214,1,SYNTH
2026-03-12 19:08:41.794Z,3.8186,1,SYNTH
2026-03-12 19:08:42.528Z,3.8217,1,SYNTH
2026-03-12 19:08:43.708Z,3.8224,1,SYNTH
2026-03-12 19:08:44.215Z,3.8185,1,SYNTH
2026-03-12 19:08:45.009Z,3.8198,1,SYNTH
2026-03-12 19:08:46.371Z,3.8228,1,SYNTH
2026-03-12 19:08:47.318Z,3.8196,1,SYNTH
2026-03-12 19:08:48.454Z,3.8225,1,SYNTH
2026-03-12 19:08:49.057Z,3.8233,1,SYNTH
2026-03-12 19:08:50.801Z,3.8253,1,SYNTH
2026-03-12 19:08:51.067Z,3.8244,1,SYNTH
2026-03-12 19:08:52.547Z,3.8268,1,SYNTH
2026-03-12 19:08:53.243Z,3.8238,1,SYNTH
2026-03-12 19:08:54.595Z,3.8266,1,SYNTH
2026-03-12 19:08:55.810Z,3.8287,1,SYNTH
2026-03-12 19:08:56.357Z,3.8286,1,SYNTH
2026-03-12 19:08:57.554Z,3.8285,1,SYNTH
2026-03-12 19:08:58.582Z,3.8301,1,SYNTH
2026-03-12 19:08:59.026Z,3.8297,1,SYNTH
2026-03-12 19:09:00.572Z,3.8292,1,SYNTH
2026-03-12 19:09:01.278Z,3.8272,1,SYNTH
2026-03-12 19:09:02.424Z,3.8327,1,SYNTH
2026-03-12 19:09:03.207Z,3.8284,1,SYNTH
2026-03-12 19:09:04.899Z,3.8291,1,SYNTH
2026-03-12 19:09:05.471Z,3.8304,1,SYNTH
2026-03-12 19:09:06.256Z,3.8276,1,SYNTH
2026-03-12 19:09:07.886Z,3.8278,1,SYNTH
2026-03-12 19:09:08.767Z,3.8288,1,SYNTH
2026-03-12 19:09:09.630Z,3.8272,1,SYNTH
2026-03-12 19:09:10.848Z,3.8285,1,SYNTH
2026-03-12 19:09:11.241Z,3.8264,1,SYNTH
2026-03-12 19:09:12.728Z,3.8269,1,SYNTH
2026-03-12 19:09:13.401Z,3.8276,1,SYNTH
2026-03-12 19:09:14.685Z,3.8248,1,SYNTH
2026-03-12 19:09:15.066Z,3.8233,1,SYNTH
2026-03-12 19:09:16.259Z,3.8228,1,SYNTH
2026-03-12 19:09:17.387Z,3.8218,1,SYNTH
2026-03-12 19:09:18.308Z,3.8254,1,SYNTH
2026-03-12 19:09:19.110Z,3.8214,1,SYNTH
2026-03-12 19:09:20.175Z,3.8214,1,SYNTH
2026-03-12 19:09:21.427Z,3.8194,1,SYNTH
2026-03-12 19:09:22.112Z,3.8187,1,SYNTH
2026-03-12 19:09:23.206Z,3.8183,1,SYNTH
2026-03-12 19:09:24.393Z,3.8213,1,SYNTH
2026-03-12 19:08:25.745Z,3.9216,1,SYNTH
2026-03-12 19:08:26.862Z,3.9187,1,SYNTH
2026-03-12 19:08:27.845Z,3.9204,1,SYNTH
2026-03-12 19:08:28.817Z,3.9208,1,SYNTH
2026-03-12 19:08:29.727Z,3.9193,1,SYNTH
2026-03-12 19:08:30.423Z,3.9224,1,SYNTH
2026-03-12 19:08:31.018Z,3.9189,1,SYNTH
2026-03-12 19:08:32.288Z,3.9191,1,SYNTH
2026-03-12 19:08:33.409Z,3.9228,1,SYNTH
2026-03-12 19:08:34.724Z,3.9198,1,SYNTH
2026-03-12 19:08:35.555Z,3.9170,1,SYNTH
2026-03-12 19:08:36.628Z,3.9198,1,SYNTH
2026-03-12 19:08:37.155Z,3.9220,1,SYNTH
2026-03-12 19:08:38.789Z,3.9195,1,SYNTH
2026-03-12 19:08:39.398Z,3.9223,1,SYNTH
2026-03-12 19:08:40.701Z,3.9189,1,SYNTH
2026-03-12 19:08:41.014Z,3.9210,1,SYNTH
2026-03-12 19:08:42.453Z,3.9218,1,SYNTH
2026-03-12 19:08:43.704Z,3.9189,1,SYNTH
2026-03-12 19:08:44.346Z,3.9210,1,SYNTH
2026-03-12 19:08:45.096Z,3.9186,1,SYNTH
2026-03-12 19:08:46.873Z,3.9212,1,SYNTH
2026-03-12 19:08:47.876Z,3.9219,1,SYNTH
2026-03-12 19:08:48.898Z,3.9218,1,SYNTH
2026-03-12 19:08:49.143Z,3.9230,1,SYNTH
2026-03-12 19:08:50.292Z,3.9234,1,SYNTH
2026-03-12 19:08:51.417Z,3.9244,1,SYNTH
2026-03-12 19:08:52.179Z,3.9242,1,SYNTH
2026-03-12 19:08:53.643Z,3.9255,1,SYNTH
2026-03-12 19:08:54.407Z,3.9267,1,SYNTH
2026-03-12 19:08:55.779Z,3.9278,1,SYNTH
2026-03-12 19:08:56.162Z,3.9271,1,SYNTH
2026-03-12 19:08:57.007Z,3.9287,1,SYNTH
2026-03-12 19:08:58.162Z,3.9292,1,SYNTH
2026-03-12 19:08:59.897Z,3.9269,1,SYNTH
2026-03-12 19:09:00.428Z,3.9315,1,SYNTH
2026-03-12 19:09:01.035Z,3.9276,1,SYNTH
2026-03-12 19:09:02.825Z,3.9307,1,SYNTH
2026-03-12 19:09:03.295Z,3.9307,1,SYNTH
2026-03-12 19:09:04.383Z,3.9283,1,SYNTH
2026-03-12 19:09:05.207Z,3.9291,1,SYNTH
2026-03-12 19:09:06.164Z,3.9282,1,SYNTH
2026-03-12 19:09:07.034Z,3.9262,1,SYNTH
2026-03-12 19:09:08.779Z,3.9305,1,SYNTH
2026-03-12 19:09:09.038Z,3.9279,1,SYNTH
2026-03-12 19:09:10.225Z,3.9278,1,SYNTH
2026-03-12 19:09:11.292Z,3.9261,1,SYNTH
2026-03-12 19:09:12.106Z,3.9251,1,SYNTH
2026-03-12 19:09:13.595Z,3.9282,1,SYNTH
2026-03-12 19:09:14.839Z,3.9281,1,SYNTH
2026-03-12 19:09:15.668Z,3.9241,1,SYNTH
2026-03-12 19:09:16.130Z,3.9268,1,SYNTH
2026-03-12 19:09:17.728Z,3.9224,1,SYNTH
2026-03-12 19:09:18.017Z,3.9241,1,SYNTH
2026-03-12 19:09:19.426Z,3.9209,1,SYNTH
2026-03-12 19:09:20.464Z,3.9213,1,SYNTH
2026-03-12 19:09:21.348Z,3.9197,1,SYNTH
2026-03-12 19:09:22.010Z,3.9221,1,SYNTH
2026-03-12 19:09:23.879Z,3.9182,1,SYNTH
2026-03-12 19:09:24.335Z,3.9211,1,SYNTH
2026-03-12 19:08:25.414Z,3.8814,1,SYNTH
2026-03-12 19:08:26.571Z,3.8780,1,SYNTH
2026-03-12 19:08:27.449Z,3.8823,1,SYNTH
2026-03-12 19:08:28.093Z,3.8811,1,SYNTH
2026-03-12 19:08:29.801Z,3.8781,1,SYNTH
2026-03-12 19:08:30.590Z,3.8810,1,SYNTH
2026-03-12 19:08:31.348Z,3.8785,1,SYNTH
2026-03-12 19:08:32.750Z,3.8807,1,SYNTH
2026-03-12 19:08:33.070Z,3.8802,1,SYNTH
2026-03-12 19:08:34.455Z,3.8784,1,SYNTH
2026-03-12 19:08:35.679Z,3.8792,1,SYNTH
2026-03-12 19:08:36.582Z,3.8773,1,SYNTH
2026-03-12 19:08:37.277Z,3.8811,1,SYNTH
2026-03-12 19:08:38.308Z,3.8829,1,SYNTH
2026-03-12 19:08:39.776Z,3.8782,1,SYNTH
2026-03-12 19:08:40.697Z,3.8790,1,SYNTH
2026-03-12 19:08:41.150Z,3.8803,1,SYNTH
2026-03-12 19:08:42.577Z,3.8780,1,SYNTH
2026-03-12 19:08:43.342Z,3.8823,1,SYNTH
2026-03-12 19:08:44.013Z,3.8798,1,SYNTH
2026-03-12 19:08:45.177Z,3.8783,1,SYNTH
2026-03-12 19:08:46.095Z,3.8832,1,SYNTH
2026-03-12 19:08:47.451Z,3.8800,1,SYNTH
2026-03-12 19:08:48.495Z,3.8819,1,SYNTH
2026-03-12 19:08:49.182Z,3.8843,1,SYNTH
2026-03-12 19:08:50.521Z,3.8832,1,SYNTH
2026-03-12 19:08:51.407Z,3.8845,1,SYNTH
2026-03-12 19:08:52.858Z,3.8853,1,SYNTH
2026-03-12 19:08:53.884Z,3.8873,1,SYNTH
2026-03-12 19:08:54.189Z,3.8861,1,SYNTH
2026-03-12 19:08:55.428Z,3.8872,1,SYNTH
2026-03-12 19:08:56.020Z,3.8881,1,SYNTH
2026-03-12 19:08:57.700Z,3.8887,1,SYNTH
2026-03-12 19:08:58.808Z,3.8901,1,SYNTH
2026-03-12 19:08:59.213Z,3.8896,1,SYNTH
2026-03-12 19:09:00.428Z,3.8901,1,SYNTH
2026-03-12 19:09:01.014Z,3.8909,1,SYNTH
2026-03-12 19:09:02.325Z,3.8886,1,SYNTH
2026-03-12 19:09:03.698Z,3.8911,1,SYNTH
2026-03-12 19:09:04.356Z,3.8872,1,SYNTH
2026-03-12 19:09:05.404Z,3.8889,1,SYNTH
2026-03-12 19:09:06.383Z,3.8917,1,SYNTH
2026-03-12 19:09:07.795Z,3.8884,1,SYNTH
2026-03-12 19:09:08.576Z,3.8860,1,SYNTH
2026-03-12 19:09:09.020Z,3.8861,1,SYNTH
2026-03-12 19:09:10.602Z,3.8895,1,SYNTH
2026-03-12 19:09:11.278Z,3.8862,1,SYNTH
2026-03-12 19:09:12.482Z,3.8872,1,SYNTH
2026-03-12 19:09:13.190Z,3.8884,1,SYNTH
2026-03-12 19:09:14.234Z,3.8855,1,SYNTH
2026-03-12 19:09:15.691Z,3.8838,1,SYNTH
2026-03-12 19:09:16.399Z,3.8824,1,SYNTH
2026-03-12 19:09:17.382Z,3.8854,1,SYNTH
2026-03-12 19:09:18.657Z,3.8815,1,SYNTH
2026-03-12 19:09:19.058Z,3.8826,1,SYNTH
2026-03-12 19:09:20.231Z,3.8810,1,SYNTH
2026-03-12 19:09:21.063Z,3.8786,1,SYNTH
2026-03-12 19:09:22.040Z,3.8814,1,SYNTH
2026-03-12 19:09:23.814Z,3.8824,1,SYNTH
2026-03-12 19:09:24.363Z,3.8797,1,SYNTH
2026-03-12 19:08:25.204Z,3.9614,1,SYNTH
2026-03-12 19:08:26.834Z,3.9609,1,SYNTH
2026-03-12 19:08:27.715Z,3.9589,1,SYNTH
2026-03-12 19:08:28.879Z,3.9621,1,SYNTH
2026-03-12 19:08:29.139Z,3.9580,1,SYNTH
2026-03-12 19:08:30.842Z,3.9607,1,SYNTH
2026-03-12 19:08:31.825Z,3.9590,1,SYNTH
2026-03-12 19:08:32.413Z,3.9617,1,SYNTH
2026-03-12 19:08:33.802Z,3.9619,1,SYNTH
2026-03-12 19:08:34.248Z,3.9585,1,SYNTH
2026-03-12 19:08:35.804Z,3.9615,1,SYNTH
2026-03-12 19:08:36.441Z,3.9587,1,SYNTH
2026-03-12 19:08:37.265Z,3.9599,1,SYNTH
2026-03-12 19:08:38.366Z,3.9614,1,SYNTH
2026-03-12 19:08:39.081Z,3.9612,1,SYNTH
2026-03-12 19:08:40.398Z,3.9603,1,SYNTH
2026-03-12 19:08:41.603Z,3.9616,1,SYNTH
2026-03-12 19:08:42.812Z,3.9610,1,SYNTH
2026-03-12 19:08:43.618Z,3.9577,1,SYNTH
2026-03-12 19:08:44.491Z,3.9572,1,SYNTH
2026-03-12 19:08:45.573Z,3.9600,1,SYNTH
2026-03-12 19:08:46.046Z,3.9581,1,SYNTH
2026-03-12 19:08:47.238Z,3.9543,1,SYNTH
2026-03-12 19:08:48.459Z,3.9546,1,SYNTH
2026-03-12 19:08:49.706Z,3.9506,1,SYNTH
2026-03-12 19:08:50.575Z,3.9504,1,SYNTH
2026-03-12 19:08:51.408Z,3.9487,1,SYNTH
2026-03-12 19:08:52.245Z,3.9466,1,SYNTH
2026-03-12 19:08:53.473Z,3.9433,1,SYNTH
2026-03-12 19:08:54.663Z,3.9432,1,SYNTH
2026-03-12 19:08:55.590Z,3.9403,1,SYNTH
2026-03-12 19:08:56.664Z,3.9389,1,SYNTH
2026-03-12 19:08:57.603Z,3.9357,1,SYNTH
2026-03-12 19:08:58.522Z,3.9350,1,SYNTH
2026-03-12 19:08:59.111Z,3.9323,1,SYNTH
2026-03-12 19:09:00.028Z,3.9312,1,SYNTH
2026-03-12 19:09:01.864Z,3.9305,1,SYNTH
2026-03-12 19:09:02.648Z,3.9293,1,SYNTH
2026-03-12 19:09:03.125Z,3.9312,1,SYNTH
2026-03-12 19:09:04.000Z,3.9292,1,SYNTH
2026-03-12 19:09:05.743Z,3.9324,1,SYNTH
2026-03-12 19:09:06.685Z,3.9291,1,SYNTH
2026-03-12 19:09:07.520Z,3.9342,1,SYNTH
2026-03-12 19:09:08.801Z,3.9349,1,SYNTH
2026-03-12 19:09:09.240Z,3.9325,1,SYNTH
2026-03-12 19:09:10.128Z,3.9359,1,SYNTH
2026-03-12 19:09:11.514Z,3.9326,1,SYNTH
2026-03-12 19:09:12.571Z,3.9353,1,SYNTH
2026-03-12 19:09:13.299Z,3.9319,1,SYNTH
2026-03-12 19:09:14.555Z,3.9350,1,SYNTH
2026-03-12 19:09:15.566Z,3.9358,1,SYNTH
2026-03-12 19:09:16.455Z,3.9364,1,SYNTH
2026-03-12 19:09:17.471Z,3.9390,1,SYNTH
2026-03-12 19:09:18.298Z,3.9379,1,SYNTH
2026-03-12 19:09:19.349Z,3.9398,1,SYNTH
2026-03-12 19:09:20.818Z,3.9363,1,SYNTH
2026-03-12 19:09:21.691Z,3.9397,1,SYNTH
2026-03-12 19:09:22.576Z,3.9404,1,SYNTH
2026-03-12 19:09:23.639Z,3.9412,1,SYNTH
2026-03-12 19:09:24.263Z,3.9398,1,SYNTH
2026-03-12 19:08:25.745Z,3.9213,1,SYNTH
2026-03-12 19:08:26.863Z,3.9212,1,SYNTH
2026-03-12 19:08:27.028Z,3.9222,1,SYNTH
2026-03-12 19:08:28.321Z,3.9187,1,SYNTH
2026-03-12 19:08:29.362Z,3.9194,1,SYNTH
2026-03-12 19:08:30.292Z,3.9174,1,SYNTH
2026-03-12 19:08:31.185Z,3.9216,1,SYNTH
2026-03-12 19:08:32.517Z,3.9182,1,SYNTH
2026-03-12 19:08:33.512Z,3.9176,1,SYNTH
2026-03-12 19:08:34.139Z,3.9172,1,SYNTH
2026-03-12 19:08:35.070Z,3.9212,1,SYNTH
2026-03-12 19:08:36.617Z,3.9179,1,SYNTH
2026-03-12 19:08:37.534Z,3.9209,1,SYNTH
2026-03-12 19:08:38.222Z,3.9214,1,SYNTH
2026-03-12 19:08:39.070Z,3.9199,1,SYNTH
2026-03-12 19:08:40.443Z,3.9191,1,SYNTH
2026-03-12 19:08:41.235Z,3.9204,1,SYNTH
2026-03-12 19:08:42.161Z,3.9190,1,SYNTH
2026-03-12 19:08:43.896Z,3.9215,1,SYNTH
2026-03-12 19:08:44.336Z,3.9231,1,SYNTH
2026-03-12 19:08:45.601Z,3.9211,1,SYNTH
2026-03-12 19:08:46.370Z,3.9220,1,SYNTH
2026-03-12 19:08:47.291Z,3.9237,1,SYNTH
2026-03-12 19:08:48.845Z,3.9253,1,SYNTH
2026-03-12 19:08:49.030Z,3.9261,1,SYNTH
2026-03-12 19:08:50.075Z,3.9302,1,SYNTH
2026-03-12 19:08:51.780Z,3.9320,1,SYNTH
2026-03-12 19:08:52.448Z,3.9334,1,SYNTH
2026-03-12 19:08:53.473Z,3.9351,1,SYNTH
2026-03-12 19:08:54.182Z,3.9379,1,SYNTH
2026-03-12 19:08:55.202Z,3.9405,1,SYNTH
2026-03-12 19:08:56.274Z,3.9429,1,SYNTH
2026-03-12 19:08:57.749Z,3.9438,1,SYNTH
2026-03-12 19:08:58.530Z,3.9467,1,SYNTH
2026-03-12 19:08:59.284Z,3.9470,1,SYNTH
2026-03-12 19:09:00.696Z,3.9481,1,SYNTH
2026-03-12 19:09:01.275Z,3.9489,1,SYNTH
2026-03-12 19:09:02.354Z,3.9510,1,SYNTH
2026-03-12 19:09:03.787Z,3.9489,1,SYNTH
2026-03-12 19:09:04.701Z,3.9517,1,SYNTH
2026-03-12 19:09:05.046Z,3.9474,1,SYNTH
2026-03-12 19:09:06.623Z,3.9468,1,SYNTH
2026-03-12 19:09:07.029Z,3.9500,1,SYNTH
2026-03-12 19:09:08.025Z,3.9472,1,SYNTH
2026-03-12 19:09:09.360Z,3.9453,1,SYNTH
2026-03-12 19:09:10.697Z,3.9482,1,SYNTH
2026-03-12 19:09:11.376Z,3.9460,1,SYNTH
2026-03-12 19:09:12.541Z,3.9441,1,SYNTH
2026-03-12 19:09:13.823Z,3.9471,1,SYNTH
2026-03-12 19:09:14.340Z,3.9453,1,SYNTH
2026-03-12 19:09:15.484Z,3.9473,1,SYNTH
2026-03-12 19:09:16.391Z,3.9480,1,SYNTH
2026-03-12 19:09:17.509Z,3.9483,1,SYNTH
2026-03-12 19:09:18.177Z,3.9502,1,SYNTH
2026-03-12 19:09:19.492Z,3.9502,1,SYNTH
2026-03-12 19:09:20.295Z,3.9505,1,SYNTH
2026-03-12 19:09:21.701Z,3.9470,1,SYNTH
2026-03-12 19:09:22.498Z,3.9501,1,SYNTH
2026-03-12 19:09:23.643Z,3.9518,1,SYNTH
2026-03-12 19:09:24.143Z,3.9507,1,SYNTH
2026-03-12 19:08:25.008Z,3.9310,1,SYNTH
2026-03-12 19:08:26.298Z,3.9310,1,SYNTH
2026-03-12 19:08:27.396Z,3.9286,1,SYNTH
2026-03-12 19:08:28.342Z,3.9315,1,SYNTH
2026-03-12 19:08:29.628Z,3.9286,1,SYNTH
2026-03-12 19:08:30.202Z,3.9315,1,SYNTH
2026-03-12 19:08:31.814Z,3.9306,1,SYNTH
2026-03-12 19:08:32.312Z,3.9280,1,SYNTH
2026-03-12 19:08:33.733Z,3.9322,1,SYNTH
2026-03-12 19:08:34.088Z,3.9279,1,SYNTH
2026-03-12 19:08:35.457Z,3.9278,1,SYNTH
2026-03-12 19:08:36.643Z,3.9312,1,SYNTH
2026-03-12 19:08:37.688Z,3.9293,1,SYNTH
2026-03-12 19:08:38.870Z,3.9287,1,SYNTH
2026-03-12 19:08:39.808Z,3.9314,1,SYNTH
2026-03-12 19:08:40.086Z,3.9308,1,SYNTH
2026-03-12 19:08:41.699Z,3.9321,1,SYNTH
2026-03-12 19:08:42.457Z,3.9278,1,SYNTH
2026-03-12 19:08:43.295Z,3.9308,1,SYNTH
2026-03-12 19:08:44.509Z,3.9323,1,SYNTH
2026-03-12 19:08:45.544Z,3.9318,1,SYNTH
2026-03-12 19:08:46.539Z,3.9329,1,SYNTH
2026-03-12 19:08:47.052Z,3.9339,1,SYNTH
2026-03-12 19:08:48.804Z,3.9366,1,SYNTH
2026-03-12 19:08:49.636Z,3.9376,1,SYNTH
2026-03-12 19:08:50.826Z,3.9411,1,SYNTH
2026-03-12 19:08:51.277Z,3.9411,1,SYNTH
2026-03-12 19:08:52.054Z,3.9439,1,SYNTH
2026-03-12 19:08:53.743Z,3.9459,1,SYNTH
2026-03-12 19:08:54.217Z,3.9489,1,SYNTH
2026-03-12 19:08:55.235Z,3.9491,1,SYNTH
2026-03-12 19:08:56.288Z,3.9512,1,SYNTH
2026-03-12 19:08:57.328Z,3.9542,1,SYNTH
2026-03-12 19:08:58.277Z,3.9560,1,SYNTH
2026-03-12 19:08:59.115Z,3.9575,1,SYNTH
2026-03-12 19:09:00.763Z,3.9589,1,SYNTH
2026-03-12 19:09:01.576Z,3.9604,1,SYNTH
2026-03-12 19:09:02.676Z,3.9596,1,SYNTH
2026-03-12 19:09:03.827Z,3.9609,1,SYNTH
2026-03-12 19:09:04.473Z,3.9626,1,SYNTH
2026-03-12 19:09:05.824Z,3.9592,1,SYNTH
2026-03-12 19:09:06.180Z,3.9574,1,SYNTH
2026-03-12 19:09:07.169Z,3.9609,1,SYNTH
2026-03-12 19:09:08.187Z,3.9567,1,SYNTH
2026-03-12 19:09:09.521Z,3.9598,1,SYNTH
2026-03-12 19:09:10.103Z,3.9568,1,SYNTH
2026-03-12 19:09:11.177Z,3.9595,1,SYNTH
2026-03-12 19:09:12.151Z,3.9558,1,SYNTH
2026-03-12 19:09:13.161Z,3.9575,1,SYNTH
2026-03-12 19:09:14.398Z,3.9597,1,SYNTH
2026-03-12 19:09:15.677Z,3.9563,1,SYNTH
2026-03-12 19:09:16.044Z,3.9588,1,SYNTH
2026-03-12 19:09:17.509Z,3.9559,1,SYNTH
2026-03-12 19:09:18.079Z,3.9605,1,SYNTH
2026-03-12 19:09:19.107Z,3.9594,1,SYNTH
2026-03-12 19:09:20.207Z,3.9571,1,SYNTH
2026-03-12 19:09:21.612Z,3.9610,1,SYNTH
2026-03-12 19:09:22.256Z,3.9617,1,SYNTH
2026-03-12 19:09:23.719Z,3.9625,1,SYNTH
2026-03-12 19:09:24.684Z,3.9600,1,SYNTH
2026-03-12 19:08:25.611Z,3.9613,1,SYNTH
2026-03-12 19:08:26.577Z,3.9584,1,SYNTH
2026-03-12 19:08:27.858Z,3.9612,1,SYNTH
2026-03-12 19:08:28.515Z,3.9582,1,SYNTH
2026-03-12 19:08:29.438Z,3.9609,1,SYNTH
2026-03-12 19:08:30.899Z,3.9605,1,SYNTH
2026-03-12 19:08:31.735Z,3.9616,1,SYNTH
2026-03-12 19:08:32.825Z,3.9583,1,SYNTH
2026-03-12 19:08:33.084Z,3.9610,1,SYNTH
2026-03-12 19:08:34.215Z,3.9604,1,SYNTH
2026-03-12 19:08:35.862Z,3.9611,1,SYNTH
2026-03-12 19:08:36.127Z,3.9621,1,SYNTH
2026-03-12 19:08:37.255Z,3.9594,1,SYNTH
2026-03-12 19:08:38.769Z,3.9586,1,SYNTH
2026-03-12 19:08:39.794Z,3.9605,1,SYNTH
2026-03-12 19:08:40.652Z,3.9614,1,SYNTH
2026-03-12 19:08:41.464Z,3.9613,1,SYNTH
2026-03-12 19:08:42.107Z,3.9594,1,SYNTH
2026-03-12 19:08:43.684Z,3.9587,1,SYNTH
2026-03-12 19:08:44.848Z,3.9618,1,SYNTH
2026-03-12 19:08:45.514Z,3.9566,1,SYNTH
2026-03-12 19:08:46.608Z,3.9571,1,SYNTH
2026-03-12 19:08:47.010Z,3.9544,1,SYNTH
2026-03-12 19:08:48.776Z,3.9517,1,SYNTH
2026-03-12 19:08:49.876Z,3.9509,1,SYNTH
2026-03-12 19:08:50.647Z,3.9475,1,SYNTH
2026-03-12 19:08:51.830Z,3.9431,1,SYNTH
2026-03-12 19:08:52.300Z,3.9415,1,SYNTH
2026-03-12 19:08:53.326Z,3.9388,1,SYNTH
2026-03-12 19:08:54.507Z,3.9355,1,SYNTH
2026-03-12 19:08:55.049Z,3.9339,1,SYNTH
2026-03-12 19:08:56.603Z,3.9310,1,SYNTH
2026-03-12 19:08:57.148Z,3.9283,1,SYNTH
2026-03-12 19:08:58.082Z,3.9263,1,SYNTH
2026-03-12 19:08:59.743Z,3.9246,1,SYNTH
2026-03-12 19:09:00.752Z,3.9217,1,SYNTH
2026-03-12 19:09:01.520Z,3.9204,1,SYNTH
2026-03-12 19:09:02.175Z,3.9198,1,SYNTH
2026-03-12 19:09:03.549Z,3.9182,1,SYNTH
2026-03-12 19:09:04.100Z,3.9214,1,SYNTH
2026-03-12 19:09:05.017Z,3.9188,1,SYNTH
2026-03-12 19:09:06.321Z,3.9237,1,SYNTH
2026-03-12 19:09:07.058Z,3.9211,1,SYNTH
2026-03-12 19:09:08.819Z,3.9227,1,SYNTH
2026-03-12 19:09:09.319Z,3.9225,1,SYNTH
2026-03-12 19:09:10.877Z,3.9244,1,SYNTH
2026-03-12 19:09:11.245Z,3.9241,1,SYNTH
2026-03-12 19:09:12.623Z,3.9240,1,SYNTH
2026-03-12 19:09:13.789Z,3.9219,1,SYNTH
2026-03-12 19:09:14.151Z,3.9212,1,SYNTH
2026-03-12 19:09:15.067Z,3.9244,1,SYNTH
2026-03-12 19:09:16.104Z,3.9213,1,SYNTH
2026-03-12 19:09:17.571Z,3.9211,1,SYNTH
2026-03-12 19:09:18.699Z,3.9225,1,SYNTH
2026-03-12 19:09:19.459Z,3.9212,1,SYNTH
2026-03-12 19:09:20.249Z,3.9180,1,SYNTH
2026-03-12 19:09:21.407Z,3.9222,1,SYNTH
2026-03-12 19:09:22.496Z,3.9179,1,SYNTH
2026-03-12 19:09:23.054Z,3.9210,1,SYNTH
2026-03-12 19:09:24.732Z,3.9192,1,SYNTH
2026-03-12 19:08:25.581Z,3.9116,1,SYNTH
2026-03-12 19:08:26.796Z,3.9122,1,SYNTH
2026-03-12 19:08:27.692Z,3.9091,1,SYNTH
2026-03-12 19:08:28.168Z,3.9103,1,SYNTH
2026-03-12 19:08:29.625Z,3.9121,1,SYNTH
2026-03-12 19:08:30.839Z,3.9078,1,SYNTH
2026-03-12 19:08:31.046Z,3.9080,1,SYNTH
2026-03-12 19:08:32.215Z,3.9106,1,SYNTH
2026-03-12 19:08:33.696Z,3.9108,1,SYNTH
2026-03-12 19:08:34.261Z,3.9091,1,SYNTH
2026-03-12 19:08:35.072Z,3.9087,1,SYNTH
2026-03-12 19:08:36.181Z,3.9093,1,SYNTH
2026-03-12 19:08:37.048Z,3.9085,1,SYNTH
2026-03-12 19:08:38.756Z,3.9127,1,SYNTH
2026-03-12 19:08:39.091Z,3.9074,1,SYNTH
2026-03-12 19:08:40.614Z,3.9109,1,SYNTH
2026-03-12 19:08:41.267Z,3.9099,1,SYNTH
2026-03-12 19:08:42.077Z,3.9073,1,SYNTH
2026-03-12 19:08:43.523Z,3.9099,1,SYNTH
2026-03-12 19:08:44.831Z,3.9109,1,SYNTH
2026-03-12 19:08:45.746Z,3.9084,1,SYNTH
2026-03-12 19:08:46.715Z,3.9124,1,SYNTH
2026-03-12 19:08:47.648Z,3.9097,1,SYNTH
2026-03-12 19:08:48.401Z,3.9116,1,SYNTH
2026-03-12 19:08:49.421Z,3.9135,1,SYNTH
2026-03-12 19:08:50.647Z,3.9108,1,SYNTH
2026-03-12 19:08:51.376Z,3.9135,1,SYNTH
2026-03-12 19:08:52.528Z,3.9153,1,SYNTH
2026-03-12 19:08:53.462Z,3.9160,1,SYNTH
2026-03-12 19:08:54.080Z,3.9142,1,SYNTH
2026-03-12 19:08:55.463Z,3.9185,1,SYNTH
2026-03-12 19:08:56.683Z,3.9197,1,SYNTH
2026-03-12 19:08:57.156Z,3.9166,1,SYNTH
2026-03-12 19:08:58.872Z,3.9186,1,SYNTH
2026-03-12 19:08:59.374Z,3.9183,1,SYNTH
2026-03-12 19:09:00.179Z,3.9188,1,SYNTH
2026-03-12 19:09:01.165Z,3.9217,1,SYNTH
2026-03-12 19:09:02.467Z,3.9222,1,SYNTH
2026-03-12 19:09:03.568Z,3.9201,1,SYNTH
