TimestampUtc,Bid,Ask,BidSize,AskSize,SpreadBps
2026-03-09 13:30:00.849Z,1.0052,1.0148,100,100,95.0
2026-03-09 13:30:01.267Z,1.0041,1.0157,100,100,114.9
2026-03-09 13:30:02.601Z,1.0043,1.0157,100,100,112.9
2026-03-09 13:30:03.470Z,1.0050,1.0150,100,100,99.0
2026-03-09 13:30:04.169Z,1.0058,1.0146,100,100,87.1
2026-03-09 13:30:05.812Z,1.0049,1.0153,100,100,103.0
2026-03-09 13:30:06.453Z,1.0061,1.0143,100,100,81.2
2026-03-09 13:30:07.480Z,1.0045,1.0153,100,100,106.9
2026-03-09 13:30:08.580Z,1.0054,1.0142,100,100,87.1
2026-03-09 13:30:09.228Z,1.0054,1.0150,100,100,95.0
2026-03-09 13:30:10.700Z,1.0050,1.0152,100,100,101.0
2026-03-09 13:30:11.679Z,1.0048,1.0148,100,100,99.0
2026-03-09 13:30:12.635Z,1.0045,1.0151,100,100,105.0
2026-03-09 13:30:13.543Z,1.0047,1.0151,100,100,103.0
2026-03-09 13:30:14.766Z,1.0044,1.0160,100,100,114.8
2026-03-09 13:30:15.002Z,1.0050,1.0148,100,100,97.0
2026-03-09 13:30:16.481Z,1.0047,1.0151,100,100,103.0
2026-03-09 13:30:17.878Z,1.0043,1.0161,100,100,116.8
2026-03-09 13:30:18.055Z,1.0061,1.0143,100,100,81.2
2026-03-09 13:30:19.880Z,1.0053,1.0147,100,100,93.1
2026-03-09 13:30:20.592Z,1.0057,1.0139,100,100,81.2
2026-03-09 13:30:21.844Z,1.0051,1.0149,100,100,97.0
2026-03-09 13:30:22.299Z,1.0048,1.0156,100,100,106.9
2026-03-09 13:30:23.092Z,1.0050,1.0152,100,100,101.0
2026-03-09 13:30:24.645Z,1.0042,1.0160,100,100,116.8
2026-03-09 13:30:25.728Z,1.0048,1.0150,100,100,101.0
2026-03-09 13:30:26.597Z,1.0060,1.0144,100,100,83.2
2026-03-09 13:30:27.433Z,1.0043,1.0161,100,100,116.8
2026-03-09 13:30:28.483Z,1.0041,1.0155,100,100,112.9
2026-03-09 13:30:29.352Z,1.0045,1.0155,100,100,108.9
2026-03-09 13:30:30.412Z,1.0054,1.0150,100,100,95.0
2026-03-09 13:30:31.649Z,1.0043,1.0157,100,100,112.9
2026-03-09 13:30:32.383Z,1.0047,1.0151,100,100,103.0
2026-03-09 13:30:33.257Z,1.0057,1.0141,100,100,83.2
2026-03-09 13:30:34.129Z,1.0061,1.0143,100,100,81.2
2026-03-09 13:30:35.852Z,1.0057,1.0147,100,100,89.1
2026-03-09 13:30:36.068Z,1.0042,1.0156,100,100,112.9
2026-03-09 13:30:37.273Z,1.0042,1.0154,100,100,110.9
2026-03-09 13:30:38.610Z,1.0047,1.0157,100,100,108.9
2026-03-09 13:30:39.845Z,1.0046,1.0150,100,100,103.0
2026-03-09 13:30:40.255Z,1.0050,1.0146,100,100,95.1
2026-03-09 13:30:41.405Z,1.0056,1.0142,100,100,85.2
2026-03-09 13:30:42.429Z,1.0044,1.0158,100,100,112.9
2026-03-09 13:30:43.571Z,1.0044,1.0160,100,100,114.8
2026-03-09 13:30:44.456Z,1.0038,1.0156,100,100,116.9
2026-03-09 13:30:45.392Z,1.0045,1.0157,100,100,110.9
2026-03-09 13:30:46.345Z,1.0040,1.0158,100,100,116.8
2026-03-09 13:30:47.601Z,1.0048,1.0152,100,100,103.0
2026-03-09 13:30:48.153Z,1.0055,1.0145,100,100,89.1
2026-03-09 13:30:49.763Z,1.0053,1.0143,100,100,89.1
2026-03-09 13:30:50.058Z,1.0056,1.0146,100,100,89.1
2026-03-09 13:30:51.354Z,1.0053,1.0151,100,100,97.0
2026-03-09 13:30:52.624Z,1.0050,1.0146,100,100,95.1
2026-03-09 13:30:53.520Z,1.0061,1.0143,100,100,81.2
2026-03-09 13:30:54.028Z,1.0047,1.0153,100,100,105.0
2026-03-09 13:30:55.213Z,1.0048,1.0156,100,100,106.9
2026-03-09 13:30:56.183Z,1.0044,1.0156,100,100,110.9
2026-03-09 13:30:57.153Z,1.0046,1.0156,100,100,108.9
2026-03-09 13:30:58.197Z,1.0050,1.0154,100,100,102.9
2026-03-09 13:30:59.738Z,1.0047,1.0153,100,100,105.0
2026-03-09 13:39:00.173Z,1.0058,1.0142,100,100,83.2
2026-03-09 13:39:01.288Z,1.0042,1.0160,100,100,116.8
2026-03-09 13:39:02.273Z,1.0040,1.0158,100,100,116.8
2026-03-09 13:39:03.681Z,1.0044,1.0156,100,100,110.9
2026-03-09 13:39:04.024Z,1.0044,1.0160,100,100,114.8
2026-03-09 13:39:05.586Z,1.0056,1.0146,100,100,89.1
2026-03-09 13:39:06.733Z,1.0056,1.0146,100,100,89.1
2026-03-09 13:39:07.143Z,1.0042,1.0158,100,100,114.9
2026-03-09 13:39:08.218Z,1.0056,1.0146,100,100,89.1
2026-03-09 13:39:09.467Z,1.0050,1.0146,100,100,95.1
2026-03-09 13:39:10.126Z,1.0050,1.0152,100,100,101.0
2026-03-09 13:39:11.267Z,1.0045,1.0153,100,100,106.9
2026-03-09 13:39:12.054Z,1.0046,1.0152,100,100,105.0
2026-03-09 13:39:13.027Z,1.0055,1.0149,100,100,93.1
2026-03-09 13:39:14.771Z,1.0052,1.0150,100,100,97.0
2026-03-09 13:39:15.720Z,1.0052,1.0144,100,100,91.1
2026-03-09 13:39:16.248Z,1.0049,1.0147,100,100,97.0
2026-03-09 13:39:17.262Z,1.0039,1.0157,100,100,116.9
2026-03-09 13:39:18.451Z,1.0048,1.0156,100,100,106.9
2026-03-09 13:39:19.516Z,1.0056,1.0144,100,100,87.1
2026-03-09 13:39:20.163Z,1.0046,1.0154,100,100,106.9
2026-03-09 13:39:21.626Z,1.0040,1.0158,100,100,116.8
2026-03-09 13:39:22.019Z,1.0041,1.0157,100,100,114.9
2026-03-09 13:39:23.531Z,1.0055,1.0145,100,100,89.1
2026-03-09 13:39:24.084Z,1.0047,1.0157,100,100,108.9
2026-03-09 13:39:25.171Z,1.0051,1.0153,100,100,101.0
2026-03-09 13:39:26.551Z,1.0044,1.0156,100,100,110.9
2026-03-09 13:39:27.525Z,1.0058,1.0146,100,100,87.1
2026-03-09 13:39:28.300Z,1.0046,1.0156,100,100,108.9
2026-03-09 13:39:29.551Z,1.0059,1.0145,100,100,85.1
2026-03-09 13:39:30.310Z,1.0042,1.0162,100,100,118.8
2026-03-09 13:39:31.421Z,1.0058,1.0146,100,100,87.1
2026-03-09 13:39:32.137Z,1.0041,1.0157,100,100,114.9
2026-03-09 13:39:33.203Z,1.0041,1.0153,100,100,110.9
2026-03-09 13:39:34.369Z,1.0048,1.0150,100,100,101.0
2026-03-09 13:39:35.339Z,1.0042,1.0162,100,100,118.8
2026-03-09 13:39:36.042Z,1.0044,1.0154,100,100,108.9
2026-03-09 13:39:37.569Z,1.0047,1.0157,100,100,108.9
2026-03-09 13:39:38.355Z,1.0043,1.0155,100,100,110.9
2026-03-09 13:39:39.437Z,1.0051,1.0145,100,100,93.1
2026-03-09 13:39:40.759Z,1.0055,1.0147,100,100,91.1
2026-03-09 13:39:41.716Z,1.0057,1.0139,100,100,81.2
2026-03-09 13:39:42.471Z,1.0041,1.0159,100,100,116.8
2026-03-09 13:39:43.378Z,1.0039,1.0157,100,100,116.9
2026-03-09 13:39:44.464Z,1.0050,1.0154,100,100,102.9
2026-03-09 13:39:45.600Z,1.0057,1.0141,100,100,83.2
2026-03-09 13:39:46.056Z,1.0048,1.0150,100,100,101.0
2026-03-09 13:39:47.704Z,1.0040,1.0156,100,100,114.9
2026-03-09 13:39:48.548Z,1.0039,1.0157,100,100,116.9
2026-03-09 13:39:49.425Z,1.0049,1.0151,100,100,101.0
2026-03-09 13:39:50.515Z,1.0059,1.0141,100,100,81.2
2026-03-09 13:39:51.263Z,1.0058,1.0140,100,100,81.2
2026-03-09 13:39:52.666Z,1.0041,1.0159,100,100,116.8
2026-03-09 13:39:53.894Z,1.0048,1.0150,100,100,101.0
2026-03-09 13:39:54.497Z,1.0051,1.0151,100,100,99.0
2026-03-09 13:39:55.490Z,1.0041,1.0155,100,100,112.9
2026-03-09 13:39:56.117Z,1.0043,1.0155,100,100,110.9
2026-03-09 13:39:57.029Z,1.0055,1.0149,100,100,93.1
2026-03-09 13:39:58.657Z,1.0054,1.0146,100,100,91.1
2026-03-09 13:39:59.608Z,1.0046,1.0154,100,100,106.9
2026-03-09 13:46:00.043Z,1.0058,1.0142,100,100,83.2
2026-03-09 13:46:01.752Z,1.0049,1.0155,100,100,104.9
2026-03-09 13:46:02.599Z,1.0054,1.0150,100,100,95.0
2026-03-09 13:46:03.356Z,1.0053,1.0143,100,100,89.1
2026-03-09 13:46:04.531Z,1.0044,1.0156,100,100,110.9
2026-03-09 13:46:05.288Z,1.0053,1.0145,100,100,91.1
2026-03-09 13:46:06.708Z,1.0055,1.0141,100,100,85.2
2026-03-09 13:46:07.297Z,1.0041,1.0157,100,100,114.9
2026-03-09 13:46:08.321Z,1.0057,1.0143,100,100,85.1
2026-03-09 13:46:09.502Z,1.0048,1.0156,100,100,106.9
2026-03-09 13:46:10.384Z,1.0060,1.0140,100,100,79.2
2026-03-09 13:46:11.269Z,1.0040,1.0158,100,100,116.8
2026-03-09 13:46:12.511Z,1.0043,1.0157,100,100,112.9
2026-03-09 13:46:13.466Z,1.0044,1.0160,100,100,114.8
2026-03-09 13:46:14.475Z,1.0051,1.0147,100,100,95.1
2026-03-09 13:46:15.424Z,1.0059,1.0139,100,100,79.2
2026-03-09 13:46:16.601Z,1.0052,1.0146,100,100,93.1
2026-03-09 13:46:17.708Z,1.0049,1.0151,100,100,101.0
2026-03-09 13:46:18.349Z,1.0044,1.0158,100,100,112.9
2026-03-09 13:46:19.466Z,1.0045,1.0153,100,100,106.9
2026-03-09 13:46:20.598Z,1.0040,1.0160,100,100,118.8
2026-03-09 13:46:21.039Z,1.0046,1.0152,100,100,105.0
2026-03-09 13:46:22.262Z,1.0060,1.0144,100,100,83.2
2026-03-09 13:46:23.197Z,1.0043,1.0155,100,100,110.9
2026-03-09 13:46:24.002Z,1.0044,1.0154,100,100,108.9
2026-03-09 13:46:25.605Z,1.0053,1.0145,100,100,91.1
2026-03-09 13:46:26.714Z,1.0057,1.0141,100,100,83.2
2026-03-09 13:46:27.620Z,1.0051,1.0149,100,100,97.0
2026-03-09 13:46:28.143Z,1.0042,1.0162,100,100,118.8
2026-03-09 13:46:29.304Z,1.0043,1.0159,100,100,114.8
2026-03-09 13:46:30.696Z,1.0054,1.0148,100,100,93.1
2026-03-09 13:46:31.839Z,1.0042,1.0162,100,100,118.8
2026-03-09 13:46:32.689Z,1.0053,1.0151,100,100,97.0
2026-03-09 13:46:33.167Z,1.0057,1.0147,100,100,89.1
2026-03-09 13:46:34.699Z,1.0045,1.0157,100,100,110.9
2026-03-09 13:46:35.041Z,1.0050,1.0150,100,100,99.0
2026-03-09 13:46:36.727Z,1.0045,1.0151,100,100,105.0
2026-03-09 13:46:37.418Z,1.0052,1.0146,100,100,93.1
2026-03-09 13:46:38.630Z,1.0047,1.0153,100,100,105.0
2026-03-09 13:46:39.626Z,1.0046,1.0158,100,100,110.9
2026-03-09 13:46:40.078Z,1.0054,1.0142,100,100,87.1
2026-03-09 13:46:41.001Z,1.0055,1.0147,100,100,91.1
2026-03-09 13:46:42.389Z,1.0058,1.0140,100,100,81.2
2026-03-09 13:46:43.147Z,1.0058,1.0146,100,100,87.1
2026-03-09 13:46:44.772Z,1.0057,1.0145,100,100,87.1
2026-03-09 13:46:45.129Z,1.0047,1.0157,100,100,108.9
2026-03-09 13:46:46.266Z,1.0054,1.0148,100,100,93.1
2026-03-09 13:46:47.595Z,1.0046,1.0156,100,100,108.9
2026-03-09 13:46:48.182Z,1.0038,1.0160,100,100,120.8
2026-03-09 13:46:49.605Z,1.0053,1.0145,100,100,91.1
2026-03-09 13:46:50.470Z,1.0053,1.0151,100,100,97.0
2026-03-09 13:46:51.827Z,1.0038,1.0158,100,100,118.8
2026-03-09 13:46:52.229Z,1.0053,1.0147,100,100,93.1
2026-03-09 13:46:53.102Z,1.0055,1.0145,100,100,89.1
2026-03-09 13:46:54.382Z,1.0058,1.0144,100,100,85.1
2026-03-09 13:46:55.777Z,1.0050,1.0154,100,100,102.9
2026-03-09 13:46:56.759Z,1.0040,1.0156,100,100,114.9
2026-03-09 13:46:57.808Z,1.0059,1.0143,100,100,83.2
2026-03-09 13:46:58.638Z,1.0062,1.0142,100,100,79.2
2026-03-09 13:46:59.775Z,1.0055,1.0145,100,100,89.1
2026-03-09 13:53:00.407Z,1.0049,1.0151,100,100,101.0
2026-03-09 13:53:01.856Z,1.0041,1.0155,100,100,112.9
2026-03-09 13:53:02.371Z,1.0040,1.0158,100,100,116.8
2026-03-09 13:53:03.838Z,1.0054,1.0146,100,100,91.1
2026-03-09 13:53:04.831Z,1.0040,1.0156,100,100,114.9
2026-03-09 13:53:05.365Z,1.0040,1.0158,100,100,116.8
2026-03-09 13:53:06.555Z,1.0058,1.0142,100,100,83.2
2026-03-09 13:53:07.015Z,1.0047,1.0155,100,100,106.9
2026-03-09 13:53:08.377Z,1.0047,1.0151,100,100,103.0
2026-03-09 13:53:09.023Z,1.0059,1.0141,100,100,81.2
2026-03-09 13:53:10.470Z,1.0058,1.0146,100,100,87.1
2026-03-09 13:53:11.533Z,1.0051,1.0145,100,100,93.1
2026-03-09 13:53:12.022Z,1.0045,1.0157,100,100,110.9
2026-03-09 13:53:13.293Z,1.0042,1.0158,100,100,114.9
2026-03-09 13:53:14.200Z,1.0042,1.0156,100,100,112.9
2026-03-09 13:53:15.333Z,1.0061,1.0145,100,100,83.1
2026-03-09 13:53:16.331Z,1.0052,1.0152,100,100,99.0
2026-03-09 13:53:17.377Z,1.0054,1.0146,100,100,91.1
2026-03-09 13:53:18.627Z,1.0055,1.0141,100,100,85.2
2026-03-09 13:53:19.592Z,1.0048,1.0150,100,100,101.0
2026-03-09 13:53:20.144Z,1.0048,1.0156,100,100,106.9
2026-03-09 13:53:21.615Z,1.0046,1.0154,100,100,106.9
2026-03-09 13:53:22.464Z,1.0044,1.0160,100,100,114.8
2026-03-09 13:53:23.495Z,1.0057,1.0143,100,100,85.1
2026-03-09 13:53:24.058Z,1.0043,1.0155,100,100,110.9
2026-03-09 13:53:25.096Z,1.0042,1.0160,100,100,116.8
2026-03-09 13:53:26.738Z,1.0040,1.0154,100,100,112.9
2026-03-09 13:53:27.655Z,1.0046,1.0152,100,100,105.0
2026-03-09 13:53:28.663Z,1.0051,1.0151,100,100,99.0
2026-03-09 13:53:29.751Z,1.0052,1.0152,100,100,99.0
2026-03-09 13:53:30.498Z,1.0054,1.0150,100,100,95.0
2026-03-09 13:53:31.347Z,1.0050,1.0152,100,100,101.0
2026-03-09 13:53:32.684Z,1.0044,1.0160,100,100,114.8
2026-03-09 13:53:33.662Z,1.0059,1.0145,100,100,85.1
2026-03-09 13:53:34.853Z,1.0041,1.0157,100,100,114.9
2026-03-09 13:53:35.527Z,1.0061,1.0143,100,100,81.2
2026-03-09 13:53:36.553Z,1.0055,1.0145,100,100,89.1
2026-03-09 13:53:37.381Z,1.0041,1.0159,100,100,116.8
2026-03-09 13:53:38.193Z,1.0055,1.0147,100,100,91.1
2026-03-09 13:53:39.749Z,1.0060,1.0142,100,100,81.2
2026-03-09 13:53:40.611Z,1.0049,1.0151,100,100,101.0
2026-03-09 13:53:41.624Z,1.0049,1.0153,100,100,103.0
2026-03-09 13:53:42.333Z,1.0052,1.0148,100,100,95.0
2026-03-09 13:53:43.463Z,1.0055,1.0141,100,100,85.2
2026-03-09 13:53:44.686Z,1.0046,1.0150,100,100,103.0
2026-03-09 13:53:45.590Z,1.0046,1.0156,100,100,108.9
2026-03-09 13:53:46.496Z,1.0050,1.0154,100,100,102.9
2026-03-09 13:53:47.089Z,1.0046,1.0154,100,100,106.9
2026-03-09 13:53:48.747Z,1.0054,1.0148,100,100,93.1
2026-03-09 13:53:49.757Z,1.0058,1.0140,100,100,81.2
2026-03-09 13:53:50.632Z,1.0045,1.0157,100,100,110.9
2026-03-09 13:53:51.065Z,1.0043,1.0161,100,100,116.8
2026-03-09 13:53:52.887Z,1.0042,1.0154,100,100,110.9
2026-03-09 13:53:53.693Z,1.0044,1.0154,100,100,108.9
2026-03-09 13:53:54.763Z,1.0051,1.0145,100,100,93.1
2026-03-09 13:53:55.374Z,1.0051,1.0145,100,100,93.1
2026-03-09 13:53:56.553Z,1.0055,1.0141,100,100,85.2
2026-03-09 13:53:57.700Z,1.0059,1.0145,100,100,85.1
2026-03-09 13:53:58.152Z,1.0048,1.0148,100,100,99.0
2026-03-09 13:53:59.068Z,1.0053,1.0147,100,100,93.1
2026-03-09 14:04:00.385Z,1.0040,1.0160,100,100,118.8
2026-03-09 14:04:01.321Z,1.0049,1.0151,100,100,101.0
2026-03-09 14:04:02.706Z,1.0049,1.0147,100,100,97.0
2026-03-09 14:04:03.259Z,1.0040,1.0158,100,100,116.8
2026-03-09 14:04:04.720Z,1.0051,1.0149,100,100,97.0
2026-03-09 14:04:05.457Z,1.0058,1.0140,100,100,81.2
2026-03-09 14:04:06.662Z,1.0044,1.0154,100,100,108.9
2026-03-09 14:04:07.838Z,1.0044,1.0156,100,100,110.9
2026-03-09 14:04:08.451Z,1.0044,1.0158,100,100,112.9
2026-03-09 14:04:09.161Z,1.0047,1.0149,100,100,101.0
2026-03-09 14:04:10.490Z,1.0042,1.0156,100,100,112.9
2026-03-09 14:04:11.872Z,1.0053,1.0145,100,100,91.1
2026-03-09 14:04:12.269Z,1.0056,1.0148,100,100,91.1
2026-03-09 14:04:13.009Z,1.0047,1.0157,100,100,108.9
2026-03-09 14:04:14.437Z,1.0038,1.0158,100,100,118.8
2026-03-09 14:04:15.879Z,1.0047,1.0151,100,100,103.0
2026-03-09 14:04:16.882Z,1.0054,1.0150,100,100,95.0
2026-03-09 14:04:17.823Z,1.0048,1.0150,100,100,101.0
2026-03-09 14:04:18.582Z,1.0057,1.0145,100,100,87.1
2026-03-09 14:04:19.205Z,1.0044,1.0158,100,100,112.9
2026-03-09 14:04:20.381Z,1.0042,1.0160,100,100,116.8
2026-03-09 14:04:21.521Z,1.0041,1.0155,100,100,112.9
2026-03-09 14:04:22.333Z,1.0055,1.0145,100,100,89.1
2026-03-09 14:04:23.836Z,1.0049,1.0151,100,100,101.0
2026-03-09 14:04:24.444Z,1.0044,1.0158,100,100,112.9
2026-03-09 14:04:25.262Z,1.0053,1.0151,100,100,97.0
2026-03-09 14:04:26.113Z,1.0049,1.0151,100,100,101.0
2026-03-09 14:04:27.016Z,1.0044,1.0152,100,100,107.0
2026-03-09 14:04:28.090Z,1.0042,1.0154,100,100,110.9
2026-03-09 14:04:29.380Z,1.0047,1.0151,100,100,103.0
2026-03-09 14:04:30.613Z,1.0052,1.0146,100,100,93.1
2026-03-09 14:04:31.508Z,1.0040,1.0158,100,100,116.8
2026-03-09 14:04:32.149Z,1.0049,1.0155,100,100,104.9
2026-03-09 14:04:33.763Z,1.0050,1.0150,100,100,99.0
2026-03-09 14:04:34.230Z,1.0044,1.0156,100,100,110.9
2026-03-09 14:04:35.625Z,1.0038,1.0158,100,100,118.8
2026-03-09 14:04:36.624Z,1.0055,1.0145,100,100,89.1
2026-03-09 14:04:37.713Z,1.0053,1.0151,100,100,97.0
2026-03-09 14:04:38.078Z,1.0058,1.0140,100,100,81.2
2026-03-09 14:04:39.429Z,1.0054,1.0148,100,100,93.1
2026-03-09 14:04:40.830Z,1.0055,1.0149,100,100,93.1
2026-03-09 14:04:41.814Z,1.0045,1.0157,100,100,110.9
2026-03-09 14:04:42.553Z,1.0049,1.0147,100,100,97.0
2026-03-09 14:04:43.832Z,1.0040,1.0156,100,100,114.9
2026-03-09 14:04:44.377Z,1.0044,1.0152,100,100,107.0
2026-03-09 14:04:45.191Z,1.0059,1.0139,100,100,79.2
2026-03-09 14:04:46.339Z,1.0050,1.0150,100,100,99.0
2026-03-09 14:04:47.300Z,1.0044,1.0160,100,100,114.8
2026-03-09 14:04:48.003Z,1.0060,1.0144,100,100,83.2
2026-03-09 14:04:49.596Z,1.0044,1.0160,100,100,114.8
2026-03-09 14:04:50.531Z,1.0043,1.0153,100,100,108.9
2026-03-09 14:04:51.190Z,1.0052,1.0146,100,100,93.1
2026-03-09 14:04:52.811Z,1.0061,1.0143,100,100,81.2
2026-03-09 14:04:53.104Z,1.0048,1.0152,100,100,103.0
2026-03-09 14:04:54.061Z,1.0055,1.0145,100,100,89.1
2026-03-09 14:04:55.288Z,1.0049,1.0153,100,100,103.0
2026-03-09 14:04:56.260Z,1.0044,1.0152,100,100,107.0
2026-03-09 14:04:57.615Z,1.0047,1.0155,100,100,106.9
2026-03-09 14:04:58.008Z,1.0055,1.0145,100,100,89.1
2026-03-09 14:04:59.872Z,1.0050,1.0150,100,100,99.0
2026-03-09 14:11:00.044Z,0.9957,1.0043,100,100,86.0
2026-03-09 14:11:01.196Z,0.9945,1.0051,100,100,106.0
2026-03-09 14:11:02.728Z,0.9952,1.0044,100,100,92.0
2026-03-09 14:11:03.527Z,0.9939,1.0059,100,100,120.0
2026-03-09 14:11:04.606Z,0.9954,1.0050,100,100,96.0
2026-03-09 14:11:05.444Z,0.9937,1.0059,100,100,122.0
2026-03-09 14:11:06.813Z,0.9945,1.0055,100,100,110.0
2026-03-09 14:11:07.482Z,0.9958,1.0046,100,100,88.0
2026-03-09 14:11:08.393Z,0.9954,1.0048,100,100,94.0
2026-03-09 14:11:09.050Z,0.9952,1.0044,100,100,92.0
2026-03-09 14:11:10.728Z,0.9959,1.0039,100,100,80.0
2026-03-09 14:11:11.615Z,0.9958,1.0040,100,100,82.0
2026-03-09 14:11:12.198Z,0.9954,1.0048,100,100,94.0
2026-03-09 14:11:13.085Z,0.9941,1.0057,100,111,116.0
2026-03-09 14:11:14.352Z,0.9959,1.0041,100,100,82.0
2026-03-09 14:11:15.305Z,0.9945,1.0051,100,100,106.0
2026-03-09 14:11:16.209Z,0.9941,1.0059,100,100,118.0
2026-03-09 14:11:17.807Z,0.9950,1.0050,100,100,100.0
2026-03-09 14:11:18.457Z,0.9952,1.0048,100,100,96.0
2026-03-09 14:11:19.088Z,0.9955,1.0043,100,100,88.0
2026-03-09 14:11:20.160Z,0.9954,1.0048,100,100,94.0
2026-03-09 14:11:21.695Z,0.9948,1.0052,100,100,104.0
2026-03-09 14:11:22.040Z,0.9947,1.0049,100,100,102.0
2026-03-09 14:11:23.269Z,0.9950,1.0054,100,100,104.0
2026-03-09 14:11:24.545Z,0.9942,1.0058,100,100,116.0
2026-03-09 14:11:25.879Z,0.9954,1.0042,100,100,88.0
2026-03-09 14:11:26.132Z,0.9942,1.0060,100,100,118.0
2026-03-09 14:11:27.830Z,0.9948,1.0048,100,100,100.0
2026-03-09 14:11:28.284Z,0.9960,1.0044,100,100,84.0
2026-03-09 14:11:29.001Z,0.9955,1.0043,100,100,88.0
2026-03-09 14:11:30.483Z,0.9941,1.0061,100,100,120.0
2026-03-09 14:11:31.267Z,0.9944,1.0052,100,100,108.0
2026-03-09 14:11:32.521Z,0.9942,1.0058,100,100,116.0
2026-03-09 14:11:33.109Z,0.9948,1.0054,100,100,106.0
2026-03-09 14:11:34.770Z,0.9949,1.0049,100,100,100.0
2026-03-09 14:11:35.498Z,0.9953,1.0045,100,100,92.0
2026-03-09 14:11:36.727Z,0.9945,1.0055,100,100,110.0
2026-03-09 14:11:37.137Z,0.9943,1.0061,100,100,118.0
2026-03-09 14:11:38.230Z,0.9950,1.0054,100,100,104.0
2026-03-09 14:11:39.390Z,0.9941,1.0059,100,100,118.0
2026-03-09 14:11:40.321Z,0.9946,1.0058,100,100,112.0
2026-03-09 14:11:41.034Z,0.9943,1.0057,100,100,114.0
2026-03-09 14:11:42.884Z,0.9954,1.0048,100,100,94.0
2026-03-09 14:11:43.762Z,0.9948,1.0056,100,100,108.0
2026-03-09 14:11:44.174Z,0.9955,1.0049,100,100,94.0
2026-03-09 14:11:45.216Z,0.9942,1.0058,100,100,116.0
2026-03-09 14:11:46.562Z,0.9954,1.0044,100,100,90.0
2026-03-09 14:11:47.019Z,0.9959,1.0045,100,100,86.0
2026-03-09 14:11:48.290Z,0.9956,1.0042,100,100,86.0
2026-03-09 14:11:49.810Z,0.9949,1.0051,100,100,102.0
2026-03-09 14:11:50.669Z,0.9942,1.0060,100,100,118.0
2026-03-09 14:11:51.887Z,0.9954,1.0044,100,100,90.0
2026-03-09 14:11:52.138Z,0.9946,1.0058,100,100,112.0
2026-03-09 14:11:53.655Z,0.9951,1.0053,100,100,102.0
2026-03-09 14:11:54.656Z,0.9948,1.0056,100,100,108.0
2026-03-09 14:11:55.055Z,0.9938,1.0058,100,100,120.0
2026-03-09 14:11:56.633Z,0.9952,1.0052,100,100,100.0
2026-03-09 14:11:57.616Z,0.9952,1.0046,100,100,94.0
2026-03-09 14:11:58.732Z,0.9959,1.0045,100,100,86.0
2026-03-09 14:11:59.501Z,0.9948,1.0052,100,100,104.0
2026-03-09 14:16:00.118Z,0.9956,1.0044,100,100,88.0
2026-03-09 14:16:01.444Z,0.9961,1.0043,100,100,82.0
2026-03-09 14:16:02.067Z,0.9947,1.0051,100,100,104.0
2026-03-09 14:16:03.763Z,0.9957,1.0039,100,100,82.0
2026-03-09 14:16:04.643Z,0.9943,1.0059,100,100,116.0
2026-03-09 14:16:05.408Z,0.9947,1.0049,100,100,102.0
2026-03-09 14:16:06.877Z,0.9940,1.0060,100,100,120.0
2026-03-09 14:16:07.329Z,0.9945,1.0055,100,100,110.0
2026-03-09 14:16:08.449Z,0.9952,1.0044,100,100,92.0
2026-03-09 14:16:09.716Z,0.9949,1.0055,100,100,106.0
2026-03-09 14:16:10.373Z,0.9955,1.0047,100,100,92.0
2026-03-09 14:16:11.266Z,0.9943,1.0053,100,100,110.0
2026-03-09 14:16:12.899Z,0.9946,1.0052,100,100,106.0
2026-03-09 14:16:13.100Z,0.9949,1.0053,100,100,104.0
2026-03-09 14:16:14.105Z,0.9941,1.0061,100,100,120.0
2026-03-09 14:16:15.395Z,0.9946,1.0052,100,100,106.0
2026-03-09 14:16:16.761Z,0.9952,1.0052,100,100,100.0
2026-03-09 14:16:17.600Z,0.9943,1.0053,100,100,110.0
2026-03-09 14:16:18.569Z,0.9940,1.0060,100,100,120.0
2026-03-09 14:16:19.784Z,0.9960,1.0040,100,100,80.0
2026-03-09 14:16:20.192Z,0.9951,1.0051,100,100,100.0
2026-03-09 14:16:21.387Z,0.9950,1.0048,100,100,98.0
2026-03-09 14:16:22.607Z,0.9948,1.0050,100,100,102.0
2026-03-09 14:16:23.468Z,0.9947,1.0055,100,100,108.0
2026-03-09 14:16:24.386Z,0.9944,1.0060,100,100,116.0
2026-03-09 14:16:25.133Z,0.9943,1.0057,100,100,114.0
2026-03-09 14:16:26.387Z,0.9941,1.0059,100,100,118.0
2026-03-09 14:16:27.344Z,0.9950,1.0052,100,100,102.0
2026-03-09 14:16:28.221Z,0.9944,1.0056,100,100,112.0
2026-03-09 14:16:29.090Z,0.9953,1.0043,100,100,90.0
2026-03-09 14:16:30.184Z,0.9945,1.0059,100,100,114.0
2026-03-09 14:16:31.280Z,0.9961,1.0043,100,100,82.0
2026-03-09 14:16:32.545Z,0.9945,1.0057,100,100,112.0
2026-03-09 14:16:33.662Z,0.9955,1.0043,100,100,88.0
2026-03-09 14:16:34.884Z,0.9940,1.0058,100,100,118.0
2026-03-09 14:16:35.594Z,0.9950,1.0048,100,100,98.0
2026-03-09 14:16:36.840Z,0.9956,1.0048,100,100,92.0
2026-03-09 14:16:37.589Z,0.9958,1.0042,100,100,84.0
2026-03-09 14:16:38.295Z,0.9952,1.0052,100,100,100.0
2026-03-09 14:16:39.431Z,0.9956,1.0040,100,100,84.0
2026-03-09 14:16:40.822Z,0.9943,1.0057,100,100,114.0
2026-03-09 14:16:41.249Z,0.9955,1.0049,100,100,94.0
2026-03-09 14:16:42.779Z,0.9959,1.0045,100,100,86.0
2026-03-09 14:16:43.286Z,0.9946,1.0058,100,100,112.0
2026-03-09 14:16:44.594Z,0.9940,1.0060,100,100,120.0
2026-03-09 14:16:45.451Z,0.9944,1.0058,100,100,114.0
2026-03-09 14:16:46.557Z,0.9959,1.0039,100,100,80.0
2026-03-09 14:16:47.096Z,0.9954,1.0046,100,100,92.0
2026-03-09 14:16:48.293Z,0.9946,1.0058,100,100,112.0
2026-03-09 14:16:49.172Z,0.9942,1.0056,100,100,114.0
2026-03-09 14:16:50.594Z,0.9944,1.0060,100,100,116.0
2026-03-09 14:16:51.848Z,0.9946,1.0052,100,100,106.0
2026-03-09 14:16:52.405Z,0.9946,1.0050,100,100,104.0
2026-03-09 14:16:53.776Z,0.9942,1.0060,100,100,118.0
2026-03-09 14:16:54.006Z,0.9952,1.0050,100,100,98.0
2026-03-09 14:16:55.819Z,0.9954,1.0050,100,100,96.0
2026-03-09 14:16:56.632Z,0.9942,1.0058,100,100,116.0
2026-03-09 14:16:57.708Z,0.9949,1.0053,100,100,104.0
2026-03-09 14:16:58.454Z,0.9955,1.0041,100,100,86.0
2026-03-09 14:16:59.683Z,0.9954,1.0046,100,100,92.0
2026-03-09 14:20:00.198Z,0.9947,1.0053,100,100,106.0
2026-03-09 14:20:01.102Z,0.9950,1.0050,100,100,100.0
2026-03-09 14:20:02.561Z,0.9942,1.0056,100,100,114.0
2026-03-09 14:20:03.745Z,0.9948,1.0050,100,100,102.0
2026-03-09 14:20:04.582Z,0.9953,1.0047,100,100,94.0
2026-03-09 14:20:05.899Z,0.9953,1.0043,100,100,90.0
2026-03-09 14:20:06.465Z,0.9952,1.0050,100,100,98.0
2026-03-09 14:20:07.028Z,0.9957,1.0041,100,100,84.0
2026-03-09 14:20:08.803Z,0.9950,1.0050,100,100,100.0
2026-03-09 14:20:09.595Z,0.9956,1.0048,100,100,92.0
2026-03-09 14:20:10.291Z,0.9954,1.0044,100,100,90.0
2026-03-09 14:20:11.803Z,0.9947,1.0049,100,100,102.0
2026-03-09 14:20:12.817Z,0.9942,1.0058,129,100,116.0
2026-03-09 14:20:13.204Z,0.9942,1.0058,100,100,116.0
2026-03-09 14:20:14.671Z,0.9944,1.0054,100,100,110.0
2026-03-09 14:20:15.156Z,0.9958,1.0046,100,100,88.0
2026-03-09 14:20:16.653Z,0.9953,1.0045,100,100,92.0
2026-03-09 14:20:17.292Z,0.9941,1.0055,100,100,114.0
2026-03-09 14:20:18.438Z,0.9948,1.0050,100,100,102.0
2026-03-09 14:20:19.015Z,0.9948,1.0050,100,100,102.0
2026-03-09 14:20:20.691Z,0.9954,1.0054,100,100,100.0
2026-03-09 14:20:21.547Z,0.9955,1.0063,100,100,107.9
2026-03-09 14:20:22.653Z,0.9953,1.0069,100,100,115.9
2026-03-09 14:20:23.599Z,0.9962,1.0074,100,100,111.8
2026-03-09 14:20:24.350Z,0.9971,1.0077,100,100,105.7
2026-03-09 14:20:25.176Z,0.9988,1.0072,100,100,83.7
2026-03-09 14:20:26.562Z,0.9989,1.0087,100,100,97.6
2026-03-09 14:20:27.269Z,0.9989,1.0091,100,100,101.6
2026-03-09 14:20:28.615Z,0.9996,1.0104,100,100,107.5
2026-03-09 14:20:29.535Z,0.9996,1.0118,100,100,121.3
2026-03-09 14:20:30.279Z,1.0013,1.0119,100,100,105.3
2026-03-09 14:20:31.190Z,1.0026,1.0120,100,100,93.3
2026-03-09 14:20:32.531Z,1.0024,1.0130,100,100,105.2
2026-03-09 14:20:33.343Z,1.0032,1.0140,100,100,107.1
2026-03-09 14:20:34.133Z,1.0041,1.0137,100,100,95.2
2026-03-09 14:20:35.718Z,1.0049,1.0139,100,100,89.2
2026-03-09 14:20:36.240Z,1.0046,1.0144,100,100,97.1
2026-03-09 14:20:37.069Z,1.0039,1.0155,100,100,114.9
2026-03-09 14:20:38.014Z,1.0045,1.0153,100,100,106.9
2026-03-09 14:20:39.062Z,1.0056,1.0142,100,100,85.2
2026-03-09 14:20:40.001Z,1.0050,1.0142,100,114,91.1
2026-03-09 14:20:41.842Z,1.0038,1.0152,100,100,112.9
2026-03-09 14:20:42.021Z,1.0032,1.0152,100,100,118.9
2026-03-09 14:20:43.118Z,1.0049,1.0135,100,100,85.2
2026-03-09 14:20:44.476Z,1.0033,1.0149,100,100,115.0
2026-03-09 14:20:45.443Z,1.0032,1.0144,100,100,111.0
2026-03-09 14:20:46.593Z,1.0042,1.0130,100,100,87.2
2026-03-09 14:20:47.892Z,1.0032,1.0144,100,100,111.0
2026-03-09 14:20:48.236Z,1.0042,1.0134,100,100,91.2
2026-03-09 14:20:49.043Z,1.0048,1.0128,100,100,79.3
2026-03-09 14:20:50.813Z,1.0037,1.0143,100,100,105.1
2026-03-09 14:20:51.117Z,1.0051,1.0133,100,100,81.3
2026-03-09 14:20:52.159Z,1.0036,1.0152,100,100,114.9
2026-03-09 14:20:53.767Z,1.0048,1.0138,100,100,89.2
2026-03-09 14:20:54.315Z,1.0041,1.0147,100,100,105.0
2026-03-09 14:20:55.215Z,1.0043,1.0149,100,100,105.0
2026-03-09 14:20:56.439Z,1.0052,1.0148,100,100,95.0
2026-03-09 14:20:57.029Z,1.0055,1.0143,100,100,87.1
2026-03-09 14:20:58.859Z,1.0040,1.0158,100,100,116.8
2026-03-09 14:20:59.342Z,1.0043,1.0157,100,100,112.9
2026-03-09 14:33:00.201Z,1.0059,1.0141,100,100,81.2
2026-03-09 14:33:01.600Z,1.0050,1.0150,100,100,99.0
2026-03-09 14:33:02.212Z,1.0057,1.0141,100,100,83.2
2026-03-09 14:33:03.156Z,1.0058,1.0140,100,100,81.2
2026-03-09 14:33:04.358Z,1.0052,1.0146,100,100,93.1
2026-03-09 14:33:05.324Z,1.0044,1.0154,100,100,108.9
2026-03-09 14:33:06.519Z,1.0040,1.0160,100,100,118.8
2026-03-09 14:33:07.506Z,1.0047,1.0153,100,100,105.0
2026-03-09 14:33:08.352Z,1.0054,1.0146,100,100,91.1
2026-03-09 14:33:09.048Z,1.0046,1.0154,100,100,106.9
2026-03-09 14:33:10.514Z,1.0042,1.0154,100,100,110.9
2026-03-09 14:33:11.791Z,1.0060,1.0142,100,100,81.2
2026-03-09 14:33:12.823Z,1.0050,1.0152,100,100,101.0
2026-03-09 14:33:13.226Z,1.0043,1.0161,100,100,116.8
2026-03-09 14:33:14.453Z,1.0055,1.0145,100,100,89.1
2026-03-09 14:33:15.072Z,1.0059,1.0145,100,100,85.1
2026-03-09 14:33:16.583Z,1.0054,1.0144,100,100,89.1
2026-03-09 14:33:17.743Z,1.0039,1.0157,100,100,116.9
2026-03-09 14:33:18.496Z,1.0060,1.0142,100,100,81.2
2026-03-09 14:33:19.749Z,1.0043,1.0161,100,100,116.8
2026-03-09 14:33:20.097Z,1.0057,1.0143,100,100,85.1
2026-03-09 14:33:21.330Z,1.0048,1.0150,100,100,101.0
2026-03-09 14:33:22.654Z,1.0048,1.0150,100,100,101.0
2026-03-09 14:33:23.634Z,1.0052,1.0148,100,100,95.0
2026-03-09 14:33:24.307Z,1.0050,1.0148,100,100,97.0
2026-03-09 14:33:25.434Z,1.0047,1.0151,100,100,103.0
2026-03-09 14:33:26.120Z,1.0058,1.0142,100,100,83.2
2026-03-09 14:33:27.445Z,1.0056,1.0144,100,100,87.1
2026-03-09 14:33:28.255Z,1.0058,1.0140,100,100,81.2
2026-03-09 14:33:29.008Z,1.0059,1.0145,100,100,85.1
2026-03-09 14:33:30.400Z,1.0057,1.0139,100,100,81.2
2026-03-09 14:33:31.624Z,1.0056,1.0146,100,100,89.1
2026-03-09 14:33:32.696Z,1.0058,1.0144,100,100,85.1
2026-03-09 14:33:33.581Z,1.0037,1.0159,100,100,120.8
2026-03-09 14:33:34.432Z,1.0053,1.0147,100,100,93.1
2026-03-09 14:33:35.280Z,1.0055,1.0149,100,100,93.1
2026-03-09 14:33:36.338Z,1.0050,1.0146,100,100,95.1
2026-03-09 14:33:37.092Z,1.0057,1.0147,100,100,89.1
2026-03-09 14:33:38.267Z,1.0054,1.0148,100,100,93.1
2026-03-09 14:33:39.133Z,1.0043,1.0161,100,100,116.8
2026-03-09 14:33:40.013Z,1.0053,1.0151,100,100,97.0
2026-03-09 14:33:41.094Z,1.0059,1.0143,100,100,83.2
2026-03-09 14:33:42.332Z,1.0054,1.0150,100,100,95.0
2026-03-09 14:33:43.381Z,1.0046,1.0154,100,100,106.9
2026-03-09 14:33:44.384Z,1.0051,1.0153,100,100,101.0
2026-03-09 14:33:45.132Z,1.0054,1.0146,100,100,91.1
2026-03-09 14:33:46.346Z,1.0052,1.0146,100,100,93.1
2026-03-09 14:33:47.828Z,1.0045,1.0153,100,100,106.9
2026-03-09 14:33:48.005Z,1.0061,1.0143,100,100,81.2
2026-03-09 14:33:49.802Z,1.0046,1.0158,100,100,110.9
2026-03-09 14:33:50.437Z,1.0042,1.0158,100,100,114.9
2026-03-09 14:33:51.438Z,1.0041,1.0159,100,100,116.8
2026-03-09 14:33:52.723Z,1.0057,1.0143,100,100,85.1
2026-03-09 14:33:53.016Z,1.0052,1.0152,100,100,99.0
2026-03-09 14:33:54.657Z,1.0046,1.0156,100,100,108.9
2026-03-09 14:33:55.359Z,1.0048,1.0152,100,100,103.0
2026-03-09 14:33:56.317Z,1.0054,1.0142,100,100,87.1
2026-03-09 14:33:57.445Z,1.0049,1.0155,100,100,104.9
2026-03-09 14:33:58.887Z,1.0051,1.0153,100,100,101.0
2026-03-09 14:33:59.768Z,1.0045,1.0155,100,100,108.9
2026-03-09 14:37:00.446Z,0.9958,1.0042,100,100,84.0
2026-03-09 14:37:01.231Z,0.9956,1.0046,100,100,90.0
2026-03-09 14:37:02.561Z,0.9943,1.0059,100,100,116.0
2026-03-09 14:37:03.252Z,0.9949,1.0053,100,100,104.0
2026-03-09 14:37:04.526Z,0.9949,1.0053,100,100,104.0
2026-03-09 14:37:05.335Z,0.9956,1.0042,100,100,86.0
2026-03-09 14:37:06.708Z,0.9944,1.0056,100,100,112.0
2026-03-09 14:37:07.381Z,0.9954,1.0044,100,100,90.0
2026-03-09 14:37:08.313Z,0.9957,1.0047,100,100,90.0
2026-03-09 14:37:09.641Z,0.9942,1.0060,100,100,118.0
2026-03-09 14:37:10.048Z,0.9949,1.0049,100,100,100.0
2026-03-09 14:37:11.803Z,0.9946,1.0052,100,100,106.0
2026-03-09 14:37:12.108Z,0.9949,1.0053,100,100,104.0
2026-03-09 14:37:13.764Z,0.9956,1.0046,100,100,90.0
2026-03-09 14:37:14.038Z,0.9957,1.0043,100,100,86.0
2026-03-09 14:37:15.333Z,0.9941,1.0061,100,100,120.0
2026-03-09 14:37:16.385Z,0.9940,1.0058,100,100,118.0
2026-03-09 14:37:17.281Z,0.9956,1.0048,100,100,92.0
2026-03-09 14:37:18.700Z,0.9942,1.0058,100,100,116.0
2026-03-09 14:37:19.710Z,0.9951,1.0045,100,100,94.0
2026-03-09 14:37:20.430Z,0.9956,1.0046,100,100,90.0
2026-03-09 14:37:21.805Z,0.9944,1.0054,100,100,110.0
2026-03-09 14:37:22.804Z,0.9946,1.0056,100,100,110.0
2026-03-09 14:37:23.196Z,0.9951,1.0045,100,100,94.0
2026-03-09 14:37:24.539Z,0.9941,1.0057,100,100,116.0
2026-03-09 14:37:25.172Z,0.9946,1.0054,100,100,108.0
2026-03-09 14:37:26.029Z,0.9957,1.0043,100,100,86.0
2026-03-09 14:37:27.195Z,0.9950,1.0048,100,100,98.0
2026-03-09 14:37:28.551Z,0.9957,1.0045,100,100,88.0
2026-03-09 14:37:29.067Z,0.9959,1.0043,100,100,84.0
2026-03-09 14:37:30.428Z,0.9946,1.0052,100,100,106.0
2026-03-09 14:37:31.544Z,0.9940,1.0056,100,100,116.0
2026-03-09 14:37:32.188Z,0.9955,1.0047,100,100,92.0
2026-03-09 14:37:33.675Z,0.9950,1.0054,100,100,104.0
2026-03-09 14:37:34.692Z,0.9958,1.0046,100,100,88.0
2026-03-09 14:37:35.370Z,0.9951,1.0053,100,100,102.0
2026-03-09 14:37:36.072Z,0.9946,1.0058,100,100,112.0
2026-03-09 14:37:37.378Z,0.9952,1.0044,100,100,92.0
2026-03-09 14:37:38.279Z,0.9955,1.0049,100,100,94.0
2026-03-09 14:37:39.329Z,0.9943,1.0055,100,100,112.0
2026-03-09 14:37:40.449Z,0.9961,1.0043,100,100,82.0
2026-03-09 14:37:41.257Z,0.9948,1.0050,100,100,102.0
2026-03-09 14:37:42.044Z,0.9941,1.0061,100,100,120.0
2026-03-09 14:37:43.369Z,0.9956,1.0042,100,100,86.0
2026-03-09 14:37:44.453Z,0.9940,1.0056,100,100,116.0
2026-03-09 14:37:45.431Z,0.9945,1.0051,100,100,106.0
2026-03-09 14:37:46.603Z,0.9942,1.0054,100,100,112.0
2026-03-09 14:37:47.072Z,0.9947,1.0051,100,100,104.0
2026-03-09 14:37:48.808Z,0.9951,1.0047,100,100,96.0
2026-03-09 14:37:49.298Z,0.9941,1.0055,100,100,114.0
2026-03-09 14:37:50.232Z,0.9954,1.0046,100,100,92.0
2026-03-09 14:37:51.564Z,0.9959,1.0045,100,100,86.0
2026-03-09 14:37:52.552Z,0.9943,1.0055,100,100,112.0
2026-03-09 14:37:53.220Z,0.9951,1.0047,100,100,96.0
2026-03-09 14:37:54.738Z,0.9951,1.0053,100,100,102.0
2026-03-09 14:37:55.074Z,0.9941,1.0055,100,100,114.0
2026-03-09 14:37:56.578Z,0.9955,1.0049,100,100,94.0
2026-03-09 14:37:57.350Z,0.9947,1.0053,100,100,106.0
2026-03-09 14:37:58.874Z,0.9944,1.0054,100,100,110.0
2026-03-09 14:37:59.139Z,0.9940,1.0060,100,100,120.0
2026-03-09 14:42:00.826Z,1.0044,1.0156,100,100,110.9
2026-03-09 14:42:01.334Z,1.0059,1.0145,100,100,85.1
2026-03-09 14:42:02.599Z,1.0046,1.0154,100,100,106.9
2026-03-09 14:42:03.820Z,1.0056,1.0146,100,100,89.1
2026-03-09 14:42:04.380Z,1.0048,1.0156,100,100,106.9
2026-03-09 14:42:05.027Z,1.0039,1.0159,100,100,118.8
2026-03-09 14:42:06.161Z,1.0049,1.0147,100,100,97.0
2026-03-09 14:42:07.131Z,1.0048,1.0150,100,100,101.0
2026-03-09 14:42:08.817Z,1.0061,1.0143,100,100,81.2
2026-03-09 14:42:09.122Z,1.0053,1.0147,100,100,93.1
2026-03-09 14:42:10.364Z,1.0050,1.0152,100,100,101.0
2026-03-09 14:42:11.215Z,1.0053,1.0151,100,100,97.0
2026-03-09 14:42:12.367Z,1.0060,1.0142,100,100,81.2
2026-03-09 14:42:13.224Z,1.0048,1.0150,100,100,101.0
2026-03-09 14:42:14.334Z,1.0044,1.0152,100,100,107.0
2026-03-09 14:42:15.355Z,1.0053,1.0145,100,100,91.1
2026-03-09 14:42:16.635Z,1.0052,1.0144,100,100,91.1
2026-03-09 14:42:17.565Z,1.0058,1.0146,100,100,87.1
2026-03-09 14:42:18.625Z,1.0056,1.0146,100,100,89.1
2026-03-09 14:42:19.763Z,1.0043,1.0161,100,100,116.8
2026-03-09 14:42:20.558Z,1.0046,1.0156,100,100,108.9
2026-03-09 14:42:21.637Z,1.0051,1.0167,100,100,114.7
2026-03-09 14:42:22.842Z,1.0069,1.0151,100,100,81.1
2026-03-09 14:42:23.089Z,1.0070,1.0158,100,100,87.0
2026-03-09 14:42:24.082Z,1.0069,1.0179,100,100,108.7
2026-03-09 14:42:25.128Z,1.0084,1.0174,100,100,88.9
2026-03-09 14:42:26.418Z,1.0084,1.0190,100,100,104.6
2026-03-09 14:42:27.878Z,1.0084,1.0202,100,100,116.3
2026-03-09 14:42:28.761Z,1.0092,1.0204,100,100,110.4
2026-03-09 14:42:29.580Z,1.0114,1.0196,100,100,80.7
2026-03-09 14:42:30.600Z,1.0118,1.0214,100,100,94.4
2026-03-09 14:42:31.010Z,1.0109,1.0229,100,100,118.0
2026-03-09 14:42:32.480Z,1.0121,1.0231,100,100,108.1
2026-03-09 14:42:33.349Z,1.0137,1.0229,100,100,90.3
2026-03-09 14:42:34.219Z,1.0140,1.0234,100,100,92.3
2026-03-09 14:42:35.336Z,1.0140,1.0250,100,100,107.9
2026-03-09 14:42:36.124Z,1.0143,1.0251,100,100,105.9
2026-03-09 14:42:37.166Z,1.0142,1.0254,100,100,109.8
2026-03-09 14:42:38.039Z,1.0152,1.0248,100,100,94.1
2026-03-09 14:42:39.153Z,1.0141,1.0257,100,100,113.7
2026-03-09 14:42:40.376Z,1.0152,1.0248,100,100,94.1
2026-03-09 14:42:41.344Z,1.0143,1.0249,100,100,104.0
2026-03-09 14:42:42.342Z,1.0136,1.0256,100,100,117.7
2026-03-09 14:42:43.761Z,1.0137,1.0251,100,100,111.8
2026-03-09 14:42:44.550Z,1.0145,1.0235,100,100,88.3
2026-03-09 14:42:45.784Z,1.0134,1.0250,100,100,113.8
2026-03-09 14:42:46.445Z,1.0145,1.0231,100,100,84.4
2026-03-09 14:42:47.676Z,1.0134,1.0250,100,100,113.8
2026-03-09 14:42:48.539Z,1.0147,1.0231,100,100,82.4
2026-03-09 14:42:49.057Z,1.0141,1.0245,100,100,102.0
2026-03-09 14:42:50.306Z,1.0143,1.0245,100,100,100.1
2026-03-09 14:42:51.169Z,1.0136,1.0256,100,100,117.7
2026-03-09 14:42:52.454Z,1.0144,1.0244,100,100,98.1
2026-03-09 14:42:53.266Z,1.0147,1.0243,100,100,94.2
2026-03-09 14:42:54.882Z,1.0138,1.0252,100,100,111.8
2026-03-09 14:42:55.493Z,1.0153,1.0239,100,100,84.3
2026-03-09 14:42:56.271Z,1.0157,1.0243,100,100,84.3
2026-03-09 14:42:57.877Z,1.0156,1.0242,100,100,84.3
2026-03-09 14:42:58.689Z,1.0154,1.0248,100,100,92.1
2026-03-09 14:42:59.090Z,1.0159,1.0241,100,100,80.4
2026-03-09 14:43:00.373Z,1.0146,1.0254,100,100,105.9
2026-03-09 14:43:01.677Z,1.0157,1.0247,100,100,88.2
2026-03-09 14:43:02.254Z,1.0154,1.0246,100,100,90.2
2026-03-09 14:43:03.273Z,1.0159,1.0241,100,100,80.4
2026-03-09 14:43:04.511Z,1.0153,1.0249,100,100,94.1
2026-03-09 14:43:05.889Z,1.0158,1.0244,100,100,84.3
2026-03-09 14:43:06.865Z,1.0143,1.0255,100,100,109.8
2026-03-09 14:43:07.144Z,1.0145,1.0257,100,100,109.8
2026-03-09 14:43:08.868Z,1.0156,1.0240,100,100,82.4
2026-03-09 14:43:09.535Z,1.0150,1.0252,100,100,100.0
2026-03-09 14:43:10.773Z,1.0149,1.0247,100,100,96.1
2026-03-09 14:43:11.019Z,1.0158,1.0238,100,100,78.4
2026-03-09 14:43:12.543Z,1.0143,1.0259,100,100,113.7
2026-03-09 14:43:13.477Z,1.0150,1.0250,100,100,98.0
2026-03-09 14:43:14.478Z,1.0154,1.0250,100,100,94.1
2026-03-09 14:43:15.454Z,1.0148,1.0256,100,100,105.9
2026-03-09 14:43:16.423Z,1.0151,1.0251,100,100,98.0
2026-03-09 14:43:17.513Z,1.0146,1.0254,100,100,105.9
2026-03-09 14:43:18.140Z,1.0154,1.0242,100,100,86.3
2026-03-09 14:43:19.106Z,1.0150,1.0254,100,100,101.9
2026-03-09 14:43:20.109Z,1.0153,1.0247,100,100,92.2
2026-03-09 14:43:21.439Z,1.0161,1.0243,100,100,80.4
2026-03-09 14:43:22.308Z,1.0157,1.0245,100,100,86.3
2026-03-09 14:43:23.082Z,1.0147,1.0255,100,100,105.9
2026-03-09 14:43:24.746Z,1.0153,1.0245,100,100,90.2
2026-03-09 14:43:25.326Z,1.0144,1.0252,100,100,105.9
2026-03-09 14:43:26.849Z,1.0157,1.0241,100,100,82.4
2026-03-09 14:43:27.139Z,1.0151,1.0251,100,100,98.0
2026-03-09 14:43:28.473Z,1.0152,1.0248,100,100,94.1
2026-03-09 14:43:29.886Z,1.0154,1.0244,100,100,88.2
2026-03-09 14:43:30.390Z,1.0155,1.0245,100,100,88.2
2026-03-09 14:43:31.742Z,1.0149,1.0253,100,100,102.0
2026-03-09 14:43:32.703Z,1.0144,1.0258,100,100,111.8
2026-03-09 14:43:33.237Z,1.0143,1.0259,100,100,113.7
2026-03-09 14:43:34.537Z,1.0143,1.0257,100,100,111.8
2026-03-09 14:43:35.379Z,1.0145,1.0257,100,100,109.8
2026-03-09 14:43:36.116Z,1.0147,1.0253,100,100,103.9
2026-03-09 14:43:37.629Z,1.0150,1.0254,100,100,101.9
2026-03-09 14:43:38.512Z,1.0140,1.0258,100,100,115.7
2026-03-09 14:43:39.594Z,1.0149,1.0249,100,100,98.0
2026-03-09 14:43:40.090Z,1.0146,1.0250,100,100,102.0
2026-03-09 14:43:41.531Z,1.0148,1.0254,100,100,103.9
2026-03-09 14:43:42.051Z,1.0149,1.0249,100,100,98.0
2026-03-09 14:43:43.131Z,1.0146,1.0258,100,100,109.8
2026-03-09 14:43:44.639Z,1.0149,1.0247,100,100,96.1
2026-03-09 14:43:45.624Z,1.0147,1.0251,100,100,102.0
2026-03-09 14:43:46.821Z,1.0161,1.0243,100,100,80.4
2026-03-09 14:43:47.479Z,1.0142,1.0258,100,100,113.7
2026-03-09 14:43:48.096Z,1.0148,1.0250,100,100,100.0
2026-03-09 14:43:49.063Z,1.0140,1.0256,100,100,113.7
2026-03-09 14:43:50.791Z,1.0143,1.0253,100,100,107.9
2026-03-09 14:43:51.625Z,1.0144,1.0252,100,100,105.9
2026-03-09 14:43:52.012Z,1.0151,1.0249,100,100,96.1
2026-03-09 14:43:53.043Z,1.0158,1.0246,100,100,86.3
2026-03-09 14:43:54.245Z,1.0145,1.0261,100,100,113.7
2026-03-09 14:43:55.141Z,1.0150,1.0252,100,100,100.0
2026-03-09 14:43:56.725Z,1.0156,1.0242,100,100,84.3
2026-03-09 14:43:57.161Z,1.0150,1.0254,100,100,101.9
2026-03-09 14:43:58.741Z,1.0139,1.0259,100,100,117.7
2026-03-09 14:43:59.591Z,1.0154,1.0246,100,100,90.2
2026-03-09 14:57:00.107Z,1.0255,1.0345,100,100,87.4
2026-03-09 14:57:01.522Z,1.0257,1.0347,100,100,87.4
2026-03-09 14:57:02.899Z,1.0257,1.0341,100,100,81.6
2026-03-09 14:57:03.436Z,1.0240,1.0354,100,100,110.7
2026-03-09 14:57:04.306Z,1.0255,1.0345,100,100,87.4
2026-03-09 14:57:05.320Z,1.0252,1.0352,100,100,97.1
2026-03-09 14:57:06.576Z,1.0254,1.0346,100,100,89.3
2026-03-09 14:57:07.108Z,1.0244,1.0358,100,100,110.7
2026-03-09 14:57:08.466Z,1.0256,1.0340,100,100,81.6
2026-03-09 14:57:09.592Z,1.0250,1.0350,100,100,97.1
2026-03-09 14:57:10.769Z,1.0245,1.0355,100,100,106.8
2026-03-09 14:57:11.791Z,1.0247,1.0353,100,100,102.9
2026-03-09 14:57:12.075Z,1.0242,1.0354,100,100,108.8
2026-03-09 14:57:13.636Z,1.0260,1.0344,100,100,81.5
2026-03-09 14:57:14.574Z,1.0253,1.0349,100,100,93.2
2026-03-09 14:57:15.244Z,1.0239,1.0357,100,100,114.6
2026-03-09 14:57:16.785Z,1.0241,1.0357,100,100,112.6
2026-03-09 14:57:17.799Z,1.0241,1.0355,100,100,110.7
2026-03-09 14:57:18.436Z,1.0256,1.0344,100,100,85.4
2026-03-09 14:57:19.684Z,1.0255,1.0345,100,100,87.4
2026-03-09 14:57:20.537Z,1.0250,1.0354,100,100,101.0
2026-03-09 14:57:21.440Z,1.0257,1.0339,100,100,79.6
2026-03-09 14:57:22.894Z,1.0254,1.0348,100,100,91.3
2026-03-09 14:57:23.181Z,1.0252,1.0346,100,100,91.3
2026-03-09 14:57:24.791Z,1.0243,1.0359,100,100,112.6
2026-03-09 14:57:25.395Z,1.0254,1.0350,100,100,93.2
2026-03-09 14:57:26.039Z,1.0249,1.0353,100,100,101.0
2026-03-09 14:57:27.263Z,1.0242,1.0358,100,100,112.6
2026-03-09 14:57:28.795Z,1.0245,1.0359,100,100,110.7
2026-03-09 14:57:29.153Z,1.0247,1.0355,100,100,104.8
2026-03-09 14:57:30.376Z,1.0260,1.0344,100,100,81.5
2026-03-09 14:57:31.647Z,1.0247,1.0349,100,100,99.0
2026-03-09 14:57:32.098Z,1.0241,1.0357,100,100,112.6
2026-03-09 14:57:33.361Z,1.0243,1.0361,100,100,114.5
2026-03-09 14:57:34.306Z,1.0257,1.0347,100,100,87.4
2026-03-09 14:57:35.044Z,1.0248,1.0354,100,100,102.9
2026-03-09 14:57:36.659Z,1.0249,1.0353,100,100,101.0
2026-03-09 14:57:37.869Z,1.0248,1.0354,100,100,102.9
2026-03-09 14:57:38.715Z,1.0256,1.0346,100,100,87.4
2026-03-09 14:57:39.875Z,1.0258,1.0342,100,100,81.6
2026-03-09 14:57:40.223Z,1.0246,1.0352,100,100,102.9
2026-03-09 14:57:41.157Z,1.0244,1.0354,100,100,106.8
2026-03-09 14:57:42.096Z,1.0247,1.0357,100,100,106.8
2026-03-09 14:57:43.479Z,1.0239,1.0359,100,100,116.5
2026-03-09 14:57:44.682Z,1.0240,1.0360,100,100,116.5
2026-03-09 14:57:45.062Z,1.0256,1.0344,100,100,85.4
2026-03-09 14:57:46.869Z,1.0257,1.0341,100,100,81.6
2026-03-09 14:57:47.073Z,1.0256,1.0348,100,100,89.3
2026-03-09 14:57:48.202Z,1.0246,1.0358,100,100,108.7
2026-03-09 14:57:49.079Z,1.0238,1.0358,100,100,116.5
2026-03-09 14:57:50.010Z,1.0248,1.0352,100,100,101.0
2026-03-09 14:57:51.234Z,1.0255,1.0343,100,100,85.4
2026-03-09 14:57:52.893Z,1.0246,1.0358,100,100,108.7
2026-03-09 14:57:53.004Z,1.0245,1.0355,100,100,106.8
2026-03-09 14:57:54.232Z,1.0243,1.0361,100,100,114.5
2026-03-09 14:57:55.851Z,1.0238,1.0358,100,100,116.5
2026-03-09 14:57:56.115Z,1.0258,1.0340,100,100,79.6
2026-03-09 14:57:57.352Z,1.0246,1.0350,100,100,101.0
2026-03-09 14:57:58.798Z,1.0249,1.0349,100,100,97.1
2026-03-09 14:57:59.404Z,1.0240,1.0360,100,100,116.5
2026-03-09 15:01:00.815Z,1.0247,1.0353,100,100,102.9
2026-03-09 15:01:01.745Z,1.0254,1.0342,100,100,85.5
2026-03-09 15:01:02.534Z,1.0255,1.0343,100,100,85.4
2026-03-09 15:01:03.414Z,1.0247,1.0349,100,100,99.0
2026-03-09 15:01:04.193Z,1.0245,1.0357,100,100,108.7
2026-03-09 15:01:05.041Z,1.0252,1.0344,100,100,89.3
2026-03-09 15:01:06.294Z,1.0248,1.0356,100,100,104.8
2026-03-09 15:01:07.423Z,1.0240,1.0356,100,100,112.6
2026-03-09 15:01:08.803Z,1.0252,1.0346,100,100,91.3
2026-03-09 15:01:09.146Z,1.0241,1.0359,100,100,114.6
2026-03-09 15:01:10.371Z,1.0255,1.0341,100,100,83.5
2026-03-09 15:01:11.123Z,1.0256,1.0340,100,100,81.6
2026-03-09 15:01:12.489Z,1.0244,1.0356,100,100,108.7
2026-03-09 15:01:13.843Z,1.0251,1.0353,100,100,99.0
2026-03-09 15:01:14.556Z,1.0252,1.0348,100,100,93.2
2026-03-09 15:01:15.802Z,1.0247,1.0353,100,100,102.9
2026-03-09 15:01:16.079Z,1.0255,1.0347,100,100,89.3
2026-03-09 15:01:17.172Z,1.0256,1.0344,100,100,85.4
2026-03-09 15:01:18.319Z,1.0257,1.0341,100,100,81.6
2026-03-09 15:01:19.104Z,1.0242,1.0352,100,100,106.8
2026-03-09 15:01:20.575Z,1.0245,1.0353,100,100,104.9
2026-03-09 15:01:21.015Z,1.0250,1.0350,100,100,97.1
2026-03-09 15:01:22.431Z,1.0241,1.0361,100,100,116.5
2026-03-09 15:01:23.245Z,1.0244,1.0358,100,100,110.7
2026-03-09 15:01:24.677Z,1.0253,1.0347,100,100,91.3
2026-03-09 15:01:25.482Z,1.0246,1.0358,100,100,108.7
2026-03-09 15:01:26.156Z,1.0249,1.0355,100,100,102.9
2026-03-09 15:01:27.378Z,1.0257,1.0347,100,100,87.4
2026-03-09 15:01:28.631Z,1.0251,1.0353,100,100,99.0
2026-03-09 15:01:29.332Z,1.0247,1.0349,100,100,99.0
2026-03-09 15:01:30.233Z,1.0253,1.0349,100,100,93.2
2026-03-09 15:01:31.275Z,1.0252,1.0352,100,100,97.1
2026-03-09 15:01:32.238Z,1.0260,1.0344,100,100,81.5
2026-03-09 15:01:33.760Z,1.0239,1.0357,100,100,114.6
2026-03-09 15:01:34.029Z,1.0244,1.0362,100,100,114.5
2026-03-09 15:01:35.199Z,1.0244,1.0354,100,100,106.8
2026-03-09 15:01:36.025Z,1.0243,1.0353,100,100,106.8
2026-03-09 15:01:37.722Z,1.0245,1.0355,100,100,106.8
2026-03-09 15:01:38.861Z,1.0259,1.0343,100,100,81.5
2026-03-09 15:01:39.537Z,1.0243,1.0357,100,100,110.7
2026-03-09 15:01:40.445Z,1.0244,1.0358,100,100,110.7
2026-03-09 15:01:41.344Z,1.0256,1.0344,100,100,85.4
2026-03-09 15:01:42.554Z,1.0245,1.0353,100,100,104.9
2026-03-09 15:01:43.477Z,1.0242,1.0356,100,100,110.7
2026-03-09 15:01:44.124Z,1.0248,1.0352,100,100,101.0
2026-03-09 15:01:45.836Z,1.0246,1.0352,100,100,102.9
2026-03-09 15:01:46.331Z,1.0244,1.0356,100,100,108.7
2026-03-09 15:01:47.186Z,1.0259,1.0343,100,100,81.5
2026-03-09 15:01:48.534Z,1.0244,1.0360,100,100,112.6
2026-03-09 15:01:49.266Z,1.0255,1.0345,100,100,87.4
2026-03-09 15:01:50.679Z,1.0246,1.0350,100,100,101.0
2026-03-09 15:01:51.804Z,1.0250,1.0350,100,100,97.1
2026-03-09 15:01:52.668Z,1.0246,1.0354,100,100,104.9
2026-03-09 15:01:53.767Z,1.0244,1.0354,100,100,106.8
2026-03-09 15:01:54.379Z,1.0241,1.0361,100,100,116.5
2026-03-09 15:01:55.216Z,1.0246,1.0354,100,100,104.9
2026-03-09 15:01:56.611Z,1.0252,1.0346,100,100,91.3
2026-03-09 15:01:57.706Z,1.0240,1.0360,100,100,116.5
2026-03-09 15:01:58.664Z,1.0242,1.0360,100,100,114.6
2026-03-09 15:01:59.811Z,1.0250,1.0350,100,100,97.1
2026-03-09 15:12:00.210Z,1.0343,1.0457,100,100,109.6
2026-03-09 15:12:01.445Z,1.0349,1.0455,100,100,101.9
2026-03-09 15:12:02.090Z,1.0348,1.0454,100,100,101.9
2026-03-09 15:12:03.553Z,1.0356,1.0446,100,100,86.5
2026-03-09 15:12:04.110Z,1.0353,1.0443,100,100,86.6
2026-03-09 15:12:05.885Z,1.0352,1.0452,100,100,96.1
2026-03-09 15:12:06.469Z,1.0345,1.0451,100,100,101.9
2026-03-09 15:12:07.771Z,1.0352,1.0446,100,100,90.4
2026-03-09 15:12:08.393Z,1.0352,1.0444,100,100,88.5
2026-03-09 15:12:09.019Z,1.0355,1.0441,100,100,82.7
2026-03-09 15:12:10.495Z,1.0347,1.0447,100,100,96.2
2026-03-09 15:12:11.022Z,1.0347,1.0449,100,100,98.1
2026-03-09 15:12:12.031Z,1.0353,1.0451,100,100,94.2
2026-03-09 15:12:13.448Z,1.0359,1.0441,100,100,78.8
2026-03-09 15:12:14.253Z,1.0343,1.0455,100,100,107.7
2026-03-09 15:12:15.762Z,1.0355,1.0441,100,100,82.7
2026-03-09 15:12:16.758Z,1.0345,1.0453,100,100,103.9
2026-03-09 15:12:17.034Z,1.0356,1.0440,100,100,80.8
2026-03-09 15:12:18.267Z,1.0355,1.0449,100,100,90.4
2026-03-09 15:12:19.031Z,1.0346,1.0450,100,100,100.0
2026-03-09 15:12:20.898Z,1.0352,1.0448,100,100,92.3
2026-03-09 15:12:21.676Z,1.0356,1.0440,100,100,80.8
2026-03-09 15:12:22.776Z,1.0345,1.0455,100,100,105.8
2026-03-09 15:12:23.325Z,1.0354,1.0446,100,100,88.5
2026-03-09 15:12:24.352Z,1.0342,1.0462,100,100,115.4
2026-03-09 15:12:25.894Z,1.0343,1.0453,100,100,105.8
2026-03-09 15:12:26.271Z,1.0341,1.0459,100,100,113.5
2026-03-09 15:12:27.441Z,1.0348,1.0448,100,100,96.2
2026-03-09 15:12:28.845Z,1.0356,1.0446,100,100,86.5
2026-03-09 15:12:29.496Z,1.0346,1.0452,100,100,101.9
2026-03-09 15:12:30.673Z,1.0350,1.0448,100,100,94.2
2026-03-09 15:12:31.008Z,1.0347,1.0455,100,100,103.8
2026-03-09 15:12:32.060Z,1.0349,1.0455,100,100,101.9
2026-03-09 15:12:33.860Z,1.0354,1.0448,100,100,90.4
2026-03-09 15:12:34.805Z,1.0360,1.0442,100,100,78.8
2026-03-09 15:12:35.164Z,1.0344,1.0456,100,100,107.7
2026-03-09 15:12:36.323Z,1.0349,1.0451,100,100,98.1
2026-03-09 15:12:37.749Z,1.0340,1.0458,100,100,113.5
2026-03-09 15:12:38.747Z,1.0351,1.0451,100,100,96.1
2026-03-09 15:12:39.278Z,1.0341,1.0455,100,100,109.6
2026-03-09 15:12:40.208Z,1.0351,1.0451,100,100,96.1
2026-03-09 15:12:41.624Z,1.0346,1.0454,100,100,103.8
2026-03-09 15:12:42.197Z,1.0346,1.0452,100,100,101.9
2026-03-09 15:12:43.483Z,1.0352,1.0450,100,100,94.2
2026-03-09 15:12:44.010Z,1.0357,1.0447,100,100,86.5
2026-03-09 15:12:45.357Z,1.0347,1.0459,100,100,107.7
2026-03-09 15:12:46.352Z,1.0343,1.0455,100,100,107.7
2026-03-09 15:12:47.804Z,1.0339,1.0457,100,100,113.5
2026-03-09 15:12:48.132Z,1.0349,1.0451,100,100,98.1
2026-03-09 15:12:49.184Z,1.0353,1.0445,100,100,88.5
2026-03-09 15:12:50.779Z,1.0356,1.0440,100,100,80.8
2026-03-09 15:12:51.005Z,1.0356,1.0448,100,100,88.4
2026-03-09 15:12:52.818Z,1.0343,1.0457,100,100,109.6
2026-03-09 15:12:53.430Z,1.0358,1.0442,100,100,80.8
2026-03-09 15:12:54.532Z,1.0352,1.0448,100,100,92.3
2026-03-09 15:12:55.435Z,1.0353,1.0447,100,100,90.4
2026-03-09 15:12:56.097Z,1.0357,1.0441,100,100,80.8
2026-03-09 15:12:57.264Z,1.0341,1.0457,100,100,111.5
2026-03-09 15:12:58.571Z,1.0350,1.0454,100,100,100.0
2026-03-09 15:12:59.284Z,1.0340,1.0460,100,100,115.4
2026-03-09 15:19:00.709Z,1.0341,1.0459,100,100,113.5
2026-03-09 15:19:01.897Z,1.0346,1.0458,100,100,107.7
2026-03-09 15:19:02.343Z,1.0355,1.0445,100,100,86.5
2026-03-09 15:19:03.834Z,1.0351,1.0449,100,100,94.2
2026-03-09 15:19:04.397Z,1.0346,1.0452,100,100,101.9
2026-03-09 15:19:05.892Z,1.0341,1.0463,100,100,117.3
2026-03-09 15:19:06.155Z,1.0357,1.0439,100,100,78.9
2026-03-09 15:19:07.731Z,1.0345,1.0451,100,100,101.9
2026-03-09 15:19:08.303Z,1.0340,1.0462,100,100,117.3
2026-03-09 15:19:09.680Z,1.0352,1.0450,100,100,94.2
2026-03-09 15:19:10.604Z,1.0358,1.0440,100,100,78.9
2026-03-09 15:19:11.124Z,1.0344,1.0458,100,100,109.6
2026-03-09 15:19:12.898Z,1.0357,1.0441,100,100,80.8
2026-03-09 15:19:13.335Z,1.0348,1.0456,100,100,103.8
2026-03-09 15:19:14.258Z,1.0348,1.0456,100,100,103.8
2026-03-09 15:19:15.397Z,1.0346,1.0458,100,100,107.7
2026-03-09 15:19:16.501Z,1.0359,1.0441,100,100,78.8
2026-03-09 15:19:17.122Z,1.0346,1.0456,100,100,105.8
2026-03-09 15:19:18.001Z,1.0359,1.0441,100,100,78.8
2026-03-09 15:19:19.231Z,1.0354,1.0450,100,100,92.3
2026-03-09 15:19:20.086Z,1.0352,1.0446,100,100,90.4
2026-03-09 15:19:21.891Z,1.0340,1.0458,100,100,113.5
2026-03-09 15:19:22.324Z,1.0346,1.0454,100,100,103.8
2026-03-09 15:19:23.877Z,1.0338,1.0458,100,100,115.4
2026-03-09 15:19:24.594Z,1.0350,1.0446,100,100,92.3
2026-03-09 15:19:25.233Z,1.0344,1.0456,100,100,107.7
2026-03-09 15:19:26.069Z,1.0342,1.0460,100,100,113.5
2026-03-09 15:19:27.238Z,1.0355,1.0449,100,100,90.4
2026-03-09 15:19:28.186Z,1.0344,1.0456,100,100,107.7
2026-03-09 15:19:29.297Z,1.0351,1.0453,100,100,98.1
2026-03-09 15:19:30.236Z,1.0362,1.0442,100,100,76.9
2026-03-09 15:19:31.620Z,1.0341,1.0457,100,100,111.5
2026-03-09 15:19:32.211Z,1.0346,1.0448,100,100,98.1
2026-03-09 15:19:33.385Z,1.0360,1.0444,100,100,80.8
2026-03-09 15:19:34.560Z,1.0355,1.0449,100,100,90.4
2026-03-09 15:19:35.788Z,1.0355,1.0441,100,100,82.7
2026-03-09 15:19:36.672Z,1.0350,1.0446,100,100,92.3
2026-03-09 15:19:37.061Z,1.0358,1.0442,100,100,80.8
2026-03-09 15:19:38.347Z,1.0342,1.0454,100,100,107.7
2026-03-09 15:19:39.633Z,1.0343,1.0453,100,100,105.8
2026-03-09 15:19:40.242Z,1.0352,1.0446,100,100,90.4
2026-03-09 15:19:41.828Z,1.0346,1.0456,100,100,105.8
2026-03-09 15:19:42.514Z,1.0357,1.0443,100,100,82.7
2026-03-09 15:19:43.736Z,1.0355,1.0449,100,100,90.4
2026-03-09 15:19:44.303Z,1.0344,1.0452,100,100,103.9
2026-03-09 15:19:45.787Z,1.0340,1.0460,100,100,115.4
2026-03-09 15:19:46.128Z,1.0344,1.0452,100,100,103.9
2026-03-09 15:19:47.369Z,1.0350,1.0450,100,100,96.2
2026-03-09 15:19:48.308Z,1.0355,1.0445,100,100,86.5
2026-03-09 15:19:49.219Z,1.0351,1.0445,100,100,90.4
2026-03-09 15:19:50.337Z,1.0357,1.0439,100,100,78.9
2026-03-09 15:19:51.552Z,1.0350,1.0446,100,100,92.3
2026-03-09 15:19:52.850Z,1.0347,1.0449,100,100,98.1
2026-03-09 15:19:53.800Z,1.0357,1.0441,100,100,80.8
2026-03-09 15:19:54.290Z,1.0353,1.0443,100,100,86.6
2026-03-09 15:19:55.096Z,1.0354,1.0450,100,100,92.3
2026-03-09 15:19:56.492Z,1.0357,1.0441,100,100,80.8
2026-03-09 15:19:57.095Z,1.0355,1.0445,100,100,86.5
2026-03-09 15:19:58.898Z,1.0348,1.0450,100,100,98.1
2026-03-09 15:19:59.706Z,1.0349,1.0451,100,100,98.1
2026-03-09 15:20:00.254Z,1.0355,1.0445,100,100,86.5
2026-03-09 15:20:01.169Z,1.0348,1.0448,100,100,96.2
2026-03-09 15:20:02.267Z,1.0355,1.0447,100,100,88.5
2026-03-09 15:20:03.412Z,1.0345,1.0451,100,100,101.9
2026-03-09 15:20:04.558Z,1.0361,1.0443,100,100,78.8
2026-03-09 15:20:05.729Z,1.0356,1.0442,100,100,82.7
2026-03-09 15:20:06.351Z,1.0356,1.0442,100,100,82.7
2026-03-09 15:20:07.358Z,1.0353,1.0441,100,100,84.6
2026-03-09 15:20:08.746Z,1.0339,1.0459,100,100,115.4
2026-03-09 15:20:09.352Z,1.0348,1.0452,100,100,100.0
2026-03-09 15:20:10.586Z,1.0358,1.0446,100,100,84.6
2026-03-09 15:20:11.242Z,1.0351,1.0451,100,100,96.1
2026-03-09 15:20:12.081Z,1.0351,1.0449,100,100,94.2
2026-03-09 15:20:13.115Z,1.0358,1.0446,100,100,84.6
2026-03-09 15:20:14.271Z,1.0339,1.0459,100,100,115.4
2026-03-09 15:20:15.570Z,1.0350,1.0450,100,100,96.2
2026-03-09 15:20:16.199Z,1.0360,1.0442,100,100,78.8
2026-03-09 15:20:17.185Z,1.0353,1.0451,100,100,94.2
2026-03-09 15:20:18.838Z,1.0358,1.0444,100,100,82.7
2026-03-09 15:20:19.356Z,1.0345,1.0459,100,100,109.6
2026-03-09 15:20:20.208Z,1.0348,1.0448,100,100,96.2
2026-03-09 15:20:21.618Z,1.0358,1.0448,100,100,86.5
2026-03-09 15:20:22.686Z,1.0346,1.0458,100,100,107.7
2026-03-09 15:20:23.026Z,1.0347,1.0457,100,100,105.7
2026-03-09 15:20:24.605Z,1.0347,1.0453,100,100,101.9
2026-03-09 15:20:25.142Z,1.0351,1.0453,100,100,98.1
2026-03-09 15:20:26.732Z,1.0341,1.0455,100,100,109.6
2026-03-09 15:20:27.708Z,1.0356,1.0446,100,100,86.5
2026-03-09 15:20:28.018Z,1.0359,1.0441,100,100,78.8
2026-03-09 15:20:29.151Z,1.0350,1.0452,100,100,98.1
2026-03-09 15:20:30.582Z,1.0359,1.0445,100,100,82.7
2026-03-09 15:20:31.531Z,1.0345,1.0449,100,100,100.0
2026-03-09 15:20:32.139Z,1.0346,1.0452,100,100,101.9
2026-03-09 15:20:33.881Z,1.0358,1.0446,100,100,84.6
2026-03-09 15:20:34.712Z,1.0337,1.0459,100,100,117.3
2026-03-09 15:20:35.590Z,1.0354,1.0442,100,100,84.6
2026-03-09 15:20:36.564Z,1.0354,1.0446,100,100,88.5
2026-03-09 15:20:37.599Z,1.0358,1.0446,100,100,84.6
2026-03-09 15:20:38.230Z,1.0348,1.0450,100,100,98.1
2026-03-09 15:20:39.356Z,1.0342,1.0462,100,100,115.4
2026-03-09 15:20:40.883Z,1.0343,1.0451,100,100,103.9
2026-03-09 15:20:41.600Z,1.0348,1.0454,100,100,101.9
2026-03-09 15:20:42.358Z,1.0351,1.0451,100,100,96.1
2026-03-09 15:20:43.775Z,1.0356,1.0444,100,100,84.6
2026-03-09 15:20:44.740Z,1.0360,1.0440,100,100,76.9
2026-03-09 15:20:45.235Z,1.0344,1.0450,100,100,102.0
2026-03-09 15:20:46.640Z,1.0347,1.0457,100,100,105.7
2026-03-09 15:20:47.898Z,1.0348,1.0448,100,100,96.2
2026-03-09 15:20:48.073Z,1.0347,1.0453,100,100,101.9
2026-03-09 15:20:49.684Z,1.0345,1.0451,100,100,101.9
2026-03-09 15:20:50.184Z,1.0351,1.0445,100,100,90.4
2026-03-09 15:20:51.877Z,1.0353,1.0453,100,100,96.1
2026-03-09 15:20:52.043Z,1.0340,1.0458,100,100,113.5
2026-03-09 15:20:53.633Z,1.0344,1.0454,100,100,105.8
2026-03-09 15:20:54.383Z,1.0353,1.0447,100,100,90.4
2026-03-09 15:20:55.175Z,1.0352,1.0454,100,100,98.0
2026-03-09 15:20:56.593Z,1.0352,1.0446,100,100,90.4
2026-03-09 15:20:57.319Z,1.0348,1.0456,100,100,103.8
2026-03-09 15:20:58.519Z,1.0346,1.0456,100,100,105.8
2026-03-09 15:20:59.156Z,1.0353,1.0447,100,100,90.4
2026-03-09 15:32:00.008Z,1.0353,1.0447,100,100,90.4
2026-03-09 15:32:01.415Z,1.0346,1.0456,100,100,105.8
2026-03-09 15:32:02.891Z,1.0350,1.0450,100,100,96.2
2026-03-09 15:32:03.385Z,1.0345,1.0459,100,100,109.6
2026-03-09 15:32:04.485Z,1.0341,1.0455,100,100,109.6
2026-03-09 15:32:05.309Z,1.0353,1.0445,100,100,88.5
2026-03-09 15:32:06.754Z,1.0358,1.0442,100,100,80.8
2026-03-09 15:32:07.020Z,1.0354,1.0444,100,100,86.5
2026-03-09 15:32:08.066Z,1.0344,1.0456,100,100,107.7
2026-03-09 15:32:09.342Z,1.0352,1.0448,100,100,92.3
2026-03-09 15:32:10.676Z,1.0343,1.0455,100,100,107.7
2026-03-09 15:32:11.208Z,1.0357,1.0447,100,100,86.5
2026-03-09 15:32:12.166Z,1.0352,1.0444,100,100,88.5
2026-03-09 15:32:13.816Z,1.0359,1.0443,100,100,80.8
2026-03-09 15:32:14.164Z,1.0352,1.0448,100,100,92.3
2026-03-09 15:32:15.655Z,1.0350,1.0444,100,100,90.4
2026-03-09 15:32:16.856Z,1.0343,1.0455,100,100,107.7
2026-03-09 15:32:17.035Z,1.0347,1.0451,100,100,100.0
2026-03-09 15:32:18.708Z,1.0351,1.0445,100,100,90.4
2026-03-09 15:32:19.716Z,1.0346,1.0454,100,100,103.8
2026-03-09 15:32:20.260Z,1.0355,1.0447,100,100,88.5
2026-03-09 15:32:21.349Z,1.0345,1.0453,100,100,103.9
2026-03-09 15:32:22.829Z,1.0356,1.0440,100,100,80.8
2026-03-09 15:32:23.359Z,1.0344,1.0458,100,100,109.6
2026-03-09 15:32:24.297Z,1.0354,1.0450,100,100,92.3
2026-03-09 15:32:25.771Z,1.0343,1.0459,100,100,111.5
2026-03-09 15:32:26.060Z,1.0352,1.0452,100,100,96.1
2026-03-09 15:32:27.615Z,1.0358,1.0444,100,100,82.7
2026-03-09 15:32:28.324Z,1.0342,1.0462,100,100,115.4
2026-03-09 15:32:29.648Z,1.0348,1.0452,100,100,100.0
2026-03-09 15:32:30.892Z,1.0339,1.0457,100,100,113.5
2026-03-09 15:32:31.814Z,1.0352,1.0446,100,100,90.4
2026-03-09 15:32:32.459Z,1.0357,1.0443,100,100,82.7
2026-03-09 15:32:33.399Z,1.0345,1.0455,100,100,105.8
2026-03-09 15:32:34.235Z,1.0350,1.0452,100,100,98.1
2026-03-09 15:32:35.327Z,1.0347,1.0455,100,100,103.8
2026-03-09 15:32:36.246Z,1.0357,1.0445,100,100,84.6
2026-03-09 15:32:37.124Z,1.0343,1.0455,100,100,107.7
2026-03-09 15:32:38.325Z,1.0351,1.0445,100,100,90.4
2026-03-09 15:32:39.191Z,1.0341,1.0457,100,100,111.5
2026-03-09 15:32:40.855Z,1.0351,1.0451,100,100,96.1
2026-03-09 15:32:41.410Z,1.0342,1.0458,100,100,111.5
2026-03-09 15:32:42.185Z,1.0356,1.0448,100,100,88.4
2026-03-09 15:32:43.281Z,1.0343,1.0453,100,100,105.8
2026-03-09 15:32:44.594Z,1.0352,1.0446,100,100,90.4
2026-03-09 15:32:45.830Z,1.0351,1.0451,100,100,96.1
2026-03-09 15:32:46.446Z,1.0356,1.0442,100,100,82.7
2026-03-09 15:32:47.717Z,1.0349,1.0447,100,100,94.2
2026-03-09 15:32:48.218Z,1.0358,1.0444,100,100,82.7
2026-03-09 15:32:49.057Z,1.0352,1.0446,100,100,90.4
2026-03-09 15:32:50.456Z,1.0356,1.0448,100,100,88.4
2026-03-09 15:32:51.572Z,1.0342,1.0456,100,100,109.6
2026-03-09 15:32:52.891Z,1.0344,1.0452,100,100,103.9
2026-03-09 15:32:53.052Z,1.0360,1.0440,100,100,76.9
2026-03-09 15:32:54.792Z,1.0349,1.0451,100,100,98.1
2026-03-09 15:32:55.489Z,1.0358,1.0440,100,100,78.9
2026-03-09 15:32:56.548Z,1.0354,1.0448,100,100,90.4
2026-03-09 15:32:57.187Z,1.0345,1.0459,100,100,109.6
2026-03-09 15:32:58.001Z,1.0351,1.0455,100,100,100.0
2026-03-09 15:32:59.483Z,1.0342,1.0458,100,100,111.5
2026-03-09 15:40:00.309Z,1.0251,1.0349,100,100,95.1
2026-03-09 15:40:01.674Z,1.0248,1.0352,100,100,101.0
2026-03-09 15:40:02.869Z,1.0243,1.0357,100,100,110.7
2026-03-09 15:40:03.217Z,1.0247,1.0357,100,100,106.8
2026-03-09 15:40:04.134Z,1.0252,1.0348,100,100,93.2
2026-03-09 15:40:05.513Z,1.0242,1.0358,100,100,112.6
2026-03-09 15:40:06.060Z,1.0259,1.0345,100,100,83.5
2026-03-09 15:40:07.318Z,1.0256,1.0344,100,100,85.4
2026-03-09 15:40:08.389Z,1.0256,1.0346,100,100,87.4
2026-03-09 15:40:09.038Z,1.0256,1.0346,100,100,87.4
2026-03-09 15:40:10.800Z,1.0260,1.0342,100,100,79.6
2026-03-09 15:40:11.887Z,1.0243,1.0357,100,100,110.7
2026-03-09 15:40:12.781Z,1.0240,1.0356,100,100,112.6
2026-03-09 15:40:13.759Z,1.0253,1.0349,100,100,93.2
2026-03-09 15:40:14.034Z,1.0246,1.0356,100,100,106.8
2026-03-09 15:40:15.825Z,1.0245,1.0351,100,100,102.9
2026-03-09 15:40:16.303Z,1.0242,1.0360,100,100,114.6
2026-03-09 15:40:17.024Z,1.0243,1.0353,100,100,106.8
2026-03-09 15:40:18.469Z,1.0253,1.0345,100,100,89.3
2026-03-09 15:40:19.508Z,1.0256,1.0342,100,100,83.5
2026-03-09 15:40:20.615Z,1.0246,1.0356,100,100,106.8
2026-03-09 15:40:21.122Z,1.0243,1.0361,100,100,114.5
2026-03-09 15:40:22.352Z,1.0245,1.0357,100,100,108.7
2026-03-09 15:40:23.863Z,1.0255,1.0343,100,100,85.4
2026-03-09 15:40:24.099Z,1.0244,1.0352,100,100,104.9
2026-03-09 15:40:25.653Z,1.0252,1.0352,100,100,97.1
2026-03-09 15:40:26.691Z,1.0256,1.0342,100,100,83.5
2026-03-09 15:40:27.538Z,1.0251,1.0347,100,100,93.2
2026-03-09 15:40:28.091Z,1.0257,1.0345,100,100,85.4
2026-03-09 15:40:29.677Z,1.0254,1.0346,100,100,89.3
2026-03-09 15:40:30.361Z,1.0242,1.0362,100,100,116.5
2026-03-09 15:40:31.882Z,1.0242,1.0358,100,100,112.6
2026-03-09 15:40:32.606Z,1.0243,1.0355,100,100,108.7
2026-03-09 15:40:33.238Z,1.0241,1.0355,100,100,110.7
2026-03-09 15:40:34.493Z,1.0253,1.0349,100,100,93.2
2026-03-09 15:40:35.853Z,1.0247,1.0353,100,100,102.9
2026-03-09 15:40:36.386Z,1.0246,1.0356,100,100,106.8
2026-03-09 15:40:37.724Z,1.0255,1.0349,100,100,91.2
2026-03-09 15:40:38.663Z,1.0259,1.0343,100,100,81.5
2026-03-09 15:40:39.278Z,1.0246,1.0352,100,100,102.9
2026-03-09 15:40:40.813Z,1.0257,1.0345,100,100,85.4
2026-03-09 15:40:41.053Z,1.0256,1.0346,100,100,87.4
2026-03-09 15:40:42.295Z,1.0244,1.0352,100,100,104.9
2026-03-09 15:40:43.861Z,1.0258,1.0340,100,100,79.6
2026-03-09 15:40:44.827Z,1.0248,1.0356,100,100,104.8
2026-03-09 15:40:45.410Z,1.0246,1.0358,100,100,108.7
2026-03-09 15:40:46.304Z,1.0250,1.0352,100,100,99.0
2026-03-09 15:40:47.208Z,1.0260,1.0342,100,100,79.6
2026-03-09 15:40:48.480Z,1.0246,1.0356,100,100,106.8
2026-03-09 15:40:49.079Z,1.0260,1.0342,100,100,79.6
2026-03-09 15:40:50.262Z,1.0257,1.0347,100,100,87.4
2026-03-09 15:40:51.201Z,1.0254,1.0342,100,100,85.5
2026-03-09 15:40:52.233Z,1.0252,1.0348,100,100,93.2
2026-03-09 15:40:53.693Z,1.0242,1.0360,100,100,114.6
2026-03-09 15:40:54.807Z,1.0249,1.0353,100,100,101.0
2026-03-09 15:40:55.135Z,1.0241,1.0361,100,100,116.5
2026-03-09 15:40:56.368Z,1.0247,1.0355,100,100,104.8
2026-03-09 15:40:57.080Z,1.0254,1.0342,100,100,85.5
2026-03-09 15:40:58.062Z,1.0260,1.0342,100,100,79.6
2026-03-09 15:40:59.120Z,1.0248,1.0352,100,100,101.0
2026-03-09 16:21:00.143Z,1.0247,1.0353,100,100,102.9
2026-03-09 16:21:01.447Z,1.0254,1.0346,100,100,89.3
2026-03-09 16:21:02.748Z,1.0256,1.0348,100,100,89.3
2026-03-09 16:21:03.657Z,1.0253,1.0349,100,100,93.2
2026-03-09 16:21:04.162Z,1.0244,1.0358,100,100,110.7
2026-03-09 16:21:05.596Z,1.0244,1.0360,100,100,112.6
2026-03-09 16:21:06.807Z,1.0240,1.0358,100,100,114.6
2026-03-09 16:21:07.897Z,1.0240,1.0360,100,100,116.5
2026-03-09 16:21:08.225Z,1.0245,1.0353,100,100,104.9
2026-03-09 16:21:09.309Z,1.0258,1.0340,100,100,79.6
2026-03-09 16:21:10.620Z,1.0243,1.0357,100,100,110.7
2026-03-09 16:21:11.263Z,1.0254,1.0350,100,100,93.2
2026-03-09 16:21:12.551Z,1.0248,1.0352,100,100,101.0
2026-03-09 16:21:13.830Z,1.0253,1.0347,100,100,91.3
2026-03-09 16:21:14.658Z,1.0239,1.0357,100,100,114.6
2026-03-09 16:21:15.436Z,1.0245,1.0357,100,100,108.7
2026-03-09 16:21:16.567Z,1.0248,1.0356,100,100,104.8
2026-03-09 16:21:17.033Z,1.0257,1.0343,100,100,83.5
2026-03-09 16:21:18.566Z,1.0248,1.0354,100,100,102.9
2026-03-09 16:21:19.607Z,1.0245,1.0353,100,100,104.9
2026-03-09 16:21:20.004Z,1.0250,1.0350,100,100,97.1
2026-03-09 16:21:21.699Z,1.0256,1.0346,100,100,87.4
2026-03-09 16:21:22.491Z,1.0246,1.0358,100,100,108.7
2026-03-09 16:21:23.815Z,1.0252,1.0352,100,100,97.1
2026-03-09 16:21:24.702Z,1.0244,1.0354,100,100,106.8
2026-03-09 16:21:25.069Z,1.0255,1.0343,100,100,85.4
2026-03-09 16:21:26.730Z,1.0259,1.0341,100,100,79.6
2026-03-09 16:21:27.138Z,1.0257,1.0345,100,100,85.4
2026-03-09 16:21:28.720Z,1.0248,1.0352,100,100,101.0
2026-03-09 16:21:29.772Z,1.0244,1.0358,100,100,110.7
2026-03-09 16:21:30.138Z,1.0239,1.0359,100,100,116.5
2026-03-09 16:21:31.271Z,1.0256,1.0340,100,100,81.6
2026-03-09 16:21:32.498Z,1.0250,1.0346,100,100,93.2
2026-03-09 16:21:33.445Z,1.0249,1.0353,100,100,101.0
2026-03-09 16:21:34.646Z,1.0256,1.0340,100,100,81.6
2026-03-09 16:21:35.175Z,1.0244,1.0358,100,100,110.7
2026-03-09 16:21:36.219Z,1.0259,1.0343,100,100,81.5
2026-03-09 16:21:37.759Z,1.0250,1.0354,100,100,101.0
2026-03-09 16:21:38.068Z,1.0242,1.0356,100,100,110.7
2026-03-09 16:21:39.348Z,1.0251,1.0347,100,100,93.2
2026-03-09 16:21:40.248Z,1.0253,1.0345,100,100,89.3
2026-03-09 16:21:41.055Z,1.0251,1.0347,100,100,93.2
2026-03-09 16:21:42.449Z,1.0247,1.0353,100,100,102.9
2026-03-09 16:21:43.404Z,1.0252,1.0350,100,100,95.1
2026-03-09 16:21:44.839Z,1.0249,1.0351,100,100,99.0
2026-03-09 16:21:45.812Z,1.0243,1.0357,100,100,110.7
2026-03-09 16:21:46.709Z,1.0246,1.0356,100,100,106.8
2026-03-09 16:21:47.837Z,1.0252,1.0346,100,100,91.3
2026-03-09 16:21:48.421Z,1.0241,1.0355,100,100,110.7
2026-03-09 16:21:49.414Z,1.0249,1.0355,100,100,102.9
2026-03-09 16:21:50.863Z,1.0245,1.0353,100,100,104.9
2026-03-09 16:21:51.657Z,1.0245,1.0351,100,100,102.9
2026-03-09 16:21:52.190Z,1.0245,1.0357,100,100,108.7
2026-03-09 16:21:53.669Z,1.0248,1.0356,100,100,104.8
2026-03-09 16:21:54.099Z,1.0248,1.0348,100,100,97.1
2026-03-09 16:21:55.082Z,1.0257,1.0347,100,100,87.4
2026-03-09 16:21:56.253Z,1.0256,1.0346,100,100,87.4
2026-03-09 16:21:57.094Z,1.0240,1.0356,100,100,112.6
2026-03-09 16:21:58.247Z,1.0259,1.0341,100,100,79.6
2026-03-09 16:21:59.622Z,1.0240,1.0360,100,100,116.5
2026-03-09 16:56:00.333Z,1.0258,1.0342,100,100,81.6
2026-03-09 16:56:01.354Z,1.0238,1.0358,100,100,116.5
2026-03-09 16:56:02.201Z,1.0246,1.0352,100,100,102.9
2026-03-09 16:56:03.491Z,1.0256,1.0344,100,100,85.4
2026-03-09 16:56:04.646Z,1.0251,1.0345,100,100,91.3
2026-03-09 16:56:05.309Z,1.0258,1.0342,100,100,81.6
2026-03-09 16:56:06.189Z,1.0251,1.0353,100,100,99.0
2026-03-09 16:56:07.012Z,1.0250,1.0350,100,100,97.1
2026-03-09 16:56:08.233Z,1.0258,1.0342,100,100,81.6
2026-03-09 16:56:09.255Z,1.0253,1.0349,100,100,93.2
2026-03-09 16:56:10.608Z,1.0241,1.0357,100,100,112.6
2026-03-09 16:56:11.046Z,1.0252,1.0342,100,100,87.4
2026-03-09 16:56:12.303Z,1.0245,1.0351,100,100,102.9
2026-03-09 16:56:13.648Z,1.0257,1.0349,100,100,89.3
2026-03-09 16:56:14.041Z,1.0245,1.0353,100,100,104.9
2026-03-09 16:56:15.545Z,1.0247,1.0351,100,100,101.0
2026-03-09 16:56:16.850Z,1.0242,1.0358,100,100,112.6
2026-03-09 16:56:17.303Z,1.0242,1.0356,100,100,110.7
2026-03-09 16:56:18.719Z,1.0261,1.0343,100,100,79.6
2026-03-09 16:56:19.581Z,1.0239,1.0361,100,100,118.4
2026-03-09 16:56:20.054Z,1.0243,1.0349,100,100,103.0
2026-03-09 16:56:21.044Z,1.0242,1.0346,100,100,101.0
2026-03-09 16:56:22.413Z,1.0231,1.0349,100,100,114.7
2026-03-09 16:56:23.422Z,1.0224,1.0340,100,100,112.8
2026-03-09 16:56:24.816Z,1.0231,1.0327,100,100,93.4
2026-03-09 16:56:25.006Z,1.0220,1.0322,100,100,99.3
2026-03-09 16:56:26.547Z,1.0214,1.0310,100,100,93.5
2026-03-09 16:56:27.322Z,1.0197,1.0317,100,100,117.0
2026-03-09 16:56:28.683Z,1.0198,1.0298,100,100,97.6
2026-03-09 16:56:29.813Z,1.0188,1.0298,100,100,107.4
2026-03-09 16:56:30.788Z,1.0187,1.0289,100,100,99.6
2026-03-09 16:56:31.622Z,1.0184,1.0272,100,100,86.0
2026-03-09 16:56:32.535Z,1.0166,1.0280,100,100,111.5
2026-03-09 16:56:33.134Z,1.0164,1.0266,100,100,99.9
2026-03-09 16:56:34.476Z,1.0163,1.0263,100,100,97.9
2026-03-09 16:56:35.479Z,1.0160,1.0252,100,100,90.1
2026-03-09 16:56:36.306Z,1.0150,1.0254,100,100,101.9
2026-03-09 16:56:37.123Z,1.0161,1.0243,100,100,80.4
2026-03-09 16:56:38.231Z,1.0143,1.0261,100,100,115.7
2026-03-09 16:56:39.897Z,1.0148,1.0252,100,100,102.0
2026-03-09 16:56:40.408Z,1.0157,1.0241,100,100,82.4
2026-03-09 16:56:41.372Z,1.0161,1.0245,100,100,82.3
2026-03-09 16:56:42.419Z,1.0150,1.0254,100,100,101.9
2026-03-09 16:56:43.024Z,1.0154,1.0258,100,100,101.9
2026-03-09 16:56:44.090Z,1.0157,1.0259,100,100,99.9
2026-03-09 16:56:45.528Z,1.0159,1.0259,100,100,98.0
2026-03-09 16:56:46.842Z,1.0159,1.0263,100,100,101.9
2026-03-09 16:56:47.223Z,1.0149,1.0267,100,100,115.6
2026-03-09 16:56:48.086Z,1.0158,1.0256,100,100,96.0
2026-03-09 16:56:49.585Z,1.0168,1.0248,100,100,78.4
2026-03-09 16:56:50.389Z,1.0157,1.0253,100,100,94.1
2026-03-09 16:56:51.852Z,1.0148,1.0266,100,100,115.6
2026-03-09 16:56:52.832Z,1.0161,1.0251,100,100,88.2
2026-03-09 16:56:53.786Z,1.0153,1.0251,100,100,96.1
2026-03-09 16:56:54.100Z,1.0154,1.0254,100,100,98.0
2026-03-09 16:56:55.596Z,1.0152,1.0252,100,100,98.0
2026-03-09 16:56:56.522Z,1.0150,1.0252,100,100,100.0
2026-03-09 16:56:57.512Z,1.0156,1.0242,100,100,84.3
2026-03-09 16:56:58.276Z,1.0158,1.0244,100,100,84.3
2026-03-09 16:56:59.788Z,1.0146,1.0254,100,100,105.9
2026-03-09 17:19:00.153Z,1.0158,1.0242,100,100,82.4
2026-03-09 17:19:01.262Z,1.0155,1.0245,100,100,88.2
2026-03-09 17:19:02.315Z,1.0154,1.0248,100,100,92.1
2026-03-09 17:19:03.443Z,1.0149,1.0255,100,100,103.9
2026-03-09 17:19:04.115Z,1.0155,1.0241,100,100,84.3
2026-03-09 17:19:05.422Z,1.0142,1.0254,100,100,109.8
2026-03-09 17:19:06.761Z,1.0145,1.0251,100,100,103.9
2026-03-09 17:19:07.758Z,1.0147,1.0257,100,100,107.8
2026-03-09 17:19:08.527Z,1.0154,1.0246,100,100,90.2
2026-03-09 17:19:09.173Z,1.0155,1.0243,100,100,86.3
2026-03-09 17:19:10.478Z,1.0156,1.0248,100,100,90.2
2026-03-09 17:19:11.077Z,1.0154,1.0244,100,100,88.2
2026-03-09 17:19:12.449Z,1.0141,1.0259,106,100,115.7
2026-03-09 17:19:13.649Z,1.0147,1.0251,100,131,102.0
2026-03-09 17:19:14.734Z,1.0147,1.0257,100,100,107.8
2026-03-09 17:19:15.749Z,1.0159,1.0243,100,100,82.3
2026-03-09 17:19:16.255Z,1.0140,1.0256,100,100,113.7
2026-03-09 17:19:17.507Z,1.0151,1.0247,100,100,94.1
2026-03-09 17:19:18.569Z,1.0155,1.0247,100,100,90.2
2026-03-09 17:19:19.605Z,1.0145,1.0259,100,100,111.7
2026-03-09 17:19:20.539Z,1.0149,1.0255,100,100,103.9
2026-03-09 17:19:21.744Z,1.0153,1.0245,100,100,90.2
2026-03-09 17:19:22.007Z,1.0146,1.0254,100,100,105.9
2026-03-09 17:19:23.562Z,1.0154,1.0250,100,100,94.1
2026-03-09 17:19:24.305Z,1.0147,1.0251,100,100,102.0
2026-03-09 17:19:25.479Z,1.0158,1.0240,100,100,80.4
2026-03-09 17:19:26.896Z,1.0146,1.0252,100,100,103.9
2026-03-09 17:19:27.555Z,1.0146,1.0256,100,100,107.8
2026-03-09 17:19:28.273Z,1.0155,1.0249,100,100,92.1
2026-03-09 17:19:29.874Z,1.0160,1.0242,100,100,80.4
2026-03-09 17:19:30.264Z,1.0150,1.0254,100,100,101.9
2026-03-09 17:19:31.040Z,1.0161,1.0243,100,100,80.4
2026-03-09 17:19:32.693Z,1.0157,1.0241,100,100,82.4
2026-03-09 17:19:33.326Z,1.0145,1.0251,100,100,103.9
2026-03-09 17:19:34.801Z,1.0160,1.0244,100,100,82.3
2026-03-09 17:19:35.002Z,1.0148,1.0254,100,100,103.9
2026-03-09 17:19:36.442Z,1.0160,1.0240,100,100,78.4
2026-03-09 17:19:37.377Z,1.0152,1.0246,100,104,92.2
2026-03-09 17:19:38.514Z,1.0157,1.0243,100,100,84.3
2026-03-09 17:19:39.193Z,1.0156,1.0250,100,100,92.1
2026-03-09 17:19:40.295Z,1.0146,1.0252,100,105,103.9
2026-03-09 17:19:41.227Z,1.0144,1.0258,100,100,111.8
2026-03-09 17:19:42.348Z,1.0150,1.0248,100,100,96.1
2026-03-09 17:19:43.688Z,1.0156,1.0248,100,100,90.2
2026-03-09 17:19:44.035Z,1.0140,1.0258,100,100,115.7
2026-03-09 17:19:45.695Z,1.0143,1.0261,100,100,115.7
2026-03-09 17:19:46.629Z,1.0159,1.0241,100,100,80.4
2026-03-09 17:19:47.799Z,1.0151,1.0251,100,100,98.0
2026-03-09 17:19:48.529Z,1.0148,1.0248,100,100,98.1
2026-03-09 17:19:49.134Z,1.0142,1.0254,100,100,109.8
2026-03-09 17:19:50.871Z,1.0146,1.0256,100,100,107.8
2026-03-09 17:19:51.374Z,1.0139,1.0259,100,100,117.7
2026-03-09 17:19:52.294Z,1.0150,1.0248,100,100,96.1
2026-03-09 17:19:53.331Z,1.0142,1.0258,100,100,113.7
2026-03-09 17:19:54.270Z,1.0143,1.0257,100,100,111.8
2026-03-09 17:19:55.507Z,1.0149,1.0251,100,100,100.0
2026-03-09 17:19:56.894Z,1.0161,1.0243,100,100,80.4
2026-03-09 17:19:57.877Z,1.0160,1.0242,100,100,80.4
2026-03-09 17:19:58.833Z,1.0153,1.0249,100,100,94.1
2026-03-09 17:19:59.127Z,1.0155,1.0245,100,100,88.2
2026-03-09 17:31:00.104Z,1.0253,1.0347,100,100,91.3
2026-03-09 17:31:01.208Z,1.0256,1.0348,100,100,89.3
2026-03-09 17:31:02.724Z,1.0249,1.0355,100,100,102.9
2026-03-09 17:31:03.637Z,1.0247,1.0349,100,100,99.0
2026-03-09 17:31:04.292Z,1.0250,1.0354,100,100,101.0
2026-03-09 17:31:05.578Z,1.0248,1.0354,100,100,102.9
2026-03-09 17:31:06.600Z,1.0257,1.0345,100,100,85.4
2026-03-09 17:31:07.092Z,1.0254,1.0344,100,100,87.4
2026-03-09 17:31:08.315Z,1.0248,1.0356,100,100,104.8
2026-03-09 17:31:09.434Z,1.0256,1.0340,100,100,81.6
2026-03-09 17:31:10.174Z,1.0247,1.0351,100,100,101.0
2026-03-09 17:31:11.525Z,1.0257,1.0347,100,100,87.4
2026-03-09 17:31:12.528Z,1.0244,1.0360,100,100,112.6
2026-03-09 17:31:13.535Z,1.0245,1.0353,100,100,104.9
2026-03-09 17:31:14.448Z,1.0252,1.0350,100,100,95.1
2026-03-09 17:31:15.615Z,1.0255,1.0347,100,100,89.3
2026-03-09 17:31:16.518Z,1.0246,1.0358,100,100,108.7
2026-03-09 17:31:17.059Z,1.0249,1.0349,100,100,97.1
2026-03-09 17:31:18.788Z,1.0247,1.0351,100,100,101.0
2026-03-09 17:31:19.403Z,1.0255,1.0353,100,100,95.1
2026-03-09 17:31:20.722Z,1.0251,1.0355,100,100,100.9
2026-03-09 17:31:21.674Z,1.0251,1.0361,100,100,106.7
2026-03-09 17:31:22.247Z,1.0269,1.0357,100,100,85.3
2026-03-09 17:31:23.739Z,1.0268,1.0368,100,100,96.9
2026-03-09 17:31:24.107Z,1.0267,1.0377,100,100,106.6
2026-03-09 17:31:25.808Z,1.0270,1.0392,100,100,118.1
2026-03-09 17:31:26.278Z,1.0283,1.0387,100,100,100.6
2026-03-09 17:31:27.878Z,1.0285,1.0403,100,100,114.1
2026-03-09 17:31:28.338Z,1.0290,1.0408,100,100,114.0
2026-03-09 17:31:29.676Z,1.0297,1.0419,100,100,117.8
2026-03-09 17:31:30.886Z,1.0307,1.0419,100,100,108.1
2026-03-09 17:31:31.082Z,1.0321,1.0421,100,100,96.4
2026-03-09 17:31:32.734Z,1.0334,1.0426,100,100,88.6
2026-03-09 17:31:33.660Z,1.0338,1.0426,100,100,84.8
2026-03-09 17:31:34.000Z,1.0338,1.0440,100,100,98.2
2026-03-09 17:31:35.204Z,1.0335,1.0453,100,100,113.5
2026-03-09 17:31:36.002Z,1.0356,1.0438,100,100,78.9
2026-03-09 17:31:37.531Z,1.0358,1.0440,100,100,78.9
2026-03-09 17:31:38.500Z,1.0357,1.0439,100,100,78.9
2026-03-09 17:31:39.170Z,1.0342,1.0456,100,100,109.6
2026-03-09 17:31:40.499Z,1.0353,1.0441,100,100,84.6
2026-03-09 17:31:41.484Z,1.0338,1.0452,100,100,109.7
2026-03-09 17:31:42.183Z,1.0333,1.0453,100,100,115.5
2026-03-09 17:31:43.722Z,1.0333,1.0453,100,100,115.5
2026-03-09 17:31:44.617Z,1.0332,1.0442,100,100,105.9
2026-03-09 17:31:45.859Z,1.0343,1.0431,100,100,84.7
2026-03-09 17:31:46.369Z,1.0333,1.0445,100,100,107.8
2026-03-09 17:31:47.733Z,1.0337,1.0439,100,100,98.2
2026-03-09 17:31:48.700Z,1.0339,1.0435,100,100,92.4
2026-03-09 17:31:49.515Z,1.0329,1.0447,100,100,113.6
2026-03-09 17:31:50.173Z,1.0342,1.0440,100,100,94.3
2026-03-09 17:31:51.803Z,1.0335,1.0443,100,100,104.0
2026-03-09 17:31:52.299Z,1.0340,1.0450,100,100,105.8
2026-03-09 17:31:53.386Z,1.0351,1.0435,100,100,80.8
2026-03-09 17:31:54.256Z,1.0354,1.0436,100,100,78.9
2026-03-09 17:31:55.259Z,1.0353,1.0437,100,100,80.8
2026-03-09 17:31:56.000Z,1.0339,1.0453,100,100,109.7
2026-03-09 17:31:57.880Z,1.0341,1.0461,100,100,115.4
2026-03-09 17:31:58.117Z,1.0354,1.0448,100,100,90.4
2026-03-09 17:31:59.080Z,1.0340,1.0460,100,100,115.4
2026-03-09 17:33:00.488Z,1.0356,1.0444,100,100,84.6
2026-03-09 17:33:01.736Z,1.0348,1.0454,100,100,101.9
2026-03-09 17:33:02.553Z,1.0357,1.0443,100,100,82.7
2026-03-09 17:33:03.784Z,1.0356,1.0440,100,100,80.8
2026-03-09 17:33:04.788Z,1.0357,1.0447,100,100,86.5
2026-03-09 17:33:05.008Z,1.0342,1.0458,100,100,111.5
2026-03-09 17:33:06.578Z,1.0347,1.0447,100,100,96.2
2026-03-09 17:33:07.293Z,1.0349,1.0453,100,100,100.0
2026-03-09 17:33:08.384Z,1.0347,1.0455,100,100,103.8
2026-03-09 17:33:09.198Z,1.0359,1.0445,100,100,82.7
2026-03-09 17:33:10.826Z,1.0360,1.0442,100,100,78.8
2026-03-09 17:33:11.282Z,1.0346,1.0456,100,100,105.8
2026-03-09 17:33:12.836Z,1.0343,1.0461,100,100,113.4
2026-03-09 17:33:13.138Z,1.0342,1.0458,100,100,111.5
2026-03-09 17:33:14.283Z,1.0344,1.0454,100,100,105.8
2026-03-09 17:33:15.137Z,1.0348,1.0458,100,100,105.7
2026-03-09 17:33:16.803Z,1.0347,1.0455,100,100,103.8
2026-03-09 17:33:17.555Z,1.0342,1.0454,100,100,107.7
2026-03-09 17:33:18.502Z,1.0358,1.0442,100,100,80.8
2026-03-09 17:33:19.450Z,1.0339,1.0455,100,100,111.6
2026-03-09 17:33:20.306Z,1.0343,1.0455,100,100,107.7
2026-03-09 17:33:21.178Z,1.0357,1.0439,100,100,78.9
2026-03-09 17:33:22.541Z,1.0343,1.0451,100,100,103.9
2026-03-09 17:33:23.251Z,1.0353,1.0451,100,100,94.2
2026-03-09 17:33:24.357Z,1.0354,1.0448,100,100,90.4
2026-03-09 17:33:25.211Z,1.0347,1.0453,100,100,101.9
2026-03-09 17:33:26.272Z,1.0344,1.0458,100,100,109.6
2026-03-09 17:33:27.106Z,1.0360,1.0442,100,100,78.8
2026-03-09 17:33:28.534Z,1.0350,1.0448,100,100,94.2
2026-03-09 17:33:29.763Z,1.0351,1.0447,100,100,92.3
2026-03-09 17:33:30.103Z,1.0351,1.0447,100,100,92.3
2026-03-09 17:33:31.885Z,1.0349,1.0447,100,100,94.2
2026-03-09 17:33:32.488Z,1.0352,1.0448,100,100,92.3
2026-03-09 17:33:33.683Z,1.0347,1.0449,100,100,98.1
2026-03-09 17:33:34.208Z,1.0338,1.0456,100,100,113.5
2026-03-09 17:33:35.865Z,1.0347,1.0455,100,100,103.8
2026-03-09 17:33:36.745Z,1.0358,1.0446,100,100,84.6
2026-03-09 17:33:37.817Z,1.0345,1.0459,100,100,109.6
2026-03-09 17:33:38.619Z,1.0339,1.0457,100,117,113.5
2026-03-09 17:33:39.206Z,1.0352,1.0448,100,100,92.3
2026-03-09 17:33:40.301Z,1.0357,1.0439,100,100,78.9
2026-03-09 17:33:41.175Z,1.0348,1.0448,100,100,96.2
2026-03-09 17:33:42.281Z,1.0345,1.0457,100,100,107.7
2026-03-09 17:33:43.301Z,1.0356,1.0442,100,100,82.7
2026-03-09 17:33:44.836Z,1.0355,1.0447,100,100,88.5
2026-03-09 17:33:45.317Z,1.0341,1.0461,100,100,115.4
2026-03-09 17:33:46.535Z,1.0348,1.0448,100,100,96.2
2026-03-09 17:33:47.708Z,1.0357,1.0439,100,100,78.9
2026-03-09 17:33:48.376Z,1.0359,1.0443,100,100,80.8
2026-03-09 17:33:49.852Z,1.0352,1.0454,100,100,98.0
2026-03-09 17:33:50.071Z,1.0349,1.0457,100,100,103.8
2026-03-09 17:33:51.051Z,1.0340,1.0458,100,100,113.5
2026-03-09 17:33:52.178Z,1.0351,1.0453,100,100,98.1
2026-03-09 17:33:53.785Z,1.0346,1.0454,100,100,103.8
2026-03-09 17:33:54.275Z,1.0348,1.0452,100,100,100.0
2026-03-09 17:33:55.761Z,1.0347,1.0455,100,100,103.8
2026-03-09 17:33:56.729Z,1.0343,1.0459,100,100,111.5
2026-03-09 17:33:57.809Z,1.0353,1.0449,100,100,92.3
2026-03-09 17:33:58.811Z,1.0345,1.0455,100,100,105.8
2026-03-09 17:33:59.815Z,1.0349,1.0451,100,100,98.1
2026-03-09 17:34:00.735Z,1.0342,1.0458,100,100,111.5
2026-03-09 17:34:01.585Z,1.0349,1.0447,100,100,94.2
2026-03-09 17:34:02.038Z,1.0359,1.0441,100,100,78.8
2026-03-09 17:34:03.100Z,1.0341,1.0459,100,100,113.5
2026-03-09 17:34:04.305Z,1.0357,1.0447,100,100,86.5
2026-03-09 17:34:05.686Z,1.0349,1.0455,100,100,101.9
2026-03-09 17:34:06.430Z,1.0357,1.0445,100,100,84.6
2026-03-09 17:34:07.056Z,1.0356,1.0440,100,100,80.8
2026-03-09 17:34:08.858Z,1.0350,1.0448,100,100,94.2
2026-03-09 17:34:09.074Z,1.0344,1.0460,100,100,111.5
2026-03-09 17:34:10.067Z,1.0356,1.0444,100,100,84.6
2026-03-09 17:34:11.515Z,1.0355,1.0445,100,100,86.5
2026-03-09 17:34:12.895Z,1.0349,1.0451,100,100,98.1
2026-03-09 17:34:13.771Z,1.0356,1.0442,108,237,82.7
2026-03-09 17:34:14.034Z,1.0356,1.0446,100,100,86.5
2026-03-09 17:34:15.789Z,1.0341,1.0453,100,100,107.7
2026-03-09 17:34:16.837Z,1.0344,1.0456,100,100,107.7
2026-03-09 17:34:17.265Z,1.0356,1.0446,100,100,86.5
2026-03-09 17:34:18.725Z,1.0340,1.0460,100,100,115.4
2026-03-09 17:34:19.371Z,1.0355,1.0443,100,100,84.6
2026-03-09 17:34:20.838Z,1.0342,1.0462,100,100,115.4
2026-03-09 17:34:21.770Z,1.0361,1.0449,100,100,84.6
2026-03-09 17:34:22.744Z,1.0364,1.0454,100,100,86.5
2026-03-09 17:34:23.217Z,1.0368,1.0466,100,100,94.1
2026-03-09 17:34:24.544Z,1.0365,1.0481,100,100,111.3
2026-03-09 17:34:25.050Z,1.0377,1.0479,100,100,97.8
2026-03-09 17:34:26.636Z,1.0378,1.0490,100,100,107.3
2026-03-09 17:34:27.864Z,1.0385,1.0503,100,100,113.0
2026-03-09 17:34:28.130Z,1.0399,1.0499,100,100,95.7
2026-03-09 17:34:29.531Z,1.0409,1.0507,100,100,93.7
2026-03-09 17:34:30.034Z,1.0413,1.0515,100,100,97.5
2026-03-09 17:34:31.123Z,1.0427,1.0517,100,100,85.9
2026-03-09 17:34:32.311Z,1.0419,1.0539,100,100,114.5
2026-03-09 17:34:33.111Z,1.0424,1.0544,100,100,114.5
2026-03-09 17:34:34.371Z,1.0429,1.0547,100,100,112.5
2026-03-09 17:34:35.150Z,1.0433,1.0555,100,100,116.3
2026-03-09 17:34:36.652Z,1.0453,1.0535,100,100,78.1
2026-03-09 17:34:37.208Z,1.0449,1.0549,100,100,95.2
2026-03-09 17:34:38.714Z,1.0443,1.0553,100,168,104.8
2026-03-09 17:34:39.219Z,1.0444,1.0556,125,100,106.7
2026-03-09 17:34:40.602Z,1.0453,1.0549,100,103,91.4
2026-03-09 17:34:41.138Z,1.0445,1.0545,100,100,95.3
2026-03-09 17:34:42.139Z,1.0456,1.0540,100,100,80.0
2026-03-09 17:34:43.288Z,1.0431,1.0553,100,100,116.3
2026-03-09 17:34:44.610Z,1.0436,1.0548,100,100,106.7
2026-03-09 17:34:45.618Z,1.0435,1.0549,100,100,108.7
2026-03-09 17:34:46.373Z,1.0445,1.0533,100,100,83.9
2026-03-09 17:34:47.319Z,1.0433,1.0551,100,100,112.5
2026-03-09 17:34:48.714Z,1.0447,1.0533,100,100,82.0
2026-03-09 17:34:49.647Z,1.0449,1.0535,100,100,82.0
2026-03-09 17:34:50.247Z,1.0444,1.0542,100,100,93.4
2026-03-09 17:34:51.793Z,1.0436,1.0556,100,100,114.3
2026-03-09 17:34:52.273Z,1.0453,1.0539,100,100,81.9
2026-03-09 17:34:53.878Z,1.0454,1.0536,100,100,78.1
2026-03-09 17:34:54.390Z,1.0441,1.0557,100,100,110.5
2026-03-09 17:34:55.474Z,1.0449,1.0545,100,100,91.5
2026-03-09 17:34:56.506Z,1.0447,1.0555,100,100,102.8
2026-03-09 17:34:57.870Z,1.0443,1.0559,100,100,110.5
2026-03-09 17:34:58.360Z,1.0455,1.0549,100,100,89.5
2026-03-09 17:34:59.564Z,1.0453,1.0547,100,100,89.5
2026-03-09 17:35:00.220Z,1.0351,1.0449,100,100,94.2
2026-03-09 17:35:01.763Z,1.0357,1.0447,100,100,86.5
2026-03-09 17:35:02.703Z,1.0348,1.0454,100,100,101.9
2026-03-09 17:35:03.540Z,1.0346,1.0454,100,100,103.8
2026-03-09 17:35:04.754Z,1.0344,1.0452,100,100,103.9
2026-03-09 17:35:05.193Z,1.0346,1.0450,100,100,100.0
2026-03-09 17:35:06.100Z,1.0349,1.0447,100,100,94.2
2026-03-09 17:35:07.607Z,1.0361,1.0445,100,100,80.7
2026-03-09 17:35:08.839Z,1.0354,1.0446,100,100,88.5
2026-03-09 17:35:09.601Z,1.0354,1.0442,100,100,84.6
2026-03-09 17:35:10.517Z,1.0343,1.0457,100,100,109.6
2026-03-09 17:35:11.497Z,1.0342,1.0454,100,100,107.7
2026-03-09 17:35:12.205Z,1.0357,1.0439,100,100,78.9
2026-03-09 17:35:13.312Z,1.0343,1.0459,100,100,111.5
2026-03-09 17:35:14.481Z,1.0355,1.0445,100,100,86.5
2026-03-09 17:35:15.531Z,1.0358,1.0442,100,100,80.8
2026-03-09 17:35:16.027Z,1.0344,1.0458,100,100,109.6
2026-03-09 17:35:17.253Z,1.0357,1.0443,100,100,82.7
2026-03-09 17:35:18.792Z,1.0356,1.0440,100,100,80.8
2026-03-09 17:35:19.805Z,1.0348,1.0454,100,100,101.9
2026-03-09 17:35:20.709Z,1.0354,1.0446,100,100,88.5
2026-03-09 17:35:21.295Z,1.0344,1.0460,100,100,111.5
2026-03-09 17:35:22.411Z,1.0345,1.0455,100,100,105.8
2026-03-09 17:35:23.372Z,1.0342,1.0454,100,100,107.7
2026-03-09 17:35:24.186Z,1.0344,1.0460,100,100,111.5
2026-03-09 17:35:25.418Z,1.0343,1.0461,100,100,113.4
2026-03-09 17:35:26.883Z,1.0345,1.0451,100,100,101.9
2026-03-09 17:35:27.660Z,1.0360,1.0446,100,100,82.7
2026-03-09 17:35:28.390Z,1.0339,1.0457,100,100,113.5
2026-03-09 17:35:29.122Z,1.0355,1.0445,100,100,86.5
2026-03-09 17:35:30.103Z,1.0351,1.0453,100,100,98.1
2026-03-09 17:35:31.862Z,1.0346,1.0452,100,100,101.9
2026-03-09 17:35:32.352Z,1.0353,1.0445,100,100,88.5
2026-03-09 17:35:33.753Z,1.0353,1.0449,100,100,92.3
2026-03-09 17:35:34.263Z,1.0351,1.0447,100,100,92.3
2026-03-09 17:35:35.298Z,1.0354,1.0450,100,100,92.3
2026-03-09 17:35:36.228Z,1.0341,1.0461,100,100,115.4
2026-03-09 17:35:37.411Z,1.0352,1.0448,100,100,92.3
2026-03-09 17:35:38.107Z,1.0348,1.0454,100,100,101.9
2026-03-09 17:35:39.106Z,1.0348,1.0454,100,100,101.9
2026-03-09 17:35:40.679Z,1.0357,1.0441,100,100,80.8
2026-03-09 17:35:41.681Z,1.0353,1.0449,100,100,92.3
2026-03-09 17:35:42.523Z,1.0345,1.0455,100,100,105.8
2026-03-09 17:35:43.355Z,1.0352,1.0446,100,100,90.4
2026-03-09 17:35:44.416Z,1.0360,1.0444,100,100,80.8
2026-03-09 17:35:45.589Z,1.0351,1.0453,100,100,98.1
2026-03-09 17:35:46.595Z,1.0353,1.0445,100,100,88.5
2026-03-09 17:35:47.167Z,1.0350,1.0448,100,100,94.2
2026-03-09 17:35:48.074Z,1.0342,1.0454,100,100,107.7
2026-03-09 17:35:49.344Z,1.0342,1.0462,100,100,115.4
2026-03-09 17:35:50.698Z,1.0339,1.0459,100,100,115.4
2026-03-09 17:35:51.633Z,1.0351,1.0449,100,100,94.2
2026-03-09 17:35:52.180Z,1.0360,1.0440,100,100,76.9
2026-03-09 17:35:53.267Z,1.0357,1.0449,100,100,88.4
2026-03-09 17:35:54.859Z,1.0342,1.0456,100,100,109.6
2026-03-09 17:35:55.605Z,1.0349,1.0451,100,100,98.1
2026-03-09 17:35:56.658Z,1.0353,1.0445,100,100,88.5
2026-03-09 17:35:57.632Z,1.0352,1.0450,100,100,94.2
2026-03-09 17:35:58.681Z,1.0356,1.0446,100,100,86.5
2026-03-09 17:35:59.072Z,1.0346,1.0454,100,100,103.8
2026-03-09 17:38:00.037Z,1.0347,1.0453,100,100,101.9
2026-03-09 17:38:01.653Z,1.0354,1.0442,100,100,84.6
2026-03-09 17:38:02.828Z,1.0359,1.0445,100,100,82.7
2026-03-09 17:38:03.833Z,1.0339,1.0455,100,100,111.6
2026-03-09 17:38:04.108Z,1.0347,1.0453,100,100,101.9
2026-03-09 17:38:05.486Z,1.0353,1.0451,100,100,94.2
2026-03-09 17:38:06.245Z,1.0355,1.0445,100,100,86.5
2026-03-09 17:38:07.567Z,1.0356,1.0444,100,100,84.6
2026-03-09 17:38:08.112Z,1.0339,1.0457,100,100,113.5
2026-03-09 17:38:09.171Z,1.0349,1.0451,100,100,98.1
2026-03-09 17:38:10.856Z,1.0345,1.0453,100,100,103.9
2026-03-09 17:38:11.408Z,1.0352,1.0450,100,100,94.2
2026-03-09 17:38:12.272Z,1.0349,1.0455,100,100,101.9
2026-03-09 17:38:13.606Z,1.0360,1.0444,100,100,80.8
2026-03-09 17:38:14.645Z,1.0359,1.0441,100,100,78.8
2026-03-09 17:38:15.161Z,1.0341,1.0457,100,100,111.5
2026-03-09 17:38:16.026Z,1.0351,1.0447,100,100,92.3
2026-03-09 17:38:17.534Z,1.0354,1.0446,100,100,88.5
2026-03-09 17:38:18.173Z,1.0344,1.0460,100,100,111.5
2026-03-09 17:38:19.428Z,1.0348,1.0448,100,100,96.2
2026-03-09 17:38:20.058Z,1.0342,1.0458,100,100,111.5
2026-03-09 17:38:21.815Z,1.0357,1.0445,100,100,84.6
2026-03-09 17:38:22.523Z,1.0348,1.0456,100,100,103.8
2026-03-09 17:38:23.817Z,1.0348,1.0454,100,100,101.9
2026-03-09 17:38:24.330Z,1.0357,1.0443,100,100,82.7
2026-03-09 17:38:25.766Z,1.0351,1.0453,100,100,98.1
2026-03-09 17:38:26.660Z,1.0343,1.0459,100,100,111.5
2026-03-09 17:38:27.125Z,1.0356,1.0448,100,100,88.4
2026-03-09 17:38:28.364Z,1.0359,1.0445,100,100,82.7
2026-03-09 17:38:29.454Z,1.0356,1.0446,100,100,86.5
2026-03-09 17:38:30.734Z,1.0350,1.0452,100,100,98.1
2026-03-09 17:38:31.811Z,1.0346,1.0456,100,100,105.8
2026-03-09 17:38:32.322Z,1.0349,1.0451,100,100,98.1
2026-03-09 17:38:33.606Z,1.0342,1.0456,100,100,109.6
2026-03-09 17:38:34.551Z,1.0358,1.0440,100,100,78.9
2026-03-09 17:38:35.184Z,1.0353,1.0445,100,100,88.5
2026-03-09 17:38:36.548Z,1.0361,1.0443,100,100,78.8
2026-03-09 17:38:37.142Z,1.0354,1.0444,100,100,86.5
2026-03-09 17:38:38.334Z,1.0355,1.0443,100,100,84.6
2026-03-09 17:38:39.785Z,1.0359,1.0441,100,100,78.8
2026-03-09 17:38:40.610Z,1.0359,1.0441,100,100,78.8
2026-03-09 17:38:41.683Z,1.0350,1.0450,100,100,96.2
2026-03-09 17:38:42.537Z,1.0353,1.0447,100,100,90.4
2026-03-09 17:38:43.314Z,1.0354,1.0444,100,100,86.5
2026-03-09 17:38:44.405Z,1.0344,1.0460,100,100,111.5
2026-03-09 17:38:45.382Z,1.0342,1.0458,100,100,111.5
2026-03-09 17:38:46.147Z,1.0359,1.0443,100,100,80.8
2026-03-09 17:38:47.483Z,1.0355,1.0443,100,100,84.6
2026-03-09 17:38:48.583Z,1.0355,1.0445,100,100,86.5
2026-03-09 17:38:49.010Z,1.0344,1.0454,100,100,105.8
2026-03-09 17:38:50.576Z,1.0357,1.0441,100,100,80.8
2026-03-09 17:38:51.733Z,1.0352,1.0452,100,100,96.1
2026-03-09 17:38:52.807Z,1.0353,1.0445,100,100,88.5
2026-03-09 17:38:53.439Z,1.0349,1.0455,100,100,101.9
2026-03-09 17:38:54.170Z,1.0343,1.0461,100,100,113.4
2026-03-09 17:38:55.182Z,1.0355,1.0445,100,100,86.5
2026-03-09 17:38:56.641Z,1.0345,1.0451,100,100,101.9
2026-03-09 17:38:57.077Z,1.0339,1.0457,100,100,113.5
2026-03-09 17:38:58.070Z,1.0347,1.0453,100,100,101.9
2026-03-09 17:38:59.329Z,1.0345,1.0455,100,100,105.8
2026-03-09 17:49:00.164Z,1.0346,1.0454,100,100,103.8
2026-03-09 17:49:01.896Z,1.0346,1.0456,100,100,105.8
2026-03-09 17:49:02.040Z,1.0344,1.0458,100,100,109.6
2026-03-09 17:49:03.559Z,1.0349,1.0453,100,100,100.0
2026-03-09 17:49:04.022Z,1.0350,1.0446,100,100,92.3
2026-03-09 17:49:05.573Z,1.0349,1.0457,100,100,103.8
2026-03-09 17:49:06.134Z,1.0340,1.0460,100,100,115.4
2026-03-09 17:49:07.825Z,1.0338,1.0458,100,100,115.4
2026-03-09 17:49:08.545Z,1.0358,1.0444,100,100,82.7
2026-03-09 17:49:09.218Z,1.0356,1.0446,100,100,86.5
2026-03-09 17:49:10.602Z,1.0342,1.0462,100,100,115.4
2026-03-09 17:49:11.743Z,1.0349,1.0447,100,100,94.2
2026-03-09 17:49:12.316Z,1.0343,1.0453,100,100,105.8
2026-03-09 17:49:13.072Z,1.0345,1.0453,160,100,103.9
2026-03-09 17:49:14.604Z,1.0343,1.0457,100,100,109.6
2026-03-09 17:49:15.800Z,1.0350,1.0454,100,100,100.0
2026-03-09 17:49:16.346Z,1.0352,1.0448,100,107,92.3
2026-03-09 17:49:17.169Z,1.0355,1.0445,100,100,86.5
2026-03-09 17:49:18.475Z,1.0352,1.0448,100,100,92.3
2026-03-09 17:49:19.755Z,1.0346,1.0456,100,100,105.8
2026-03-09 17:49:20.489Z,1.0356,1.0448,100,100,88.4
2026-03-09 17:49:21.757Z,1.0348,1.0448,100,100,96.2
2026-03-09 17:49:22.216Z,1.0358,1.0444,100,100,82.7
2026-03-09 17:49:23.875Z,1.0355,1.0445,100,100,86.5
2026-03-09 17:49:24.753Z,1.0361,1.0441,100,100,76.9
2026-03-09 17:49:25.225Z,1.0347,1.0457,100,100,105.7
2026-03-09 17:49:26.142Z,1.0351,1.0445,100,100,90.4
2026-03-09 17:49:27.079Z,1.0355,1.0449,100,100,90.4
2026-03-09 17:49:28.684Z,1.0343,1.0457,100,100,109.6
2026-03-09 17:49:29.360Z,1.0346,1.0450,100,100,100.0
2026-03-09 17:49:30.533Z,1.0342,1.0458,100,100,111.5
2026-03-09 17:49:31.477Z,1.0340,1.0458,100,100,113.5
2026-03-09 17:49:32.113Z,1.0352,1.0448,100,100,92.3
2026-03-09 17:49:33.853Z,1.0348,1.0452,100,100,100.0
2026-03-09 17:49:34.610Z,1.0357,1.0443,100,100,82.7
2026-03-09 17:49:35.009Z,1.0355,1.0441,100,100,82.7
2026-03-09 17:49:36.590Z,1.0361,1.0443,100,100,78.8
2026-03-09 17:49:37.261Z,1.0354,1.0444,100,122,86.5
2026-03-09 17:49:38.133Z,1.0349,1.0447,100,100,94.2
2026-03-09 17:49:39.333Z,1.0341,1.0463,185,100,117.3
2026-03-09 17:49:40.714Z,1.0353,1.0447,100,100,90.4
2026-03-09 17:49:41.389Z,1.0345,1.0457,100,100,107.7
2026-03-09 17:49:42.369Z,1.0352,1.0446,100,100,90.4
2026-03-09 17:49:43.110Z,1.0347,1.0451,100,100,100.0
2026-03-09 17:49:44.645Z,1.0346,1.0456,100,100,105.8
2026-03-09 17:49:45.202Z,1.0357,1.0439,100,100,78.9
2026-03-09 17:49:46.030Z,1.0358,1.0446,100,100,84.6
2026-03-09 17:49:47.278Z,1.0341,1.0461,100,100,115.4
2026-03-09 17:49:48.446Z,1.0342,1.0462,100,100,115.4
2026-03-09 17:49:49.721Z,1.0359,1.0445,100,100,82.7
2026-03-09 17:49:50.689Z,1.0341,1.0459,100,100,113.5
2026-03-09 17:49:51.081Z,1.0354,1.0450,100,100,92.3
2026-03-09 17:49:52.381Z,1.0361,1.0441,100,100,76.9
2026-03-09 17:49:53.218Z,1.0344,1.0458,100,100,109.6
2026-03-09 17:49:54.132Z,1.0340,1.0458,100,100,113.5
2026-03-09 17:49:55.646Z,1.0360,1.0444,100,100,80.8
2026-03-09 17:49:56.064Z,1.0348,1.0456,100,100,103.8
2026-03-09 17:49:57.099Z,1.0339,1.0457,100,100,113.5
2026-03-09 17:49:58.825Z,1.0352,1.0452,100,100,96.1
2026-03-09 17:49:59.440Z,1.0353,1.0447,100,100,90.4
2026-03-09 18:30:00.526Z,1.0352,1.0448,100,100,92.3
2026-03-09 18:30:01.750Z,1.0345,1.0459,100,100,109.6
2026-03-09 18:30:02.707Z,1.0349,1.0445,100,100,92.3
2026-03-09 18:30:03.688Z,1.0341,1.0463,100,100,117.3
2026-03-09 18:30:04.412Z,1.0346,1.0454,100,100,103.8
2026-03-09 18:30:05.015Z,1.0344,1.0456,100,100,107.7
2026-03-09 18:30:06.753Z,1.0342,1.0462,100,100,115.4
2026-03-09 18:30:07.609Z,1.0341,1.0457,100,100,111.5
2026-03-09 18:30:08.786Z,1.0340,1.0456,100,100,111.6
2026-03-09 18:30:09.034Z,1.0357,1.0443,100,100,82.7
2026-03-09 18:30:10.179Z,1.0345,1.0459,100,100,109.6
2026-03-09 18:30:11.814Z,1.0360,1.0444,100,100,80.8
2026-03-09 18:30:12.030Z,1.0344,1.0460,100,100,111.5
2026-03-09 18:30:13.712Z,1.0350,1.0452,100,100,98.1
2026-03-09 18:30:14.822Z,1.0350,1.0452,100,100,98.1
2026-03-09 18:30:15.497Z,1.0345,1.0453,100,100,103.9
2026-03-09 18:30:16.800Z,1.0348,1.0448,100,100,96.2
2026-03-09 18:30:17.015Z,1.0344,1.0452,100,100,103.9
2026-03-09 18:30:18.532Z,1.0339,1.0459,100,100,115.4
2026-03-09 18:30:19.892Z,1.0345,1.0449,100,100,100.0
2026-03-09 18:30:20.434Z,1.0350,1.0452,100,100,98.1
2026-03-09 18:30:21.577Z,1.0352,1.0446,100,100,90.4
2026-03-09 18:30:22.220Z,1.0352,1.0450,100,100,94.2
2026-03-09 18:30:23.470Z,1.0355,1.0447,100,100,88.5
2026-03-09 18:30:24.064Z,1.0354,1.0444,100,100,86.5
2026-03-09 18:30:25.848Z,1.0349,1.0451,100,100,98.1
2026-03-09 18:30:26.874Z,1.0348,1.0452,100,100,100.0
2026-03-09 18:30:27.355Z,1.0345,1.0455,100,100,105.8
2026-03-09 18:30:28.601Z,1.0350,1.0448,100,100,94.2
2026-03-09 18:30:29.136Z,1.0356,1.0446,100,100,86.5
2026-03-09 18:30:30.613Z,1.0353,1.0443,100,100,86.6
2026-03-09 18:30:31.246Z,1.0340,1.0456,100,100,111.6
2026-03-09 18:30:32.104Z,1.0352,1.0446,100,100,90.4
2026-03-09 18:30:33.600Z,1.0341,1.0459,100,100,113.5
2026-03-09 18:30:34.711Z,1.0357,1.0447,100,100,86.5
2026-03-09 18:30:35.582Z,1.0349,1.0451,100,100,98.1
2026-03-09 18:30:36.621Z,1.0342,1.0456,100,100,109.6
2026-03-09 18:30:37.683Z,1.0354,1.0444,100,100,86.5
2026-03-09 18:30:38.453Z,1.0342,1.0458,100,100,111.5
2026-03-09 18:30:39.307Z,1.0343,1.0457,100,100,109.6
2026-03-09 18:30:40.184Z,1.0344,1.0452,100,100,103.9
2026-03-09 18:30:41.421Z,1.0342,1.0458,100,100,111.5
2026-03-09 18:30:42.677Z,1.0347,1.0449,100,100,98.1
2026-03-09 18:30:43.238Z,1.0348,1.0452,100,100,100.0
2026-03-09 18:30:44.372Z,1.0358,1.0444,100,100,82.7
2026-03-09 18:30:45.804Z,1.0355,1.0447,100,100,88.5
2026-03-09 18:30:46.719Z,1.0343,1.0453,100,100,105.8
2026-03-09 18:30:47.000Z,1.0340,1.0462,100,100,117.3
2026-03-09 18:30:48.821Z,1.0359,1.0445,100,100,82.7
2026-03-09 18:30:49.868Z,1.0343,1.0453,100,100,105.8
2026-03-09 18:30:50.685Z,1.0353,1.0445,100,100,88.5
2026-03-09 18:30:51.072Z,1.0353,1.0449,100,100,92.3
2026-03-09 18:30:52.147Z,1.0348,1.0448,100,100,96.2
2026-03-09 18:30:53.028Z,1.0348,1.0456,100,100,103.8
2026-03-09 18:30:54.240Z,1.0355,1.0449,100,100,90.4
2026-03-09 18:30:55.237Z,1.0356,1.0444,100,100,84.6
2026-03-09 18:30:56.191Z,1.0350,1.0448,100,100,94.2
2026-03-09 18:30:57.478Z,1.0344,1.0454,100,100,105.8
2026-03-09 18:30:58.580Z,1.0346,1.0454,100,100,103.8
2026-03-09 18:30:59.392Z,1.0343,1.0457,100,100,109.6
2026-03-09 18:45:00.219Z,1.0456,1.0544,100,100,83.8
2026-03-09 18:45:01.432Z,1.0453,1.0545,100,100,87.6
2026-03-09 18:45:02.540Z,1.0447,1.0557,100,100,104.7
2026-03-09 18:45:03.197Z,1.0454,1.0546,100,100,87.6
2026-03-09 18:45:04.065Z,1.0448,1.0554,100,100,100.9
2026-03-09 18:45:05.871Z,1.0458,1.0546,100,100,83.8
2026-03-09 18:45:06.182Z,1.0441,1.0557,100,100,110.5
2026-03-09 18:45:07.009Z,1.0443,1.0563,100,100,114.3
2026-03-09 18:45:08.171Z,1.0446,1.0558,100,100,106.6
2026-03-09 18:45:09.399Z,1.0455,1.0549,100,100,89.5
2026-03-09 18:45:10.725Z,1.0445,1.0553,100,100,102.9
2026-03-09 18:45:11.557Z,1.0445,1.0559,100,100,108.6
2026-03-09 18:45:12.269Z,1.0459,1.0545,100,100,81.9
2026-03-09 18:45:13.665Z,1.0447,1.0555,100,100,102.8
2026-03-09 18:45:14.232Z,1.0454,1.0548,100,100,89.5
2026-03-09 18:45:15.279Z,1.0453,1.0549,100,100,91.4
2026-03-09 18:45:16.566Z,1.0457,1.0545,100,100,83.8
2026-03-09 18:45:17.466Z,1.0452,1.0552,100,100,95.2
2026-03-09 18:45:18.175Z,1.0447,1.0551,100,100,99.1
2026-03-09 18:45:19.043Z,1.0440,1.0556,100,100,110.5
2026-03-09 18:45:20.660Z,1.0459,1.0541,100,100,78.1
2026-03-09 18:45:21.419Z,1.0453,1.0545,100,100,87.6
2026-03-09 18:45:22.211Z,1.0447,1.0555,100,100,102.8
2026-03-09 18:45:23.086Z,1.0460,1.0540,100,100,76.2
2026-03-09 18:45:24.220Z,1.0457,1.0541,100,100,80.0
2026-03-09 18:45:25.624Z,1.0457,1.0543,100,100,81.9
2026-03-09 18:45:26.392Z,1.0442,1.0560,100,100,112.4
2026-03-09 18:45:27.551Z,1.0443,1.0559,100,100,110.5
2026-03-09 18:45:28.199Z,1.0454,1.0546,100,100,87.6
2026-03-09 18:45:29.450Z,1.0452,1.0548,100,100,91.4
2026-03-09 18:45:30.031Z,1.0461,1.0543,100,100,78.1
2026-03-09 18:45:31.578Z,1.0456,1.0544,100,100,83.8
2026-03-09 18:45:32.304Z,1.0451,1.0553,100,100,97.1
2026-03-09 18:45:33.279Z,1.0443,1.0559,100,100,110.5
2026-03-09 18:45:34.162Z,1.0442,1.0560,100,100,112.4
2026-03-09 18:45:35.861Z,1.0442,1.0556,100,100,108.6
2026-03-09 18:45:36.245Z,1.0460,1.0542,100,100,78.1
2026-03-09 18:45:37.364Z,1.0453,1.0545,100,100,87.6
2026-03-09 18:45:38.389Z,1.0454,1.0550,100,100,91.4
2026-03-09 18:45:39.617Z,1.0447,1.0557,100,100,104.7
2026-03-09 18:45:40.547Z,1.0443,1.0555,100,100,106.7
2026-03-09 18:45:41.086Z,1.0444,1.0558,100,100,108.6
2026-03-09 18:45:42.747Z,1.0450,1.0554,100,100,99.0
2026-03-09 18:45:43.296Z,1.0456,1.0546,100,100,85.7
2026-03-09 18:45:44.023Z,1.0440,1.0560,100,100,114.3
2026-03-09 18:45:45.739Z,1.0454,1.0542,100,100,83.8
2026-03-09 18:45:46.191Z,1.0440,1.0556,100,100,110.5
2026-03-09 18:45:47.461Z,1.0459,1.0543,100,100,80.0
2026-03-09 18:45:48.513Z,1.0442,1.0560,100,100,112.4
2026-03-09 18:45:49.748Z,1.0441,1.0555,100,100,108.6
2026-03-09 18:45:50.422Z,1.0452,1.0552,100,100,95.2
2026-03-09 18:45:51.552Z,1.0459,1.0541,100,100,78.1
2026-03-09 18:45:52.844Z,1.0446,1.0550,100,100,99.1
2026-03-09 18:45:53.856Z,1.0449,1.0549,100,100,95.2
2026-03-09 18:45:54.213Z,1.0446,1.0558,100,100,106.6
2026-03-09 18:45:55.046Z,1.0443,1.0557,100,100,108.6
2026-03-09 18:45:56.006Z,1.0453,1.0549,100,100,91.4
2026-03-09 18:45:57.675Z,1.0452,1.0546,100,100,89.5
2026-03-09 18:45:58.420Z,1.0455,1.0541,100,100,81.9
2026-03-09 18:45:59.889Z,1.0443,1.0557,100,100,108.6
2026-03-09 18:59:00.127Z,1.0451,1.0549,100,100,93.3
2026-03-09 18:59:01.663Z,1.0458,1.0544,100,100,81.9
2026-03-09 18:59:02.084Z,1.0444,1.0556,100,100,106.7
2026-03-09 18:59:03.325Z,1.0454,1.0548,100,100,89.5
2026-03-09 18:59:04.528Z,1.0445,1.0553,100,100,102.9
2026-03-09 18:59:05.490Z,1.0452,1.0542,100,100,85.7
2026-03-09 18:59:06.576Z,1.0443,1.0555,100,100,106.7
2026-03-09 18:59:07.332Z,1.0444,1.0554,100,100,104.8
2026-03-09 18:59:08.720Z,1.0458,1.0546,100,100,83.8
2026-03-09 18:59:09.129Z,1.0458,1.0544,100,100,81.9
2026-03-09 18:59:10.804Z,1.0450,1.0550,100,100,95.2
2026-03-09 18:59:11.418Z,1.0446,1.0554,100,100,102.9
2026-03-09 18:59:12.472Z,1.0452,1.0546,100,100,89.5
2026-03-09 18:59:13.267Z,1.0451,1.0549,100,100,93.3
2026-03-09 18:59:14.544Z,1.0442,1.0562,100,100,114.3
2026-03-09 18:59:15.375Z,1.0450,1.0552,100,100,97.1
2026-03-09 18:59:16.374Z,1.0453,1.0543,100,100,85.7
2026-03-09 18:59:17.133Z,1.0441,1.0561,100,100,114.3
2026-03-09 18:59:18.616Z,1.0456,1.0546,100,100,85.7
2026-03-09 18:59:19.417Z,1.0446,1.0554,100,100,102.9
2026-03-09 18:59:20.632Z,1.0447,1.0555,100,100,102.8
2026-03-09 18:59:21.840Z,1.0439,1.0559,100,100,114.3
2026-03-09 18:59:22.821Z,1.0441,1.0559,100,100,112.4
2026-03-09 18:59:23.284Z,1.0449,1.0547,100,100,93.4
2026-03-09 18:59:24.305Z,1.0440,1.0556,100,100,110.5
2026-03-09 18:59:25.320Z,1.0458,1.0544,100,100,81.9
2026-03-09 18:59:26.667Z,1.0458,1.0544,100,100,81.9
2026-03-09 18:59:27.642Z,1.0460,1.0544,100,100,80.0
2026-03-09 18:59:28.142Z,1.0438,1.0558,100,100,114.3
2026-03-09 18:59:29.662Z,1.0455,1.0549,100,100,89.5
2026-03-09 18:59:30.034Z,1.0439,1.0559,100,100,114.3
2026-03-09 18:59:31.728Z,1.0452,1.0544,100,100,87.6
2026-03-09 18:59:32.751Z,1.0460,1.0544,100,100,80.0
2026-03-09 18:59:33.665Z,1.0445,1.0551,100,100,101.0
2026-03-09 18:59:34.216Z,1.0442,1.0554,100,100,106.7
2026-03-09 18:59:35.354Z,1.0441,1.0555,100,100,108.6
2026-03-09 18:59:36.057Z,1.0443,1.0559,100,100,110.5
2026-03-09 18:59:37.713Z,1.0443,1.0555,100,100,106.7
2026-03-09 18:59:38.387Z,1.0458,1.0542,100,100,80.0
2026-03-09 18:59:39.076Z,1.0439,1.0559,100,100,114.3
2026-03-09 18:59:40.114Z,1.0441,1.0563,100,100,116.2
2026-03-09 18:59:41.191Z,1.0448,1.0556,100,100,102.8
2026-03-09 18:59:42.844Z,1.0450,1.0548,100,100,93.3
2026-03-09 18:59:43.884Z,1.0440,1.0562,100,100,116.2
2026-03-09 18:59:44.881Z,1.0457,1.0545,100,100,83.8
2026-03-09 18:59:45.142Z,1.0446,1.0552,100,100,101.0
2026-03-09 18:59:46.364Z,1.0448,1.0550,100,100,97.2
2026-03-09 18:59:47.058Z,1.0458,1.0540,100,100,78.1
2026-03-09 18:59:48.082Z,1.0448,1.0548,100,100,95.3
2026-03-09 18:59:49.021Z,1.0450,1.0546,100,100,91.4
2026-03-09 18:59:50.077Z,1.0448,1.0556,100,100,102.8
2026-03-09 18:59:51.841Z,1.0443,1.0557,100,100,108.6
2026-03-09 18:59:52.530Z,1.0462,1.0542,100,100,76.2
2026-03-09 18:59:53.350Z,1.0455,1.0549,100,100,89.5
2026-03-09 18:59:54.845Z,1.0442,1.0554,100,100,106.7
2026-03-09 18:59:55.463Z,1.0450,1.0546,100,100,91.4
2026-03-09 18:59:56.675Z,1.0445,1.0551,100,100,101.0
2026-03-09 18:59:57.691Z,1.0457,1.0543,100,100,81.9
2026-03-09 18:59:58.215Z,1.0455,1.0547,100,100,87.6
2026-03-09 18:59:59.081Z,1.0454,1.0546,100,100,87.6
2026-03-09 19:05:00.643Z,1.0452,1.0548,100,100,91.4
2026-03-09 19:05:01.519Z,1.0456,1.0548,100,100,87.6
2026-03-09 19:05:02.487Z,1.0446,1.0550,100,100,99.1
2026-03-09 19:05:03.096Z,1.0452,1.0546,100,100,89.5
2026-03-09 19:05:04.347Z,1.0456,1.0546,100,100,85.7
2026-03-09 19:05:05.422Z,1.0446,1.0550,100,100,99.1
2026-03-09 19:05:06.214Z,1.0439,1.0557,100,100,112.4
2026-03-09 19:05:07.217Z,1.0458,1.0542,100,100,80.0
2026-03-09 19:05:08.442Z,1.0449,1.0551,100,100,97.1
2026-03-09 19:05:09.615Z,1.0452,1.0550,100,100,93.3
2026-03-09 19:05:10.084Z,1.0452,1.0544,100,100,87.6
2026-03-09 19:05:11.433Z,1.0449,1.0553,100,100,99.0
2026-03-09 19:05:12.031Z,1.0449,1.0549,100,100,95.2
2026-03-09 19:05:13.552Z,1.0452,1.0552,100,100,95.2
2026-03-09 19:05:14.024Z,1.0455,1.0551,100,100,91.4
2026-03-09 19:05:15.759Z,1.0445,1.0551,100,100,101.0
2026-03-09 19:05:16.045Z,1.0452,1.0546,100,100,89.5
2026-03-09 19:05:17.866Z,1.0449,1.0557,100,100,102.8
2026-03-09 19:05:18.611Z,1.0441,1.0557,100,100,110.5
2026-03-09 19:05:19.028Z,1.0449,1.0545,100,100,91.5
2026-03-09 19:05:20.206Z,1.0443,1.0547,100,100,99.1
2026-03-09 19:05:21.626Z,1.0446,1.0536,100,100,85.8
2026-03-09 19:05:22.816Z,1.0446,1.0532,100,100,82.0
2026-03-09 19:05:23.638Z,1.0437,1.0531,100,100,89.7
2026-03-09 19:05:24.850Z,1.0433,1.0525,100,100,87.8
2026-03-09 19:05:25.171Z,1.0419,1.0525,100,100,101.2
2026-03-09 19:05:26.437Z,1.0402,1.0526,100,100,118.5
2026-03-09 19:05:27.423Z,1.0399,1.0519,100,100,114.7
2026-03-09 19:05:28.684Z,1.0387,1.0511,100,100,118.7
2026-03-09 19:05:29.486Z,1.0396,1.0494,100,100,93.8
2026-03-09 19:05:30.657Z,1.0387,1.0489,100,100,97.7
2026-03-09 19:05:31.884Z,1.0380,1.0478,100,100,94.0
2026-03-09 19:05:32.126Z,1.0366,1.0484,100,100,113.2
2026-03-09 19:05:33.837Z,1.0372,1.0464,100,100,88.3
2026-03-09 19:05:34.693Z,1.0364,1.0462,100,100,94.1
2026-03-09 19:05:35.891Z,1.0354,1.0456,100,100,98.0
2026-03-09 19:05:36.722Z,1.0353,1.0459,100,100,101.9
2026-03-09 19:05:37.003Z,1.0349,1.0457,100,100,103.8
2026-03-09 19:05:38.101Z,1.0338,1.0458,100,101,115.4
2026-03-09 19:05:39.782Z,1.0351,1.0445,100,100,90.4
2026-03-09 19:05:40.269Z,1.0340,1.0460,100,100,115.4
2026-03-09 19:05:41.325Z,1.0350,1.0458,100,100,103.8
2026-03-09 19:05:42.480Z,1.0364,1.0450,100,100,82.6
2026-03-09 19:05:43.458Z,1.0352,1.0468,100,100,111.4
