TimestampUtc,Price,Size,Exchange
2026-02-24 14:30:00.180Z,211.5698,35534,SYNTH
2026-02-24 14:30:01.245Z,211.5715,23352,SYNTH
2026-02-24 14:30:02.732Z,211.6233,28848,SYNTH
2026-02-24 14:30:03.870Z,211.8015,16344,SYNTH
2026-02-24 14:30:04.752Z,211.9467,36925,SYNTH
2026-02-24 14:30:05.871Z,212.1012,26025,SYNTH
2026-02-24 14:30:06.534Z,212.3121,36002,SYNTH
2026-02-24 14:30:07.738Z,212.4218,26744,SYNTH
2026-02-24 14:30:08.240Z,212.5852,19953,SYNTH
2026-02-24 14:30:09.687Z,212.8023,16624,SYNTH
2026-02-24 14:30:10.683Z,212.8738,19888,SYNTH
2026-02-24 14:30:11.851Z,212.9710,80581,SYNTH
2026-02-24 14:30:12.088Z,213.0033,47649,SYNTH
2026-02-24 14:30:13.044Z,212.8776,57718,SYNTH
2026-02-24 14:30:14.101Z,212.8973,22823,SYNTH
2026-02-24 14:30:15.038Z,212.7543,22275,SYNTH
2026-02-24 14:30:16.874Z,212.6219,40388,SYNTH
2026-02-24 14:30:17.880Z,212.6000,35602,SYNTH
2026-02-24 14:30:18.671Z,212.6422,29758,SYNTH
2026-02-24 14:30:19.001Z,212.5072,28930,SYNTH
2026-02-24 14:30:20.414Z,212.5338,24870,SYNTH
2026-02-24 14:30:21.126Z,212.4032,13072,SYNTH
2026-02-24 14:30:22.567Z,212.2105,21544,SYNTH
2026-02-24 14:30:23.598Z,212.0681,19612,SYNTH
2026-02-24 14:30:24.454Z,211.7932,23714,SYNTH
2026-02-24 14:30:25.698Z,211.5470,13848,SYNTH
2026-02-24 14:30:26.575Z,211.3636,15387,SYNTH
2026-02-24 14:30:27.590Z,211.0854,22096,SYNTH
2026-02-24 14:30:28.657Z,210.8391,19777,SYNTH
2026-02-24 14:30:29.593Z,210.5398,14784,SYNTH
2026-02-24 14:30:30.700Z,210.3620,13011,SYNTH
2026-02-24 14:30:31.361Z,210.1208,11494,SYNTH
2026-02-24 14:30:32.819Z,209.8756,24275,SYNTH
2026-02-24 14:30:33.880Z,209.6059,22609,SYNTH
2026-02-24 14:30:34.697Z,209.4892,17909,SYNTH
2026-02-24 14:30:35.821Z,209.3346,14305,SYNTH
2026-02-24 14:30:36.680Z,209.1393,23021,SYNTH
2026-02-24 14:30:37.047Z,209.0505,37806,SYNTH
2026-02-24 14:30:38.378Z,208.9984,38688,SYNTH
2026-02-24 14:30:39.206Z,209.0336,34033,SYNTH
2026-02-24 14:30:40.112Z,209.1088,31537,SYNTH
2026-02-24 14:30:41.152Z,209.1336,26115,SYNTH
2026-02-24 14:30:42.852Z,209.1962,16192,SYNTH
2026-02-24 14:30:43.560Z,209.2354,23065,SYNTH
2026-02-24 14:30:44.709Z,209.3511,25907,SYNTH
2026-02-24 14:30:45.206Z,209.3061,28959,SYNTH
2026-02-24 14:30:46.366Z,209.3823,28905,SYNTH
2026-02-24 14:30:47.086Z,209.3796,20478,SYNTH
2026-02-24 14:30:48.188Z,209.4085,23615,SYNTH
2026-02-24 14:30:49.485Z,209.3079,15253,SYNTH
2026-02-24 14:30:50.814Z,209.3541,15642,SYNTH
2026-02-24 14:30:51.440Z,209.3831,17817,SYNTH
2026-02-24 14:30:52.343Z,209.3405,32955,SYNTH
2026-02-24 14:30:53.552Z,209.2896,14831,SYNTH
2026-02-24 14:30:54.696Z,209.3613,27612,SYNTH
2026-02-24 14:30:55.720Z,209.3267,29281,SYNTH
2026-02-24 14:30:56.184Z,209.3253,30245,SYNTH
2026-02-24 14:30:57.775Z,209.2590,39638,SYNTH
2026-02-24 14:30:58.513Z,209.2969,21734,SYNTH
2026-02-24 14:30:59.678Z,209.3196,35676,SYNTH
2026-02-24 14:31:00.028Z,209.3140,11327,SYNTH
2026-02-24 14:31:01.855Z,209.3094,12172,SYNTH
2026-02-24 14:31:02.223Z,209.3375,10504,SYNTH
2026-02-24 14:31:03.753Z,209.3482,14765,SYNTH
2026-02-24 14:31:04.281Z,209.3940,10299,SYNTH
2026-02-24 14:31:05.514Z,209.3518,19669,SYNTH
2026-02-24 14:31:06.814Z,209.4156,20810,SYNTH
2026-02-24 14:31:07.182Z,209.4855,12445,SYNTH
2026-02-24 14:31:08.776Z,209.4283,20259,SYNTH
2026-02-24 14:31:09.518Z,209.5379,20989,SYNTH
2026-02-24 14:31:10.619Z,209.4727,20042,SYNTH
2026-02-24 14:31:11.829Z,209.5669,36826,SYNTH
2026-02-24 14:31:12.051Z,209.5275,33341,SYNTH
2026-02-24 14:31:13.353Z,209.5446,22568,SYNTH
2026-02-24 14:31:14.773Z,209.4956,10514,SYNTH
2026-02-24 14:31:15.016Z,209.4525,10371,SYNTH
2026-02-24 14:31:16.599Z,209.5253,21140,SYNTH
2026-02-24 14:31:17.257Z,209.4668,23599,SYNTH
2026-02-24 14:31:18.215Z,209.4433,15859,SYNTH
2026-02-24 14:31:19.248Z,209.4332,22012,SYNTH
2026-02-24 14:31:20.710Z,209.3499,12071,SYNTH
2026-02-24 14:31:21.832Z,209.3132,15871,SYNTH
2026-02-24 14:31:22.414Z,209.1867,16381,SYNTH
2026-02-24 14:31:23.567Z,209.0924,15924,SYNTH
2026-02-24 14:31:24.678Z,208.9723,8449,SYNTH
2026-02-24 14:31:25.330Z,208.8161,9859,SYNTH
2026-02-24 14:31:26.533Z,208.6322,13711,SYNTH
2026-02-24 14:31:27.502Z,208.4805,15199,SYNTH
2026-02-24 14:31:28.552Z,208.3739,12640,SYNTH
2026-02-24 14:31:29.554Z,208.2218,9347,SYNTH
2026-02-24 14:31:30.045Z,208.0506,9308,SYNTH
2026-02-24 14:31:31.528Z,207.8772,16397,SYNTH
2026-02-24 14:31:32.446Z,207.7895,9342,SYNTH
2026-02-24 14:31:33.603Z,207.5935,14093,SYNTH
2026-02-24 14:31:34.497Z,207.5140,8311,SYNTH
2026-02-24 14:31:35.379Z,207.3890,7843,SYNTH
2026-02-24 14:31:36.331Z,207.2958,17032,SYNTH
2026-02-24 14:31:37.242Z,207.2447,40035,SYNTH
2026-02-24 14:31:38.612Z,207.2088,36531,SYNTH
2026-02-24 14:31:39.342Z,207.2394,31606,SYNTH
2026-02-24 14:31:40.787Z,207.3048,23134,SYNTH
2026-02-24 14:31:41.852Z,207.3707,14172,SYNTH
2026-02-24 14:31:42.014Z,207.4960,11176,SYNTH
2026-02-24 14:31:43.552Z,207.6673,11229,SYNTH
2026-02-24 14:31:44.765Z,207.7051,18593,SYNTH
2026-02-24 14:31:45.250Z,207.7681,13794,SYNTH
2026-02-24 14:31:46.397Z,207.8728,29518,SYNTH
2026-02-24 14:31:47.590Z,207.8153,22713,SYNTH
2026-02-24 14:31:48.439Z,207.8922,18340,SYNTH
2026-02-24 14:31:49.783Z,208.0490,13756,SYNTH
2026-02-24 14:31:50.486Z,208.1523,9535,SYNTH
2026-02-24 14:31:51.450Z,208.2666,17899,SYNTH
2026-02-24 14:31:52.506Z,208.4365,10077,SYNTH
2026-02-24 14:31:53.021Z,208.5382,17304,SYNTH
2026-02-24 14:31:54.287Z,208.7371,22105,SYNTH
2026-02-24 14:31:55.583Z,208.8601,12401,SYNTH
2026-02-24 14:31:56.339Z,208.9575,12814,SYNTH
2026-02-24 14:31:57.168Z,209.0629,12219,SYNTH
2026-02-24 14:31:58.053Z,209.0986,12967,SYNTH
2026-02-24 14:31:59.475Z,209.1641,22381,SYNTH
2026-02-24 14:32:00.558Z,209.2057,13440,SYNTH
2026-02-24 14:32:01.184Z,209.1605,14834,SYNTH
2026-02-24 14:32:02.427Z,209.2348,16999,SYNTH
2026-02-24 14:32:03.251Z,209.1947,11511,SYNTH
2026-02-24 14:32:04.473Z,209.1114,23964,SYNTH
2026-02-24 14:32:05.473Z,209.0648,11709,SYNTH
2026-02-24 14:32:06.091Z,209.1250,9845,SYNTH
2026-02-24 14:32:07.648Z,209.1055,13282,SYNTH
2026-02-24 14:32:08.128Z,209.0163,17273,SYNTH
2026-02-24 14:32:09.234Z,208.9656,12588,SYNTH
2026-02-24 14:32:10.469Z,209.0125,16049,SYNTH
2026-02-24 14:32:11.045Z,209.0152,34243,SYNTH
2026-02-24 14:32:12.027Z,208.9593,27416,SYNTH
2026-02-24 14:32:13.396Z,209.0304,48870,SYNTH
2026-02-24 14:32:14.187Z,208.9942,8448,SYNTH
2026-02-24 14:32:15.498Z,209.0953,14801,SYNTH
2026-02-24 14:32:16.179Z,209.0908,24347,SYNTH
2026-02-24 14:32:17.678Z,209.1208,29979,SYNTH
2026-02-24 14:32:18.050Z,209.0501,32317,SYNTH
2026-02-24 14:32:19.114Z,209.0844,24234,SYNTH
2026-02-24 14:32:20.744Z,209.2723,10588,SYNTH
2026-02-24 14:32:21.192Z,209.4195,11199,SYNTH
2026-02-24 14:32:22.846Z,209.5846,11667,SYNTH
2026-02-24 14:32:23.039Z,209.8290,11119,SYNTH
2026-02-24 14:32:24.713Z,210.0322,8709,SYNTH
2026-02-24 14:32:25.622Z,210.3210,15373,SYNTH
2026-02-24 14:32:26.469Z,210.6666,12436,SYNTH
2026-02-24 14:32:27.433Z,210.9457,17499,SYNTH
2026-02-24 14:32:28.709Z,211.2540,10759,SYNTH
2026-02-24 14:32:29.220Z,211.5383,11956,SYNTH
2026-02-24 14:32:30.238Z,211.8363,12054,SYNTH
2026-02-24 14:32:31.363Z,212.1507,10543,SYNTH
2026-02-24 14:32:32.872Z,212.4643,15401,SYNTH
2026-02-24 14:32:33.412Z,212.7537,17148,SYNTH
2026-02-24 14:32:34.529Z,212.9022,11716,SYNTH
2026-02-24 14:32:35.334Z,213.0987,17514,SYNTH
2026-02-24 14:32:36.786Z,213.2729,8081,SYNTH
2026-02-24 14:32:37.394Z,213.3863,31703,SYNTH
2026-02-24 14:32:38.875Z,213.4771,22369,SYNTH
2026-02-24 14:32:39.321Z,213.4202,44949,SYNTH
2026-02-24 14:32:40.661Z,213.3290,40866,SYNTH
2026-02-24 14:32:41.134Z,213.2799,19271,SYNTH
2026-02-24 14:32:42.625Z,213.1852,8669,SYNTH
2026-02-24 14:32:43.758Z,213.0200,18758,SYNTH
2026-02-24 14:32:44.791Z,212.9430,16662,SYNTH
2026-02-24 14:32:45.227Z,212.9670,26349,SYNTH
2026-02-24 14:32:46.433Z,212.8853,17003,SYNTH
2026-02-24 14:32:47.863Z,212.9440,30753,SYNTH
2026-02-24 14:32:48.397Z,212.8680,16620,SYNTH
2026-02-24 14:32:49.292Z,212.9123,22176,SYNTH
2026-02-24 14:32:50.603Z,212.9376,12515,SYNTH
2026-02-24 14:32:51.173Z,212.9827,22569,SYNTH
2026-02-24 14:32:52.314Z,213.0441,11682,SYNTH
2026-02-24 14:32:53.471Z,213.0513,12527,SYNTH
2026-02-24 14:32:54.009Z,213.0670,19257,SYNTH
2026-02-24 14:32:55.333Z,213.1003,22490,SYNTH
2026-02-24 14:32:56.838Z,213.1190,23857,SYNTH
2026-02-24 14:32:57.759Z,213.0510,11391,SYNTH
2026-02-24 14:32:58.380Z,213.1438,26552,SYNTH
2026-02-24 14:32:59.082Z,213.1100,13606,SYNTH
2026-02-24 14:33:00.806Z,213.1347,11178,SYNTH
2026-02-24 14:33:01.452Z,213.0885,13196,SYNTH
2026-02-24 14:33:02.591Z,213.0846,13398,SYNTH
2026-02-24 14:33:03.667Z,213.1582,11905,SYNTH
2026-02-24 14:33:04.752Z,213.2125,9328,SYNTH
2026-02-24 14:33:05.710Z,213.2030,12051,SYNTH
2026-02-24 14:33:06.199Z,213.1597,13991,SYNTH
2026-02-24 14:33:07.198Z,213.2771,9021,SYNTH
2026-02-24 14:33:08.259Z,213.3075,14349,SYNTH
2026-02-24 14:33:09.861Z,213.3317,7047,SYNTH
2026-02-24 14:33:10.443Z,213.2559,11031,SYNTH
2026-02-24 14:33:11.003Z,213.3174,26639,SYNTH
2026-02-24 14:33:12.265Z,213.3384,26477,SYNTH
2026-02-24 14:33:13.104Z,213.2672,18043,SYNTH
2026-02-24 14:33:14.714Z,213.3259,6120,SYNTH
2026-02-24 14:33:15.215Z,213.2465,11694,SYNTH
2026-02-24 14:33:16.314Z,213.2443,21427,SYNTH
2026-02-24 14:33:17.352Z,213.2636,16977,SYNTH
2026-02-24 14:33:18.358Z,213.2482,21030,SYNTH
2026-02-24 14:33:19.230Z,213.1679,17687,SYNTH
2026-02-24 14:33:20.327Z,213.0818,10252,SYNTH
2026-02-24 14:33:21.451Z,212.9636,5524,SYNTH
2026-02-24 14:33:22.648Z,212.6893,5277,SYNTH
2026-02-24 14:33:23.078Z,212.4740,4867,SYNTH
2026-02-24 14:33:24.543Z,212.1750,8115,SYNTH
2026-02-24 14:33:25.814Z,211.9630,11299,SYNTH
2026-02-24 14:33:26.214Z,211.5799,9338,SYNTH
2026-02-24 14:33:27.889Z,211.2817,5762,SYNTH
2026-02-24 14:33:28.489Z,210.8805,6653,SYNTH
2026-02-24 14:33:29.363Z,210.5734,6876,SYNTH
2026-02-24 14:33:30.234Z,210.2827,7331,SYNTH
2026-02-24 14:33:31.522Z,209.9662,5181,SYNTH
2026-02-24 14:33:32.762Z,209.6514,8969,SYNTH
2026-02-24 14:33:33.647Z,209.3697,5438,SYNTH
2026-02-24 14:33:34.109Z,209.1123,5172,SYNTH
2026-02-24 14:33:35.472Z,208.9392,9874,SYNTH
2026-02-24 14:33:36.712Z,208.8020,5715,SYNTH
2026-02-24 14:33:37.388Z,208.7021,23696,SYNTH
2026-02-24 14:33:38.129Z,208.5714,19778,SYNTH
2026-02-24 14:33:39.863Z,208.6303,31187,SYNTH
2026-02-24 14:33:40.381Z,208.6628,28738,SYNTH
2026-02-24 14:33:41.876Z,208.7945,12532,SYNTH
2026-02-24 14:33:42.655Z,208.8414,7787,SYNTH
2026-02-24 14:33:43.258Z,208.9940,8531,SYNTH
2026-02-24 14:33:44.890Z,209.0704,9097,SYNTH
2026-02-24 14:33:45.656Z,209.1396,11297,SYNTH
2026-02-24 14:33:46.847Z,209.1073,9297,SYNTH
2026-02-24 14:33:47.647Z,209.0969,18206,SYNTH
2026-02-24 14:33:48.087Z,209.1274,8863,SYNTH
2026-02-24 14:33:49.467Z,209.0226,8850,SYNTH
2026-02-24 14:33:50.463Z,209.0768,7578,SYNTH
2026-02-24 14:33:51.367Z,208.9872,11632,SYNTH
2026-02-24 14:33:52.208Z,208.9558,14548,SYNTH
2026-02-24 14:33:53.535Z,208.8370,13073,SYNTH
2026-02-24 14:33:54.360Z,208.7492,8853,SYNTH
2026-02-24 14:33:55.301Z,208.8178,9341,SYNTH
2026-02-24 14:33:56.550Z,208.6545,12028,SYNTH
2026-02-24 14:33:57.433Z,208.7026,13392,SYNTH
2026-02-24 14:33:58.811Z,208.6008,7483,SYNTH
2026-02-24 14:33:59.262Z,208.6483,11375,SYNTH
2026-02-24 14:34:00.769Z,209.0163,9219,SYNTH
2026-02-24 14:34:01.038Z,208.9779,14663,SYNTH
2026-02-24 14:34:02.112Z,208.8566,12663,SYNTH
2026-02-24 14:34:03.693Z,208.7918,7251,SYNTH
2026-02-24 14:34:04.896Z,208.5950,13134,SYNTH
2026-02-24 14:34:05.546Z,208.4619,5872,SYNTH
2026-02-24 14:34:06.212Z,208.2532,13000,SYNTH
2026-02-24 14:34:07.175Z,208.0898,12647,SYNTH
2026-02-24 14:34:08.667Z,207.9543,5687,SYNTH
2026-02-24 14:34:09.591Z,207.8534,7519,SYNTH
2026-02-24 14:34:10.545Z,207.7365,5024,SYNTH
2026-02-24 14:34:11.467Z,207.5806,25434,SYNTH
2026-02-24 14:34:12.806Z,207.5612,24793,SYNTH
2026-02-24 14:34:13.037Z,207.6891,22585,SYNTH
2026-02-24 14:34:14.327Z,207.7695,6776,SYNTH
2026-02-24 14:34:15.632Z,207.9003,10731,SYNTH
2026-02-24 14:34:16.016Z,208.0595,16177,SYNTH
2026-02-24 14:34:17.760Z,208.1623,11985,SYNTH
2026-02-24 14:34:18.483Z,208.1060,12233,SYNTH
2026-02-24 14:34:19.357Z,208.1676,15582,SYNTH
2026-02-24 14:34:20.670Z,208.2511,9383,SYNTH
2026-02-24 14:34:21.424Z,208.2991,7609,SYNTH
2026-02-24 14:34:22.659Z,208.4553,4797,SYNTH
2026-02-24 14:34:23.607Z,208.5743,4028,SYNTH
2026-02-24 14:34:24.166Z,208.7819,7334,SYNTH
2026-02-24 14:34:25.235Z,209.0553,4475,SYNTH
2026-02-24 14:34:26.589Z,209.1665,5016,SYNTH
2026-02-24 14:34:27.503Z,209.3936,7767,SYNTH
2026-02-24 14:34:28.020Z,209.6441,5340,SYNTH
2026-02-24 14:34:29.666Z,209.8510,7257,SYNTH
2026-02-24 14:34:30.409Z,210.0244,6884,SYNTH
2026-02-24 14:34:31.454Z,210.3205,9431,SYNTH
2026-02-24 14:34:32.249Z,210.4361,7097,SYNTH
2026-02-24 14:34:33.704Z,210.6188,9283,SYNTH
2026-02-24 14:34:34.103Z,210.8113,5847,SYNTH
2026-02-24 14:34:35.387Z,210.9927,4320,SYNTH
2026-02-24 14:34:36.716Z,211.0179,8918,SYNTH
2026-02-24 14:34:37.797Z,211.0750,12946,SYNTH
2026-02-24 14:34:38.747Z,211.1230,10552,SYNTH
2026-02-24 14:34:39.086Z,211.1768,17749,SYNTH
2026-02-24 14:34:40.061Z,211.0606,17685,SYNTH
2026-02-24 14:34:41.468Z,211.0801,4866,SYNTH
2026-02-24 14:34:42.813Z,210.9748,7202,SYNTH
2026-02-24 14:34:43.663Z,210.9809,8710,SYNTH
2026-02-24 14:34:44.863Z,210.8882,7400,SYNTH
2026-02-24 14:34:45.076Z,210.8243,16022,SYNTH
2026-02-24 14:34:46.169Z,210.7814,7901,SYNTH
2026-02-24 14:34:47.000Z,210.8409,15888,SYNTH
2026-02-24 14:34:48.606Z,210.7493,5076,SYNTH
2026-02-24 14:34:49.499Z,210.7867,10977,SYNTH
2026-02-24 14:34:50.522Z,210.7572,6237,SYNTH
2026-02-24 14:34:51.883Z,210.7325,12021,SYNTH
2026-02-24 14:34:52.654Z,210.6558,11581,SYNTH
2026-02-24 14:34:53.377Z,210.5816,10851,SYNTH
2026-02-24 14:34:54.530Z,210.6171,8396,SYNTH
2026-02-24 14:34:55.078Z,210.5502,11555,SYNTH
2026-02-24 14:34:56.772Z,210.4560,12715,SYNTH
2026-02-24 14:34:57.652Z,210.4264,12468,SYNTH
2026-02-24 14:34:58.375Z,210.4495,11178,SYNTH
2026-02-24 14:34:59.254Z,210.4139,13505,SYNTH
2026-02-24 14:35:00.241Z,210.1981,10318,SYNTH
2026-02-24 14:35:01.462Z,210.1408,10806,SYNTH
2026-02-24 14:35:02.744Z,210.1612,7668,SYNTH
2026-02-24 14:35:03.771Z,210.0247,6364,SYNTH
2026-02-24 14:35:04.794Z,209.9326,7605,SYNTH
2026-02-24 14:35:05.727Z,209.8049,8985,SYNTH
2026-02-24 14:35:06.124Z,209.6365,8089,SYNTH
2026-02-24 14:35:07.293Z,209.5469,7766,SYNTH
2026-02-24 14:35:08.021Z,209.3731,10809,SYNTH
2026-02-24 14:35:09.443Z,209.3449,5759,SYNTH
2026-02-24 14:35:10.787Z,209.2429,5222,SYNTH
2026-02-24 14:35:11.068Z,209.2179,24735,SYNTH
2026-02-24 14:35:12.538Z,209.2152,12084,SYNTH
2026-02-24 14:35:13.528Z,209.2878,17203,SYNTH
2026-02-24 14:35:14.200Z,209.2604,4768,SYNTH
2026-02-24 14:35:15.898Z,209.4258,6015,SYNTH
2026-02-24 14:35:16.081Z,209.5308,6903,SYNTH
2026-02-24 14:35:17.375Z,209.5017,7640,SYNTH
2026-02-24 14:35:18.481Z,209.5997,7769,SYNTH
2026-02-24 14:35:19.142Z,209.5529,14146,SYNTH
2026-02-24 14:35:20.878Z,209.6137,8518,SYNTH
2026-02-24 14:35:21.287Z,209.7223,5123,SYNTH
2026-02-24 14:35:22.030Z,209.8116,5931,SYNTH
2026-02-24 14:35:23.606Z,209.8426,3598,SYNTH
2026-02-24 14:35:24.625Z,210.0034,7538,SYNTH
2026-02-24 14:35:25.793Z,210.1176,3747,SYNTH
2026-02-24 14:35:26.797Z,210.2126,5041,SYNTH
2026-02-24 14:35:27.142Z,210.4121,6567,SYNTH
2026-02-24 14:35:28.157Z,210.4896,3600,SYNTH
2026-02-24 14:35:29.022Z,210.7058,8274,SYNTH
2026-02-24 14:35:30.749Z,210.7914,4946,SYNTH
2026-02-24 14:35:31.623Z,210.9718,6604,SYNTH
2026-02-24 14:35:32.508Z,211.0335,7023,SYNTH
2026-02-24 14:35:33.313Z,211.1522,7613,SYNTH
2026-02-24 14:35:34.115Z,211.2042,5973,SYNTH
2026-02-24 14:35:35.668Z,211.3933,5400,SYNTH
2026-02-24 14:35:36.707Z,211.4102,6305,SYNTH
2026-02-24 14:35:37.422Z,211.5015,14517,SYNTH
2026-02-24 14:35:38.394Z,211.4091,12910,SYNTH
2026-02-24 14:35:39.424Z,211.4371,14132,SYNTH
2026-02-24 14:35:40.568Z,211.3829,11679,SYNTH
2026-02-24 14:35:41.460Z,211.4509,4022,SYNTH
2026-02-24 14:35:42.335Z,211.3727,8570,SYNTH
2026-02-24 14:35:43.855Z,211.3270,9165,SYNTH
2026-02-24 14:35:44.486Z,211.3280,4243,SYNTH
2026-02-24 14:35:45.352Z,211.2731,7871,SYNTH
2026-02-24 14:35:46.249Z,211.2369,7635,SYNTH
2026-02-24 14:35:47.342Z,211.2801,7321,SYNTH
2026-02-24 14:35:48.804Z,211.1788,7624,SYNTH
2026-02-24 14:35:49.704Z,211.1591,10067,SYNTH
2026-02-24 14:35:50.334Z,211.1082,4747,SYNTH
2026-02-24 14:35:51.355Z,211.0975,7800,SYNTH
2026-02-24 14:35:52.345Z,211.0862,9467,SYNTH
2026-02-24 14:35:53.119Z,211.0380,7315,SYNTH
2026-02-24 14:35:54.229Z,210.9502,6931,SYNTH
2026-02-24 14:35:55.110Z,210.8956,7155,SYNTH
2026-02-24 14:35:56.810Z,210.9269,6809,SYNTH
2026-02-24 14:35:57.116Z,210.9142,7477,SYNTH
2026-02-24 14:35:58.820Z,210.8237,8316,SYNTH
2026-02-24 14:35:59.581Z,210.8648,7881,SYNTH
2026-02-24 14:36:00.189Z,210.7344,8681,SYNTH
2026-02-24 14:36:01.241Z,210.7505,8403,SYNTH
2026-02-24 14:36:02.836Z,210.6476,8871,SYNTH
2026-02-24 14:36:03.322Z,210.6943,4819,SYNTH
2026-02-24 14:36:04.163Z,210.6343,8124,SYNTH
2026-02-24 14:36:05.114Z,210.5338,5811,SYNTH
2026-02-24 14:36:06.578Z,210.4541,3314,SYNTH
2026-02-24 14:36:07.484Z,210.4892,3770,SYNTH
2026-02-24 14:36:08.436Z,210.3534,4696,SYNTH
2026-02-24 14:36:09.491Z,210.2856,4428,SYNTH
2026-02-24 14:36:10.219Z,210.2561,4830,SYNTH
2026-02-24 14:36:11.816Z,210.1907,16016,SYNTH
2026-02-24 14:36:12.245Z,210.2962,11311,SYNTH
2026-02-24 14:36:13.313Z,210.2416,13816,SYNTH
2026-02-24 14:36:14.031Z,210.3390,5868,SYNTH
2026-02-24 14:36:15.183Z,210.3666,5869,SYNTH
2026-02-24 14:36:16.878Z,210.3250,5460,SYNTH
2026-02-24 14:36:17.767Z,210.4182,8907,SYNTH
2026-02-24 14:36:18.436Z,210.4261,5315,SYNTH
2026-02-24 14:36:19.308Z,210.3887,11276,SYNTH
2026-02-24 14:36:20.708Z,210.4779,4991,SYNTH
2026-02-24 14:36:21.861Z,210.5064,3641,SYNTH
2026-02-24 14:36:22.096Z,210.5582,5322,SYNTH
2026-02-24 14:36:23.684Z,210.6213,5071,SYNTH
2026-02-24 14:36:24.218Z,210.7861,4156,SYNTH
2026-02-24 14:36:25.321Z,210.8257,2674,SYNTH
2026-02-24 14:36:26.755Z,210.9904,3381,SYNTH
2026-02-24 14:36:27.589Z,211.0939,5116,SYNTH
2026-02-24 14:36:28.080Z,211.1531,2939,SYNTH
2026-02-24 14:36:29.081Z,211.2890,3624,SYNTH
2026-02-24 14:36:30.504Z,211.4156,2637,SYNTH
2026-02-24 14:36:31.091Z,211.5835,2867,SYNTH
2026-02-24 14:36:32.418Z,211.6036,3702,SYNTH
2026-02-24 14:36:33.880Z,211.7695,4096,SYNTH
2026-02-24 14:36:34.270Z,211.7737,3048,SYNTH
2026-02-24 14:36:35.448Z,211.8979,5064,SYNTH
2026-02-24 14:36:36.824Z,211.9306,5537,SYNTH
2026-02-24 14:36:37.542Z,211.9765,6660,SYNTH
2026-02-24 14:36:38.765Z,211.9942,13703,SYNTH
2026-02-24 14:36:39.173Z,211.9299,10493,SYNTH
2026-02-24 14:36:40.175Z,211.9927,14032,SYNTH
2026-02-24 14:36:41.766Z,212.0029,3723,SYNTH
2026-02-24 14:36:42.327Z,211.8924,6617,SYNTH
2026-02-24 14:36:43.683Z,211.9136,4623,SYNTH
2026-02-24 14:36:44.063Z,211.9025,6562,SYNTH
2026-02-24 14:36:45.703Z,211.8621,9843,SYNTH
2026-02-24 14:36:46.351Z,211.8248,9929,SYNTH
2026-02-24 14:36:47.776Z,211.7992,10626,SYNTH
2026-02-24 14:36:48.705Z,211.8588,5428,SYNTH
2026-02-24 14:36:49.621Z,211.7458,6804,SYNTH
2026-02-24 14:36:50.106Z,211.7425,5780,SYNTH
2026-02-24 14:36:51.149Z,211.6600,7606,SYNTH
2026-02-24 14:36:52.069Z,211.6435,3884,SYNTH
2026-02-24 14:36:53.169Z,211.5654,3724,SYNTH
2026-02-24 14:36:54.235Z,211.5398,4241,SYNTH
2026-02-24 14:36:55.320Z,211.5154,6299,SYNTH
2026-02-24 14:36:56.269Z,211.4440,3941,SYNTH
2026-02-24 14:36:57.739Z,211.3926,5013,SYNTH
2026-02-24 14:36:58.598Z,211.3437,8044,SYNTH
2026-02-24 14:36:59.084Z,211.4155,8583,SYNTH
2026-02-24 14:37:00.028Z,211.2428,8808,SYNTH
2026-02-24 14:37:01.563Z,211.1950,9153,SYNTH
2026-02-24 14:37:02.422Z,211.2990,3926,SYNTH
2026-02-24 14:37:03.589Z,211.2356,4521,SYNTH
2026-02-24 14:37:04.064Z,211.3215,4639,SYNTH
2026-02-24 14:37:05.189Z,211.2714,4205,SYNTH
2026-02-24 14:37:06.520Z,211.2532,3548,SYNTH
2026-02-24 14:37:07.846Z,211.3626,3633,SYNTH
2026-02-24 14:37:08.013Z,211.3839,7364,SYNTH
2026-02-24 14:37:09.480Z,211.2853,3916,SYNTH
2026-02-24 14:37:10.897Z,211.3982,4637,SYNTH
2026-02-24 14:37:11.288Z,211.3186,18807,SYNTH
2026-02-24 14:37:12.275Z,211.3610,13910,SYNTH
2026-02-24 14:37:13.350Z,211.3114,7361,SYNTH
2026-02-24 14:37:14.806Z,211.3554,5478,SYNTH
2026-02-24 14:37:15.710Z,211.3010,3406,SYNTH
2026-02-24 14:37:16.332Z,211.3698,9758,SYNTH
2026-02-24 14:37:17.739Z,211.3212,7582,SYNTH
2026-02-24 14:37:18.746Z,211.2857,10842,SYNTH
2026-02-24 14:37:19.745Z,211.3174,7047,SYNTH
2026-02-24 14:37:20.841Z,211.2604,4818,SYNTH
2026-02-24 14:37:21.269Z,211.1481,4653,SYNTH
2026-02-24 14:37:22.475Z,211.1019,3990,SYNTH
2026-02-24 14:37:23.250Z,210.9449,4192,SYNTH
2026-02-24 14:37:24.411Z,210.7971,5341,SYNTH
2026-02-24 14:37:25.448Z,210.6405,3123,SYNTH
2026-02-24 14:37:26.219Z,210.4972,2883,SYNTH
2026-02-24 14:37:27.113Z,210.2911,5319,SYNTH
2026-02-24 14:37:28.374Z,210.1899,5819,SYNTH
2026-02-24 14:37:29.649Z,210.0073,3200,SYNTH
2026-02-24 14:37:30.046Z,209.8648,2514,SYNTH
2026-02-24 14:37:31.096Z,209.6675,5055,SYNTH
2026-02-24 14:37:32.270Z,209.4705,2851,SYNTH
2026-02-24 14:37:33.366Z,209.3417,5314,SYNTH
2026-02-24 14:37:34.138Z,209.2377,4445,SYNTH
2026-02-24 14:37:35.533Z,209.1235,2989,SYNTH
2026-02-24 14:37:36.296Z,209.1275,5070,SYNTH
2026-02-24 14:37:37.351Z,209.0475,13285,SYNTH
2026-02-24 14:37:38.064Z,208.9445,10312,SYNTH
2026-02-24 14:37:39.766Z,208.9990,13730,SYNTH
2026-02-24 14:37:40.337Z,208.9748,8561,SYNTH
2026-02-24 14:37:41.524Z,209.0923,6331,SYNTH
2026-02-24 14:37:42.312Z,209.1581,3711,SYNTH
2026-02-24 14:37:43.290Z,209.1795,5177,SYNTH
2026-02-24 14:37:44.851Z,209.2462,6991,SYNTH
2026-02-24 14:37:45.843Z,209.1963,10062,SYNTH
2026-02-24 14:37:46.700Z,209.2952,5014,SYNTH
2026-02-24 14:37:47.469Z,209.1913,7126,SYNTH
2026-02-24 14:37:48.288Z,209.3059,5876,SYNTH
2026-02-24 14:37:49.874Z,209.2589,3671,SYNTH
2026-02-24 14:37:50.161Z,209.3761,5304,SYNTH
2026-02-24 14:37:51.567Z,209.3977,7141,SYNTH
2026-02-24 14:37:52.606Z,209.4067,5223,SYNTH
2026-02-24 14:37:53.866Z,209.4396,5463,SYNTH
2026-02-24 14:37:54.874Z,209.4740,7042,SYNTH
2026-02-24 14:37:55.062Z,209.4992,5104,SYNTH
2026-02-24 14:37:56.437Z,209.5469,6644,SYNTH
2026-02-24 14:37:57.701Z,209.5789,7050,SYNTH
2026-02-24 14:37:58.012Z,209.6522,6148,SYNTH
2026-02-24 14:37:59.686Z,209.6173,4118,SYNTH
2026-02-24 14:38:00.552Z,209.5932,7227,SYNTH
2026-02-24 14:38:01.696Z,209.5151,4107,SYNTH
2026-02-24 14:38:02.462Z,209.5199,3973,SYNTH
2026-02-24 14:38:03.870Z,209.5436,7399,SYNTH
2026-02-24 14:38:04.210Z,209.4542,8241,SYNTH
2026-02-24 14:38:05.344Z,209.3241,5624,SYNTH
2026-02-24 14:38:06.730Z,209.2899,7326,SYNTH
2026-02-24 14:38:07.576Z,209.2035,3485,SYNTH
2026-02-24 14:38:08.638Z,209.1971,4472,SYNTH
2026-02-24 14:38:09.881Z,209.0426,5733,SYNTH
2026-02-24 14:38:10.477Z,208.9844,3924,SYNTH
2026-02-24 14:38:11.530Z,209.0500,10203,SYNTH
2026-02-24 14:38:12.465Z,208.9644,13847,SYNTH
2026-02-24 14:38:13.295Z,209.0052,14745,SYNTH
2026-02-24 14:38:14.708Z,209.0132,3701,SYNTH
2026-02-24 14:38:15.298Z,209.0739,3236,SYNTH
2026-02-24 14:38:16.569Z,209.1155,8813,SYNTH
2026-02-24 14:38:17.886Z,209.1976,10072,SYNTH
2026-02-24 14:38:18.854Z,209.1384,5180,SYNTH
2026-02-24 14:38:19.015Z,209.2146,8324,SYNTH
2026-02-24 14:38:20.077Z,209.2701,4560,SYNTH
2026-02-24 14:38:21.846Z,209.2209,2925,SYNTH
2026-02-24 14:38:22.381Z,209.3610,4854,SYNTH
2026-02-24 14:38:23.714Z,209.3179,4588,SYNTH
2026-02-24 14:38:24.386Z,209.4160,5195,SYNTH
2026-02-24 14:38:25.633Z,209.5105,3385,SYNTH
2026-02-24 14:38:26.010Z,209.6446,5344,SYNTH
2026-02-24 14:38:27.398Z,209.7125,5504,SYNTH
2026-02-24 14:38:28.243Z,209.7886,4510,SYNTH
2026-02-24 14:38:29.794Z,209.8541,4118,SYNTH
2026-02-24 14:38:30.697Z,209.9177,5617,SYNTH
2026-02-24 14:38:31.744Z,210.0586,3887,SYNTH
2026-02-24 14:38:32.665Z,210.1671,5457,SYNTH
2026-02-24 14:38:33.362Z,210.1409,4015,SYNTH
2026-02-24 14:38:34.669Z,210.3207,5044,SYNTH
2026-02-24 14:38:35.300Z,210.3118,3083,SYNTH
2026-02-24 14:38:36.156Z,210.3906,4622,SYNTH
2026-02-24 14:38:37.557Z,210.4291,13392,SYNTH
2026-02-24 14:38:38.888Z,210.4520,14681,SYNTH
2026-02-24 14:38:39.432Z,210.3785,9951,SYNTH
2026-02-24 14:38:40.037Z,210.3550,11561,SYNTH
2026-02-24 14:38:41.092Z,210.3966,4805,SYNTH
2026-02-24 14:38:42.893Z,210.3267,3181,SYNTH
2026-02-24 14:38:43.673Z,210.3562,3039,SYNTH
2026-02-24 14:38:44.502Z,210.2997,4426,SYNTH
2026-02-24 14:38:45.657Z,210.2385,4508,SYNTH
2026-02-24 14:38:46.654Z,210.2756,4522,SYNTH
2026-02-24 14:38:47.106Z,210.2173,9472,SYNTH
2026-02-24 14:38:48.587Z,210.2548,5686,SYNTH
2026-02-24 14:38:49.502Z,210.1790,4212,SYNTH
2026-02-24 14:38:50.060Z,210.1065,6223,SYNTH
2026-02-24 14:38:51.248Z,210.0890,5679,SYNTH
2026-02-24 14:38:52.484Z,210.0183,4048,SYNTH
2026-02-24 14:38:53.337Z,209.9705,4266,SYNTH
2026-02-24 14:38:54.460Z,209.8734,7606,SYNTH
2026-02-24 14:38:55.662Z,209.8002,5811,SYNTH
2026-02-24 14:38:56.826Z,209.7519,5436,SYNTH
2026-02-24 14:38:57.607Z,209.6994,5867,SYNTH
2026-02-24 14:38:58.445Z,209.7552,8735,SYNTH
2026-02-24 14:38:59.049Z,209.6907,7413,SYNTH
2026-02-24 14:39:00.781Z,209.7314,5802,SYNTH
2026-02-24 14:39:01.536Z,209.7498,8015,SYNTH
2026-02-24 14:39:02.398Z,209.7831,6259,SYNTH
2026-02-24 14:39:03.128Z,209.7953,9492,SYNTH
2026-02-24 14:39:04.036Z,209.8346,9440,SYNTH
2026-02-24 14:39:05.639Z,209.8096,7035,SYNTH
2026-02-24 14:39:06.742Z,209.8420,6472,SYNTH
2026-02-24 14:39:07.770Z,209.8724,4704,SYNTH
2026-02-24 14:39:08.459Z,209.9323,6605,SYNTH
2026-02-24 14:39:09.551Z,209.9634,4151,SYNTH
2026-02-24 14:39:10.482Z,209.9816,4986,SYNTH
2026-02-24 14:39:11.706Z,209.9916,16127,SYNTH
2026-02-24 14:39:12.266Z,210.0452,14753,SYNTH
2026-02-24 14:39:13.296Z,209.9269,9247,SYNTH
2026-02-24 14:39:14.872Z,209.9069,6662,SYNTH
2026-02-24 14:39:15.812Z,209.9012,6864,SYNTH
2026-02-24 14:39:16.860Z,209.8976,10040,SYNTH
2026-02-24 14:39:17.745Z,209.8785,12093,SYNTH
2026-02-24 14:39:18.550Z,209.8476,5909,SYNTH
2026-02-24 14:39:19.864Z,209.9179,6330,SYNTH
2026-02-24 14:39:20.118Z,209.8082,5243,SYNTH
2026-02-24 14:39:21.429Z,209.7587,6878,SYNTH
2026-02-24 14:39:22.892Z,209.7391,6510,SYNTH
2026-02-24 14:39:23.299Z,209.6392,3678,SYNTH
2026-02-24 14:39:24.626Z,209.5518,6079,SYNTH
2026-02-24 14:39:25.118Z,209.4938,6060,SYNTH
2026-02-24 14:39:26.756Z,209.3187,5611,SYNTH
2026-02-24 14:39:27.607Z,209.2642,3910,SYNTH
2026-02-24 14:39:28.596Z,209.1565,7401,SYNTH
2026-02-24 14:39:29.064Z,209.0198,3917,SYNTH
2026-02-24 14:39:30.647Z,208.9276,7372,SYNTH
2026-02-24 14:39:31.613Z,208.7464,5758,SYNTH
2026-02-24 14:39:32.096Z,208.6458,5422,SYNTH
2026-02-24 14:39:33.688Z,208.6429,7175,SYNTH
2026-02-24 14:39:34.788Z,208.5421,6744,SYNTH
2026-02-24 14:39:35.722Z,208.4974,5637,SYNTH
2026-02-24 14:39:36.538Z,208.4335,4137,SYNTH
2026-02-24 14:39:37.712Z,208.3899,8078,SYNTH
2026-02-24 14:39:38.808Z,208.3777,9802,SYNTH
2026-02-24 14:39:39.689Z,208.4143,8163,SYNTH
2026-02-24 14:39:40.202Z,208.3073,8403,SYNTH
2026-02-24 14:39:41.774Z,208.4040,4694,SYNTH
2026-02-24 14:39:42.044Z,208.4558,8205,SYNTH
2026-02-24 14:39:43.845Z,208.4964,8307,SYNTH
2026-02-24 14:39:44.291Z,208.4531,5929,SYNTH
2026-02-24 14:39:45.418Z,208.4863,8865,SYNTH
2026-02-24 14:39:46.457Z,208.4784,10330,SYNTH
2026-02-24 14:39:47.691Z,208.4825,9433,SYNTH
2026-02-24 14:39:48.084Z,208.4391,5178,SYNTH
2026-02-24 14:39:49.753Z,208.5353,4886,SYNTH
2026-02-24 14:39:50.882Z,208.5751,3989,SYNTH
2026-02-24 14:39:51.406Z,208.4897,5545,SYNTH
2026-02-24 14:39:52.021Z,208.5676,5949,SYNTH
2026-02-24 14:39:53.674Z,208.6340,4930,SYNTH
2026-02-24 14:39:54.830Z,208.6431,7392,SYNTH
2026-02-24 14:39:55.320Z,208.6088,6527,SYNTH
2026-02-24 14:39:56.016Z,208.6960,9354,SYNTH
2026-02-24 14:39:57.846Z,208.6178,5344,SYNTH
2026-02-24 14:39:58.696Z,208.5983,5326,SYNTH
2026-02-24 14:39:59.308Z,208.6692,5622,SYNTH
2026-02-24 14:40:00.627Z,208.7402,7898,SYNTH
2026-02-24 14:40:01.595Z,208.7922,7958,SYNTH
2026-02-24 14:40:02.757Z,208.7501,5284,SYNTH
2026-02-24 14:40:03.228Z,208.8343,8843,SYNTH
2026-02-24 14:40:04.145Z,208.7872,10137,SYNTH
2026-02-24 14:40:05.349Z,208.8744,9456,SYNTH
2026-02-24 14:40:06.458Z,208.9048,9191,SYNTH
2026-02-24 14:40:07.470Z,209.0026,10252,SYNTH
2026-02-24 14:40:08.779Z,209.0316,5853,SYNTH
2026-02-24 14:40:09.505Z,208.9574,5401,SYNTH
2026-02-24 14:40:10.022Z,209.0208,10351,SYNTH
2026-02-24 14:40:11.007Z,209.0697,23519,SYNTH
2026-02-24 14:40:12.175Z,209.1123,23262,SYNTH
2026-02-24 14:40:13.165Z,209.0206,15652,SYNTH
2026-02-24 14:40:14.781Z,209.0569,7131,SYNTH
2026-02-24 14:40:15.758Z,209.0902,4227,SYNTH
2026-02-24 14:40:16.556Z,209.0465,15226,SYNTH
2026-02-24 14:40:17.117Z,208.9824,11202,SYNTH
2026-02-24 14:40:18.503Z,208.9625,15462,SYNTH
2026-02-24 14:40:19.218Z,208.9546,11967,SYNTH
2026-02-24 14:40:20.127Z,208.8934,3857,SYNTH
2026-02-24 14:40:21.783Z,208.8746,5784,SYNTH
2026-02-24 14:40:22.742Z,208.7224,5076,SYNTH
2026-02-24 14:40:23.787Z,208.6855,5824,SYNTH
2026-02-24 14:40:24.112Z,208.4991,3640,SYNTH
2026-02-24 14:40:25.038Z,208.4397,5139,SYNTH
2026-02-24 14:40:26.853Z,208.2593,8283,SYNTH
2026-02-24 14:40:27.702Z,208.1121,5224,SYNTH
2026-02-24 14:40:28.254Z,208.0508,5518,SYNTH
2026-02-24 14:40:29.788Z,207.8510,5146,SYNTH
2026-02-24 14:40:30.041Z,207.7084,6661,SYNTH
2026-02-24 14:40:31.719Z,207.5992,4878,SYNTH
2026-02-24 14:40:32.875Z,207.5084,4663,SYNTH
2026-02-24 14:40:33.092Z,207.3060,3388,SYNTH
2026-02-24 14:40:34.477Z,207.1972,6519,SYNTH
2026-02-24 14:40:35.476Z,207.1507,6265,SYNTH
2026-02-24 14:40:36.586Z,207.0402,4617,SYNTH
2026-02-24 14:40:37.321Z,207.0111,14483,SYNTH
2026-02-24 14:40:38.476Z,207.0614,21370,SYNTH
2026-02-24 14:40:39.862Z,207.0923,11730,SYNTH
2026-02-24 14:40:40.824Z,207.1159,20024,SYNTH
2026-02-24 14:40:41.865Z,207.0940,8061,SYNTH
2026-02-24 14:40:42.324Z,207.2481,6878,SYNTH
2026-02-24 14:40:43.655Z,207.2699,7408,SYNTH
2026-02-24 14:40:44.442Z,207.3504,6674,SYNTH
2026-02-24 14:40:45.443Z,207.3280,9884,SYNTH
2026-02-24 14:40:46.805Z,207.3977,7577,SYNTH
2026-02-24 14:40:47.102Z,207.4081,8622,SYNTH
2026-02-24 14:40:48.355Z,207.4240,4404,SYNTH
2026-02-24 14:40:49.807Z,207.3771,7873,SYNTH
2026-02-24 14:40:50.583Z,207.4035,10475,SYNTH
2026-02-24 14:40:51.428Z,207.3955,6207,SYNTH
2026-02-24 14:40:52.307Z,207.5138,10191,SYNTH
2026-02-24 14:40:53.119Z,207.5291,6644,SYNTH
2026-02-24 14:40:54.214Z,207.5638,8783,SYNTH
2026-02-24 14:40:55.426Z,207.5966,11325,SYNTH
2026-02-24 14:40:56.697Z,207.6174,5302,SYNTH
2026-02-24 14:40:57.432Z,207.6357,9443,SYNTH
2026-02-24 14:40:58.245Z,207.6546,8970,SYNTH
2026-02-24 14:40:59.705Z,207.6082,8460,SYNTH
2026-02-24 14:41:00.733Z,207.6786,5887,SYNTH
2026-02-24 14:41:01.421Z,207.7036,7813,SYNTH
2026-02-24 14:41:02.348Z,207.6568,4391,SYNTH
2026-02-24 14:41:03.266Z,207.5944,6841,SYNTH
2026-02-24 14:41:04.346Z,207.5649,4319,SYNTH
2026-02-24 14:41:05.353Z,207.4328,4339,SYNTH
2026-02-24 14:41:06.864Z,207.4645,4529,SYNTH
2026-02-24 14:41:07.145Z,207.3715,7231,SYNTH
2026-02-24 14:41:08.278Z,207.3068,6827,SYNTH
2026-02-24 14:41:09.011Z,207.2453,6284,SYNTH
2026-02-24 14:41:10.526Z,207.2001,5728,SYNTH
2026-02-24 14:41:11.173Z,207.1658,13090,SYNTH
2026-02-24 14:41:12.419Z,207.2518,13772,SYNTH
2026-02-24 14:41:13.403Z,207.1947,13210,SYNTH
2026-02-24 14:41:14.660Z,207.2759,2823,SYNTH
2026-02-24 14:41:15.113Z,207.2584,5676,SYNTH
2026-02-24 14:41:16.250Z,207.3156,8379,SYNTH
2026-02-24 14:41:17.635Z,207.3258,7532,SYNTH
2026-02-24 14:41:18.461Z,207.3647,4888,SYNTH
2026-02-24 14:41:19.155Z,207.3992,4782,SYNTH
2026-02-24 14:41:20.787Z,207.4018,2675,SYNTH
2026-02-24 14:41:21.754Z,207.4490,5214,SYNTH
2026-02-24 14:41:22.331Z,207.5019,5227,SYNTH
2026-02-24 14:41:23.676Z,207.5919,4480,SYNTH
2026-02-24 14:41:24.296Z,207.6749,4928,SYNTH
2026-02-24 14:41:25.038Z,207.8199,3481,SYNTH
2026-02-24 14:41:26.263Z,207.8966,3698,SYNTH
2026-02-24 14:41:27.295Z,208.0421,3845,SYNTH
2026-02-24 14:41:28.419Z,208.1034,4541,SYNTH
2026-02-24 14:41:29.752Z,208.2359,3276,SYNTH
2026-02-24 14:41:30.769Z,208.2913,3482,SYNTH
2026-02-24 14:41:31.648Z,208.3929,3033,SYNTH
2026-02-24 14:41:32.627Z,208.5775,4650,SYNTH
2026-02-24 14:41:33.315Z,208.6786,5390,SYNTH
2026-02-24 14:41:34.583Z,208.7105,4342,SYNTH
2026-02-24 14:41:35.714Z,208.8285,5331,SYNTH
2026-02-24 14:41:36.724Z,208.8459,3817,SYNTH
2026-02-24 14:41:37.837Z,208.9090,7300,SYNTH
2026-02-24 14:41:38.249Z,208.9259,10718,SYNTH
2026-02-24 14:41:39.499Z,208.8247,6750,SYNTH
2026-02-24 14:41:40.083Z,208.8980,14374,SYNTH
2026-02-24 14:41:41.344Z,208.8202,5225,SYNTH
2026-02-24 14:41:42.534Z,208.8072,5446,SYNTH
2026-02-24 14:41:43.369Z,208.7333,2985,SYNTH
2026-02-24 14:41:44.561Z,208.6431,5998,SYNTH
2026-02-24 14:41:45.535Z,208.6108,4816,SYNTH
2026-02-24 14:41:46.569Z,208.6693,3902,SYNTH
2026-02-24 14:41:47.108Z,208.6493,8876,SYNTH
2026-02-24 14:41:48.645Z,208.5430,4011,SYNTH
2026-02-24 14:41:49.189Z,208.6033,4155,SYNTH
2026-02-24 14:41:50.041Z,208.5656,4531,SYNTH
2026-02-24 14:41:51.637Z,208.5002,2919,SYNTH
2026-02-24 14:41:52.196Z,208.4488,4077,SYNTH
2026-02-24 14:41:53.628Z,208.3857,3097,SYNTH
2026-02-24 14:41:54.241Z,208.3139,6070,SYNTH
2026-02-24 14:41:55.280Z,208.2627,5917,SYNTH
2026-02-24 14:41:56.699Z,208.2856,7939,SYNTH
2026-02-24 14:41:57.814Z,208.2290,5942,SYNTH
2026-02-24 14:41:58.254Z,208.1821,8042,SYNTH
2026-02-24 14:41:59.834Z,208.2205,7875,SYNTH
2026-02-24 14:42:00.255Z,208.2851,4054,SYNTH
2026-02-24 14:42:01.140Z,208.2327,6054,SYNTH
2026-02-24 14:42:02.712Z,208.2592,6469,SYNTH
2026-02-24 14:42:03.212Z,208.2957,3115,SYNTH
2026-02-24 14:42:04.138Z,208.3072,3701,SYNTH
2026-02-24 14:42:05.773Z,208.2655,4043,SYNTH
2026-02-24 14:42:06.217Z,208.3041,4924,SYNTH
2026-02-24 14:42:07.624Z,208.3309,3962,SYNTH
2026-02-24 14:42:08.785Z,208.2701,4135,SYNTH
2026-02-24 14:42:09.853Z,208.3334,2504,SYNTH
2026-02-24 14:42:10.813Z,208.2994,5152,SYNTH
2026-02-24 14:42:11.023Z,208.3559,11545,SYNTH
2026-02-24 14:42:12.181Z,208.3044,9566,SYNTH
2026-02-24 14:42:13.787Z,208.3535,9483,SYNTH
2026-02-24 14:42:14.182Z,208.3042,3451,SYNTH
2026-02-24 14:42:15.059Z,208.2789,4875,SYNTH
2026-02-24 14:42:16.132Z,208.3587,8396,SYNTH
2026-02-24 14:42:17.525Z,208.3788,5522,SYNTH
2026-02-24 14:42:18.593Z,208.3238,6267,SYNTH
2026-02-24 14:42:19.537Z,208.3056,7580,SYNTH
2026-02-24 14:42:20.888Z,208.2475,3996,SYNTH
2026-02-24 14:42:21.734Z,208.2831,3350,SYNTH
2026-02-24 14:42:22.675Z,208.1862,4077,SYNTH
2026-02-24 14:42:23.306Z,208.1728,3633,SYNTH
2026-02-24 14:42:24.344Z,208.0103,1872,SYNTH
2026-02-24 14:42:25.526Z,208.0496,2485,SYNTH
2026-02-24 14:42:26.440Z,207.9521,2148,SYNTH
2026-02-24 14:42:27.529Z,207.8306,4199,SYNTH
2026-02-24 14:42:28.425Z,207.7603,4161,SYNTH
2026-02-24 14:42:29.341Z,207.7155,3187,SYNTH
2026-02-24 14:42:30.121Z,207.6505,2571,SYNTH
2026-02-24 14:42:31.255Z,207.5413,3686,SYNTH
2026-02-24 14:42:32.651Z,207.4596,3105,SYNTH
2026-02-24 14:42:33.402Z,207.4001,3070,SYNTH
2026-02-24 14:42:34.391Z,207.3666,3445,SYNTH
2026-02-24 14:42:35.134Z,207.2435,2341,SYNTH
2026-02-24 14:42:36.289Z,207.1903,2287,SYNTH
2026-02-24 14:42:37.572Z,207.2608,8080,SYNTH
2026-02-24 14:42:38.414Z,207.1690,8880,SYNTH
2026-02-24 14:42:39.020Z,207.2581,10421,SYNTH
2026-02-24 14:42:40.807Z,207.1612,7760,SYNTH
2026-02-24 14:42:41.028Z,207.2075,3442,SYNTH
2026-02-24 14:42:42.639Z,207.2790,3988,SYNTH
2026-02-24 14:42:43.128Z,207.3289,3477,SYNTH
2026-02-24 14:42:44.098Z,207.2563,4463,SYNTH
2026-02-24 14:42:45.805Z,207.2600,3554,SYNTH
2026-02-24 14:42:46.452Z,207.2469,3660,SYNTH
2026-02-24 14:42:47.468Z,207.2858,7337,SYNTH
2026-02-24 14:42:48.234Z,207.3285,2857,SYNTH
2026-02-24 14:42:49.777Z,207.3556,4887,SYNTH
2026-02-24 14:42:50.091Z,207.3832,3373,SYNTH
2026-02-24 14:42:51.624Z,207.3690,3867,SYNTH
2026-02-24 14:42:52.793Z,207.3511,5121,SYNTH
2026-02-24 14:42:53.527Z,207.4138,4359,SYNTH
2026-02-24 14:42:54.789Z,207.4498,5998,SYNTH
2026-02-24 14:42:55.828Z,207.3991,5257,SYNTH
2026-02-24 14:42:56.837Z,207.4948,6297,SYNTH
2026-02-24 14:42:57.828Z,207.4191,3707,SYNTH
2026-02-24 14:42:58.072Z,207.4567,3089,SYNTH
2026-02-24 14:42:59.072Z,207.4741,2911,SYNTH
2026-02-24 14:43:00.884Z,207.4721,6268,SYNTH
2026-02-24 14:43:01.281Z,207.4846,4549,SYNTH
2026-02-24 14:43:02.891Z,207.4843,8568,SYNTH
2026-02-24 14:43:03.780Z,207.5360,8470,SYNTH
2026-02-24 14:43:04.886Z,207.4853,9121,SYNTH
2026-02-24 14:43:05.461Z,207.4876,3774,SYNTH
2026-02-24 14:43:06.332Z,207.5848,7971,SYNTH
2026-02-24 14:43:07.106Z,207.5817,7572,SYNTH
2026-02-24 14:43:08.348Z,207.6070,4681,SYNTH
2026-02-24 14:43:09.335Z,207.6460,6402,SYNTH
2026-02-24 14:43:10.121Z,207.6185,4142,SYNTH
2026-02-24 14:43:11.498Z,207.6728,16132,SYNTH
2026-02-24 14:43:12.312Z,207.7303,15060,SYNTH
2026-02-24 14:43:13.717Z,207.7135,13810,SYNTH
2026-02-24 14:43:14.118Z,207.6501,7103,SYNTH
2026-02-24 14:43:15.523Z,207.6829,3253,SYNTH
2026-02-24 14:43:16.385Z,207.6485,5366,SYNTH
2026-02-24 14:43:17.239Z,207.5808,8931,SYNTH
2026-02-24 14:43:18.362Z,207.6414,11167,SYNTH
2026-02-24 14:43:19.188Z,207.5944,6835,SYNTH
2026-02-24 14:43:20.670Z,207.6459,3451,SYNTH
2026-02-24 14:43:21.380Z,207.5835,3550,SYNTH
2026-02-24 14:43:22.779Z,207.4303,6304,SYNTH
2026-02-24 14:43:23.342Z,207.4759,6249,SYNTH
2026-02-24 14:43:24.018Z,207.3231,2967,SYNTH
2026-02-24 14:43:25.510Z,207.2734,4442,SYNTH
2026-02-24 14:43:26.536Z,207.2385,2759,SYNTH
2026-02-24 14:43:27.166Z,207.1278,6214,SYNTH
2026-02-24 14:43:28.466Z,207.0555,3412,SYNTH
2026-02-24 14:43:29.419Z,206.9583,3877,SYNTH
2026-02-24 14:43:30.832Z,206.8896,4564,SYNTH
2026-02-24 14:43:31.171Z,206.7795,5944,SYNTH
2026-02-24 14:43:32.080Z,206.7508,4341,SYNTH
2026-02-24 14:43:33.518Z,206.6451,4701,SYNTH
2026-02-24 14:43:34.382Z,206.6523,5216,SYNTH
2026-02-24 14:43:35.288Z,206.5136,4801,SYNTH
2026-02-24 14:43:36.539Z,206.5679,2962,SYNTH
2026-02-24 14:43:37.338Z,206.4663,7271,SYNTH
2026-02-24 14:43:38.195Z,206.5284,12572,SYNTH
2026-02-24 14:43:39.894Z,206.4530,16052,SYNTH
2026-02-24 14:43:40.809Z,206.5622,7029,SYNTH
2026-02-24 14:43:41.441Z,206.6172,4103,SYNTH
2026-02-24 14:43:42.474Z,206.6621,3730,SYNTH
2026-02-24 14:43:43.770Z,206.6783,6488,SYNTH
2026-02-24 14:43:44.656Z,206.7546,4883,SYNTH
2026-02-24 14:43:45.766Z,206.7639,8684,SYNTH
2026-02-24 14:43:46.119Z,206.6809,7911,SYNTH
2026-02-24 14:43:47.614Z,206.7490,8975,SYNTH
2026-02-24 14:43:48.132Z,206.7658,6802,SYNTH
2026-02-24 14:43:49.802Z,206.8179,7221,SYNTH
2026-02-24 14:43:50.652Z,206.8350,4980,SYNTH
2026-02-24 14:43:51.019Z,206.8665,3411,SYNTH
2026-02-24 14:43:52.524Z,206.9377,8187,SYNTH
2026-02-24 14:43:53.398Z,207.0404,5677,SYNTH
2026-02-24 14:43:54.294Z,207.1361,8428,SYNTH
2026-02-24 14:43:55.308Z,207.1158,4502,SYNTH
2026-02-24 14:43:56.478Z,207.1899,4865,SYNTH
2026-02-24 14:43:57.264Z,207.2459,9113,SYNTH
2026-02-24 14:43:58.251Z,207.2740,8382,SYNTH
2026-02-24 14:43:59.405Z,207.2445,7183,SYNTH
2026-02-24 14:44:00.007Z,207.2151,5259,SYNTH
2026-02-24 14:44:01.368Z,207.2156,4667,SYNTH
2026-02-24 14:44:02.199Z,207.1596,6563,SYNTH
2026-02-24 14:44:03.427Z,207.1230,6991,SYNTH
2026-02-24 14:44:04.844Z,207.0644,5438,SYNTH
2026-02-24 14:44:05.308Z,206.9576,6747,SYNTH
2026-02-24 14:44:06.871Z,206.9136,5290,SYNTH
2026-02-24 14:44:07.818Z,206.8804,4861,SYNTH
2026-02-24 14:44:08.171Z,206.7605,5023,SYNTH
2026-02-24 14:44:09.730Z,206.7518,7027,SYNTH
2026-02-24 14:44:10.899Z,206.6730,7090,SYNTH
2026-02-24 14:44:11.473Z,206.6408,7445,SYNTH
2026-02-24 14:44:12.063Z,206.6746,14284,SYNTH
2026-02-24 14:44:13.498Z,206.6255,17636,SYNTH
2026-02-24 14:44:14.598Z,206.7707,4904,SYNTH
2026-02-24 14:44:15.150Z,206.7469,6270,SYNTH
2026-02-24 14:44:16.581Z,206.8605,7938,SYNTH
2026-02-24 14:44:17.686Z,206.8304,6315,SYNTH
2026-02-24 14:44:18.137Z,206.8812,9977,SYNTH
2026-02-24 14:44:19.689Z,206.9391,6692,SYNTH
2026-02-24 14:44:20.841Z,206.8464,4895,SYNTH
2026-02-24 14:44:21.370Z,206.9395,3649,SYNTH
2026-02-24 14:44:22.507Z,207.0142,5565,SYNTH
2026-02-24 14:44:23.476Z,207.0628,4557,SYNTH
2026-02-24 14:44:24.128Z,207.1461,4402,SYNTH
2026-02-24 14:44:25.516Z,207.0851,3628,SYNTH
2026-02-24 14:44:26.863Z,207.1722,4782,SYNTH
2026-02-24 14:44:27.806Z,207.2773,2527,SYNTH
2026-02-24 14:44:28.680Z,207.3280,2419,SYNTH
2026-02-24 14:44:29.697Z,207.4494,3842,SYNTH
2026-02-24 14:44:30.418Z,207.4737,2744,SYNTH
2026-02-24 14:44:31.470Z,207.5809,4153,SYNTH
2026-02-24 14:44:32.621Z,207.6725,2471,SYNTH
2026-02-24 14:44:33.768Z,207.6329,2515,SYNTH
2026-02-24 14:44:34.734Z,207.7491,3647,SYNTH
2026-02-24 14:44:35.649Z,207.6911,3586,SYNTH
2026-02-24 14:44:36.683Z,207.7922,4817,SYNTH
2026-02-24 14:44:37.682Z,207.8408,9290,SYNTH
2026-02-24 14:44:38.085Z,207.8168,7782,SYNTH
2026-02-24 14:44:39.380Z,207.8159,10124,SYNTH
2026-02-24 14:44:40.692Z,207.7898,9111,SYNTH
2026-02-24 14:44:41.864Z,207.7614,3166,SYNTH
2026-02-24 14:44:42.887Z,207.8468,4057,SYNTH
2026-02-24 14:44:43.018Z,207.7624,5482,SYNTH
2026-02-24 14:44:44.468Z,207.7113,6256,SYNTH
2026-02-24 14:44:45.742Z,207.7774,5297,SYNTH
2026-02-24 14:44:46.355Z,207.7359,6767,SYNTH
2026-02-24 14:44:47.360Z,207.7945,5469,SYNTH
2026-02-24 14:44:48.753Z,207.7363,4845,SYNTH
2026-02-24 14:44:49.166Z,207.7760,4807,SYNTH
2026-02-24 14:44:50.899Z,207.7062,7294,SYNTH
2026-02-24 14:44:51.531Z,207.6727,6731,SYNTH
2026-02-24 14:44:52.792Z,207.7038,3954,SYNTH
2026-02-24 14:44:53.125Z,207.7743,5573,SYNTH
2026-02-24 14:44:54.304Z,207.6850,8328,SYNTH
2026-02-24 14:44:55.594Z,207.7131,8402,SYNTH
2026-02-24 14:44:56.670Z,207.7698,5380,SYNTH
2026-02-24 14:44:57.103Z,207.7501,8941,SYNTH
2026-02-24 14:44:58.132Z,207.7187,4360,SYNTH
2026-02-24 14:44:59.658Z,207.6920,4116,SYNTH
2026-02-24 14:45:00.818Z,207.6043,13334,SYNTH
2026-02-24 14:45:01.690Z,207.6517,11609,SYNTH
2026-02-24 14:45:02.280Z,207.6238,9766,SYNTH
2026-02-24 14:45:03.663Z,207.5722,9894,SYNTH
2026-02-24 14:45:04.594Z,207.5120,8333,SYNTH
2026-02-24 14:45:05.623Z,207.4641,5074,SYNTH
2026-02-24 14:45:06.072Z,207.4789,4960,SYNTH
2026-02-24 14:45:07.703Z,207.4215,6278,SYNTH
2026-02-24 14:45:08.575Z,207.4010,8721,SYNTH
2026-02-24 14:45:09.167Z,207.4374,6166,SYNTH
2026-02-24 14:45:10.144Z,207.3799,4711,SYNTH
2026-02-24 14:45:11.589Z,207.3673,19385,SYNTH
2026-02-24 14:45:12.699Z,207.3623,16066,SYNTH
2026-02-24 14:45:13.159Z,207.3083,17336,SYNTH
2026-02-24 14:45:14.119Z,207.3677,7513,SYNTH
2026-02-24 14:45:15.560Z,207.4134,9059,SYNTH
2026-02-24 14:45:16.842Z,207.3709,12344,SYNTH
2026-02-24 14:45:17.402Z,207.3993,12224,SYNTH
2026-02-24 14:45:18.359Z,207.4632,14652,SYNTH
2026-02-24 14:45:19.361Z,207.3794,8127,SYNTH
2026-02-24 14:45:20.097Z,207.4371,8110,SYNTH
2026-02-24 14:45:21.116Z,207.5909,4174,SYNTH
2026-02-24 14:45:22.046Z,207.6505,4459,SYNTH
2026-02-24 14:45:23.216Z,207.7099,4254,SYNTH
2026-02-24 14:45:24.698Z,207.7760,6451,SYNTH
2026-02-24 14:45:25.747Z,207.8470,4819,SYNTH
2026-02-24 14:45:26.503Z,207.9426,4078,SYNTH
2026-02-24 14:45:27.053Z,208.0901,5997,SYNTH
2026-02-24 14:45:28.744Z,208.2053,7181,SYNTH
2026-02-24 14:45:29.631Z,208.3323,7881,SYNTH
2026-02-24 14:45:30.740Z,208.3837,3686,SYNTH
2026-02-24 14:45:31.585Z,208.5168,4915,SYNTH
2026-02-24 14:45:32.854Z,208.6113,6542,SYNTH
2026-02-24 14:45:33.242Z,208.6748,7512,SYNTH
2026-02-24 14:45:34.301Z,208.7746,4752,SYNTH
2026-02-24 14:45:35.047Z,208.9119,7069,SYNTH
2026-02-24 14:45:36.783Z,208.8701,6519,SYNTH
2026-02-24 14:45:37.306Z,208.9713,18790,SYNTH
2026-02-24 14:45:38.778Z,208.9895,21211,SYNTH
2026-02-24 14:45:39.692Z,208.9001,21670,SYNTH
2026-02-24 14:45:40.046Z,208.9318,13282,SYNTH
2026-02-24 14:45:41.827Z,208.8434,4264,SYNTH
2026-02-24 14:45:42.078Z,208.8349,6076,SYNTH
2026-02-24 14:45:43.497Z,208.7798,4890,SYNTH
2026-02-24 14:45:44.644Z,208.8376,6358,SYNTH
2026-02-24 14:45:45.557Z,208.7269,11123,SYNTH
2026-02-24 14:45:46.756Z,208.7200,11526,SYNTH
2026-02-24 14:45:47.319Z,208.6697,14188,SYNTH
2026-02-24 14:45:48.152Z,208.7334,6461,SYNTH
2026-02-24 14:45:49.065Z,208.6904,7774,SYNTH
2026-02-24 14:45:50.367Z,208.6240,10600,SYNTH
2026-02-24 14:45:51.169Z,208.7079,6909,SYNTH
2026-02-24 14:45:52.344Z,208.5840,6689,SYNTH
2026-02-24 14:45:53.576Z,208.6324,10988,SYNTH
2026-02-24 14:45:54.454Z,208.5365,6241,SYNTH
2026-02-24 14:45:55.818Z,208.5065,11190,SYNTH
2026-02-24 14:45:56.888Z,208.5399,9673,SYNTH
2026-02-24 14:45:57.557Z,208.4236,8601,SYNTH
2026-02-24 14:45:58.607Z,208.4066,5797,SYNTH
2026-02-24 14:45:59.681Z,208.4552,6992,SYNTH
2026-02-24 14:46:00.343Z,208.4624,4023,SYNTH
2026-02-24 14:46:01.186Z,208.4406,5973,SYNTH
2026-02-24 14:46:02.660Z,208.4306,5611,SYNTH
2026-02-24 14:46:03.857Z,208.5171,4958,SYNTH
2026-02-24 14:46:04.596Z,208.5780,4760,SYNTH
2026-02-24 14:46:05.304Z,208.5980,2442,SYNTH
2026-02-24 14:46:06.179Z,208.6517,2934,SYNTH
2026-02-24 14:46:07.853Z,208.7512,3084,SYNTH
2026-02-24 14:46:08.242Z,208.8036,5018,SYNTH
2026-02-24 14:46:09.679Z,208.8393,3747,SYNTH
2026-02-24 14:46:10.065Z,208.8919,2218,SYNTH
2026-02-24 14:46:11.511Z,208.8552,9078,SYNTH
2026-02-24 14:46:12.437Z,208.9511,8929,SYNTH
2026-02-24 14:46:13.413Z,208.9485,9582,SYNTH
2026-02-24 14:46:14.561Z,208.8435,2460,SYNTH
2026-02-24 14:46:15.583Z,208.8619,1999,SYNTH
2026-02-24 14:46:16.136Z,208.7882,4863,SYNTH
2026-02-24 14:46:17.567Z,208.7852,3797,SYNTH
2026-02-24 14:46:18.515Z,208.7692,5718,SYNTH
2026-02-24 14:46:19.885Z,208.7650,6142,SYNTH
2026-02-24 14:46:20.722Z,208.6762,2773,SYNTH
2026-02-24 14:46:21.376Z,208.6685,3261,SYNTH
2026-02-24 14:46:22.411Z,208.6021,3165,SYNTH
2026-02-24 14:46:23.047Z,208.5242,3623,SYNTH
2026-02-24 14:46:24.009Z,208.4402,1692,SYNTH
2026-02-24 14:46:25.447Z,208.3519,2223,SYNTH
2026-02-24 14:46:26.859Z,208.3018,3198,SYNTH
2026-02-24 14:46:27.138Z,208.1423,3489,SYNTH
2026-02-24 14:46:28.516Z,208.0933,1889,SYNTH
2026-02-24 14:46:29.153Z,208.0216,3877,SYNTH
2026-02-24 14:46:30.047Z,207.9146,3797,SYNTH
2026-02-24 14:46:31.012Z,207.7990,3613,SYNTH
2026-02-24 14:46:32.231Z,207.7631,3577,SYNTH
2026-02-24 14:46:33.596Z,207.6557,1571,SYNTH
2026-02-24 14:46:34.327Z,207.6277,2852,SYNTH
2026-02-24 14:46:35.478Z,207.5584,2862,SYNTH
2026-02-24 14:46:36.032Z,207.5037,2435,SYNTH
2026-02-24 14:46:37.073Z,207.5316,7466,SYNTH
2026-02-24 14:46:38.816Z,207.3986,8460,SYNTH
2026-02-24 14:46:39.051Z,207.5128,8533,SYNTH
2026-02-24 14:46:40.155Z,207.4601,6514,SYNTH
2026-02-24 14:46:41.681Z,207.4792,2970,SYNTH
2026-02-24 14:46:42.431Z,207.5210,4284,SYNTH
2026-02-24 14:46:43.671Z,207.5561,4044,SYNTH
2026-02-24 14:46:44.466Z,207.6174,3376,SYNTH
2026-02-24 14:46:45.573Z,207.6237,2731,SYNTH
2026-02-24 14:46:46.062Z,207.6565,5309,SYNTH
2026-02-24 14:46:47.615Z,207.6852,6555,SYNTH
2026-02-24 14:46:48.608Z,207.6110,4161,SYNTH
2026-02-24 14:46:49.115Z,207.6687,2467,SYNTH
2026-02-24 14:46:50.212Z,207.6754,3670,SYNTH
2026-02-24 14:46:51.798Z,207.6519,3965,SYNTH
2026-02-24 14:46:52.161Z,207.7270,2597,SYNTH
2026-02-24 14:46:53.071Z,207.6826,3479,SYNTH
2026-02-24 14:46:54.836Z,207.7419,4597,SYNTH
2026-02-24 14:46:55.593Z,207.8432,4778,SYNTH
2026-02-24 14:46:56.352Z,207.8292,3471,SYNTH
2026-02-24 14:46:57.467Z,207.8525,2622,SYNTH
2026-02-24 14:46:58.764Z,207.7811,5054,SYNTH
2026-02-24 14:46:59.034Z,207.8362,4241,SYNTH
2026-02-24 14:47:00.015Z,207.8191,7753,SYNTH
2026-02-24 14:47:01.256Z,207.7396,4199,SYNTH
2026-02-24 14:47:02.083Z,207.7380,7176,SYNTH
2026-02-24 14:47:03.498Z,207.6830,4050,SYNTH
2026-02-24 14:47:04.238Z,207.6448,7856,SYNTH
2026-02-24 14:47:05.091Z,207.6033,5815,SYNTH
2026-02-24 14:47:06.010Z,207.5663,6345,SYNTH
2026-02-24 14:47:07.243Z,207.4963,6241,SYNTH
2026-02-24 14:47:08.692Z,207.5025,5217,SYNTH
2026-02-24 14:47:09.569Z,207.4107,4858,SYNTH
2026-02-24 14:47:10.311Z,207.4209,4175,SYNTH
2026-02-24 14:47:11.247Z,207.3908,11152,SYNTH
2026-02-24 14:47:12.468Z,207.3306,13118,SYNTH
2026-02-24 14:47:13.367Z,207.2985,8081,SYNTH
2026-02-24 14:47:14.431Z,207.4533,2907,SYNTH
2026-02-24 14:47:15.870Z,207.5016,5248,SYNTH
2026-02-24 14:47:16.867Z,207.4244,8984,SYNTH
2026-02-24 14:47:17.794Z,207.5460,9467,SYNTH
2026-02-24 14:47:18.675Z,207.4972,7343,SYNTH
2026-02-24 14:47:19.824Z,207.5865,9885,SYNTH
2026-02-24 14:47:20.652Z,207.6241,3195,SYNTH
2026-02-24 14:47:21.752Z,207.5900,5477,SYNTH
2026-02-24 14:47:22.678Z,207.6894,3557,SYNTH
2026-02-24 14:47:23.326Z,207.8415,5280,SYNTH
2026-02-24 14:47:24.406Z,207.9756,5087,SYNTH
2026-02-24 14:47:25.821Z,208.0511,4539,SYNTH
2026-02-24 14:47:26.672Z,208.1818,4089,SYNTH
2026-02-24 14:47:27.762Z,208.3000,3812,SYNTH
2026-02-24 14:47:28.638Z,208.4773,2647,SYNTH
2026-02-24 14:47:29.427Z,208.6109,3073,SYNTH
2026-02-24 14:47:30.840Z,208.7114,3919,SYNTH
2026-02-24 14:47:31.692Z,208.8297,2323,SYNTH
2026-02-24 14:47:32.549Z,208.9244,4036,SYNTH
2026-02-24 14:47:33.533Z,209.0904,4150,SYNTH
2026-02-24 14:47:34.854Z,209.1754,4365,SYNTH
2026-02-24 14:47:35.402Z,209.2584,5184,SYNTH
2026-02-24 14:47:36.656Z,209.3293,4388,SYNTH
2026-02-24 14:47:37.542Z,209.3826,10739,SYNTH
2026-02-24 14:47:38.499Z,209.3411,10407,SYNTH
2026-02-24 14:47:39.573Z,209.3478,13330,SYNTH
2026-02-24 14:47:40.198Z,209.3947,10883,SYNTH
2026-02-24 14:47:41.626Z,209.2694,4967,SYNTH
2026-02-24 14:47:42.800Z,209.2684,3680,SYNTH
2026-02-24 14:47:43.704Z,209.1887,5180,SYNTH
2026-02-24 14:47:44.245Z,209.1346,5268,SYNTH
2026-02-24 14:47:45.817Z,209.0797,7976,SYNTH
2026-02-24 14:47:46.427Z,209.1156,6338,SYNTH
2026-02-24 14:47:47.301Z,209.1635,8992,SYNTH
2026-02-24 14:47:48.032Z,209.0544,5931,SYNTH
2026-02-24 14:47:49.837Z,209.1413,3053,SYNTH
2026-02-24 14:47:50.638Z,209.0184,6189,SYNTH
2026-02-24 14:47:51.111Z,209.1058,4704,SYNTH
2026-02-24 14:47:52.326Z,209.0435,4225,SYNTH
2026-02-24 14:47:53.582Z,209.0124,5410,SYNTH
2026-02-24 14:47:54.549Z,208.9800,5893,SYNTH
2026-02-24 14:47:55.696Z,208.9164,7821,SYNTH
2026-02-24 14:47:56.542Z,208.8624,7477,SYNTH
2026-02-24 14:47:57.098Z,208.9300,8150,SYNTH
2026-02-24 14:47:58.194Z,208.8589,5486,SYNTH
2026-02-24 14:47:59.128Z,208.9068,5209,SYNTH
2026-02-24 14:48:00.038Z,208.8848,6737,SYNTH
2026-02-24 14:48:01.371Z,208.8651,2842,SYNTH
2026-02-24 14:48:02.639Z,208.8110,3298,SYNTH
2026-02-24 14:48:03.492Z,208.6930,4929,SYNTH
2026-02-24 14:48:04.805Z,208.6839,2845,SYNTH
2026-02-24 14:48:05.470Z,208.5807,3934,SYNTH
2026-02-24 14:48:06.674Z,208.4736,4099,SYNTH
2026-02-24 14:48:07.536Z,208.3442,4248,SYNTH
2026-02-24 14:48:08.734Z,208.3670,5526,SYNTH
2026-02-24 14:48:09.383Z,208.2384,2870,SYNTH
2026-02-24 14:48:10.223Z,208.1408,2833,SYNTH
2026-02-24 14:48:11.298Z,208.1829,10693,SYNTH
2026-02-24 14:48:12.179Z,208.0558,10250,SYNTH
2026-02-24 14:48:13.548Z,208.1975,6449,SYNTH
2026-02-24 14:48:14.188Z,208.1390,2307,SYNTH
2026-02-24 14:48:15.054Z,208.2375,2398,SYNTH
2026-02-24 14:48:16.467Z,208.2992,6343,SYNTH
2026-02-24 14:48:17.259Z,208.2306,8063,SYNTH
2026-02-24 14:48:18.292Z,208.2559,4859,SYNTH
2026-02-24 14:48:19.398Z,208.2700,8617,SYNTH
2026-02-24 14:48:20.762Z,208.3466,2705,SYNTH
2026-02-24 14:48:21.124Z,208.4243,2331,SYNTH
2026-02-24 14:48:22.165Z,208.3891,3678,SYNTH
2026-02-24 14:48:23.361Z,208.5292,4219,SYNTH
2026-02-24 14:48:24.836Z,208.6112,3450,SYNTH
2026-02-24 14:48:25.430Z,208.6358,4583,SYNTH
2026-02-24 14:48:26.059Z,208.7454,2690,SYNTH
2026-02-24 14:48:27.471Z,208.8256,3223,SYNTH
2026-02-24 14:48:28.224Z,208.9529,2110,SYNTH
2026-02-24 14:48:29.689Z,208.9903,3391,SYNTH
2026-02-24 14:48:30.391Z,209.0857,4288,SYNTH
2026-02-24 14:48:31.533Z,209.1146,3848,SYNTH
2026-02-24 14:48:32.647Z,209.2219,2331,SYNTH
2026-02-24 14:48:33.830Z,209.3163,2689,SYNTH
2026-02-24 14:48:34.892Z,209.3252,2096,SYNTH
2026-02-24 14:48:35.323Z,209.3896,2180,SYNTH
2026-02-24 14:48:36.182Z,209.4714,2966,SYNTH
2026-02-24 14:48:37.744Z,209.4785,11369,SYNTH
2026-02-24 14:48:38.292Z,209.5010,7880,SYNTH
2026-02-24 14:48:39.780Z,209.5609,5738,SYNTH
2026-02-24 14:48:40.166Z,209.4488,8599,SYNTH
2026-02-24 14:48:41.878Z,209.4920,4123,SYNTH
2026-02-24 14:48:42.490Z,209.4468,4020,SYNTH
2026-02-24 14:48:43.446Z,209.4243,4270,SYNTH
2026-02-24 14:48:44.886Z,209.4108,5102,SYNTH
2026-02-24 14:48:45.621Z,209.4756,4293,SYNTH
2026-02-24 14:48:46.853Z,209.3717,3711,SYNTH
2026-02-24 14:48:47.216Z,209.4209,6273,SYNTH
2026-02-24 14:48:48.355Z,209.4275,5174,SYNTH
2026-02-24 14:48:49.738Z,209.3101,3432,SYNTH
2026-02-24 14:48:50.520Z,209.3649,5736,SYNTH
2026-02-24 14:48:51.674Z,209.2760,3777,SYNTH
2026-02-24 14:48:52.710Z,209.2448,4399,SYNTH
2026-02-24 14:48:53.601Z,209.2058,3033,SYNTH
2026-02-24 14:48:54.279Z,209.1185,5985,SYNTH
2026-02-24 14:48:55.703Z,209.0706,5510,SYNTH
2026-02-24 14:48:56.714Z,209.0002,4182,SYNTH
2026-02-24 14:48:57.629Z,209.0623,3963,SYNTH
2026-02-24 14:48:58.480Z,208.9537,6986,SYNTH
2026-02-24 14:48:59.423Z,209.0007,3170,SYNTH
2026-02-24 14:49:00.036Z,209.0133,3433,SYNTH
2026-02-24 14:49:01.234Z,209.0427,5227,SYNTH
2026-02-24 14:49:02.740Z,209.0601,5882,SYNTH
2026-02-24 14:49:03.053Z,209.1146,3930,SYNTH
2026-02-24 14:49:04.803Z,209.1384,3871,SYNTH
2026-02-24 14:49:05.033Z,209.2106,4926,SYNTH
2026-02-24 14:49:06.433Z,209.2710,3691,SYNTH
2026-02-24 14:49:07.516Z,209.4270,3005,SYNTH
2026-02-24 14:49:08.120Z,209.4402,4763,SYNTH
2026-02-24 14:49:09.778Z,209.5575,2858,SYNTH
2026-02-24 14:49:10.211Z,209.5676,4233,SYNTH
2026-02-24 14:49:11.700Z,209.5229,8567,SYNTH
2026-02-24 14:49:12.811Z,209.6142,8646,SYNTH
2026-02-24 14:49:13.105Z,209.5606,8682,SYNTH
2026-02-24 14:49:14.555Z,209.4907,2982,SYNTH
2026-02-24 14:49:15.499Z,209.5186,3106,SYNTH
2026-02-24 14:49:16.537Z,209.3778,5950,SYNTH
2026-02-24 14:49:17.073Z,209.3266,7818,SYNTH
2026-02-24 14:49:18.174Z,209.3797,6219,SYNTH
2026-02-24 14:49:19.577Z,209.3008,6799,SYNTH
2026-02-24 14:49:20.617Z,209.3977,2000,SYNTH
2026-02-24 14:49:21.279Z,209.2296,2601,SYNTH
2026-02-24 14:49:22.255Z,209.2710,2052,SYNTH
2026-02-24 14:49:23.347Z,209.2043,4216,SYNTH
2026-02-24 14:49:24.546Z,209.1013,2849,SYNTH
2026-02-24 14:49:25.270Z,209.0227,3868,SYNTH
2026-02-24 14:49:26.608Z,208.9790,3413,SYNTH
2026-02-24 14:49:27.857Z,208.8532,3508,SYNTH
2026-02-24 14:49:28.023Z,208.8332,3224,SYNTH
2026-02-24 14:49:29.871Z,208.7483,3609,SYNTH
2026-02-24 14:49:30.608Z,208.6106,1815,SYNTH
2026-02-24 14:49:31.254Z,208.5651,2715,SYNTH
2026-02-24 14:49:32.581Z,208.4770,3236,SYNTH
2026-02-24 14:49:33.770Z,208.3763,3742,SYNTH
2026-02-24 14:49:34.746Z,208.3539,3770,SYNTH
2026-02-24 14:49:35.545Z,208.2474,1776,SYNTH
2026-02-24 14:49:36.880Z,208.2038,3241,SYNTH
2026-02-24 14:49:37.580Z,208.2711,5188,SYNTH
2026-02-24 14:49:38.856Z,208.2253,6460,SYNTH
2026-02-24 14:49:39.565Z,208.1636,6893,SYNTH
2026-02-24 14:49:40.554Z,208.2755,6014,SYNTH
2026-02-24 14:49:41.344Z,208.2320,1896,SYNTH
2026-02-24 14:49:42.547Z,208.2901,3751,SYNTH
2026-02-24 14:49:43.431Z,208.3334,4556,SYNTH
2026-02-24 14:49:44.486Z,208.2650,2686,SYNTH
2026-02-24 14:49:45.824Z,208.3431,6969,SYNTH
2026-02-24 14:49:46.496Z,208.2894,7268,SYNTH
2026-02-24 14:49:47.675Z,208.3445,4975,SYNTH
2026-02-24 14:49:48.740Z,208.2838,3444,SYNTH
2026-02-24 14:49:49.477Z,208.3912,2592,SYNTH
2026-02-24 14:49:50.656Z,208.3270,2898,SYNTH
2026-02-24 14:49:51.563Z,208.3607,2272,SYNTH
2026-02-24 14:49:52.590Z,208.4053,2465,SYNTH
2026-02-24 14:49:53.320Z,208.3860,3343,SYNTH
2026-02-24 14:49:54.047Z,208.3661,4567,SYNTH
2026-02-24 14:49:55.730Z,208.3910,5465,SYNTH
2026-02-24 14:49:56.554Z,208.4201,4478,SYNTH
2026-02-24 14:49:57.556Z,208.3785,5894,SYNTH
2026-02-24 14:49:58.302Z,208.3054,6181,SYNTH
2026-02-24 14:49:59.212Z,208.3851,4740,SYNTH
2026-02-24 14:50:00.818Z,208.3232,4342,SYNTH
2026-02-24 14:50:01.888Z,208.2949,5160,SYNTH
2026-02-24 14:50:02.158Z,208.2935,4561,SYNTH
2026-02-24 14:50:03.197Z,208.3736,7836,SYNTH
2026-02-24 14:50:04.705Z,208.3808,4206,SYNTH
2026-02-24 14:50:05.230Z,208.3428,6623,SYNTH
2026-02-24 14:50:06.670Z,208.4156,7504,SYNTH
2026-02-24 14:50:07.843Z,208.3117,3546,SYNTH
2026-02-24 14:50:08.296Z,208.3550,6994,SYNTH
2026-02-24 14:50:09.357Z,208.4372,3284,SYNTH
2026-02-24 14:50:10.689Z,208.4150,4211,SYNTH
2026-02-24 14:50:11.780Z,208.4552,14745,SYNTH
2026-02-24 14:50:12.243Z,208.3815,18076,SYNTH
2026-02-24 14:50:13.336Z,208.3584,16228,SYNTH
2026-02-24 14:50:14.381Z,208.4173,4342,SYNTH
2026-02-24 14:50:15.272Z,208.3694,5606,SYNTH
2026-02-24 14:50:16.388Z,208.3476,7256,SYNTH
2026-02-24 14:50:17.132Z,208.4314,5863,SYNTH
2026-02-24 14:50:18.734Z,208.3589,7608,SYNTH
2026-02-24 14:50:19.682Z,208.3755,11418,SYNTH
2026-02-24 14:50:20.180Z,208.2896,5435,SYNTH
2026-02-24 14:50:21.346Z,208.2724,5242,SYNTH
2026-02-24 14:50:22.047Z,208.2061,2953,SYNTH
2026-02-24 14:50:23.040Z,208.0980,4279,SYNTH
2026-02-24 14:50:24.015Z,207.9798,5476,SYNTH
2026-02-24 14:50:25.289Z,207.8996,5422,SYNTH
2026-02-24 14:50:26.575Z,207.8094,5061,SYNTH
2026-02-24 14:50:27.344Z,207.7281,4186,SYNTH
2026-02-24 14:50:28.595Z,207.6294,3708,SYNTH
2026-02-24 14:50:29.133Z,207.4742,5881,SYNTH
2026-02-24 14:50:30.178Z,207.3879,5641,SYNTH
2026-02-24 14:50:31.312Z,207.2201,3390,SYNTH
2026-02-24 14:50:32.148Z,207.1031,5868,SYNTH
2026-02-24 14:50:33.045Z,207.0277,4086,SYNTH
2026-02-24 14:50:34.620Z,206.9690,3949,SYNTH
2026-02-24 14:50:35.096Z,206.9179,5777,SYNTH
2026-02-24 14:50:36.040Z,206.8126,4371,SYNTH
2026-02-24 14:50:37.538Z,206.8504,11566,SYNTH
2026-02-24 14:50:38.583Z,206.8556,9789,SYNTH
2026-02-24 14:50:39.694Z,206.7893,9821,SYNTH
2026-02-24 14:50:40.807Z,206.7665,9381,SYNTH
2026-02-24 14:50:41.213Z,206.8803,4700,SYNTH
2026-02-24 14:50:42.033Z,206.8845,3028,SYNTH
2026-02-24 14:50:43.367Z,206.9240,5150,SYNTH
2026-02-24 14:50:44.621Z,207.0150,3758,SYNTH
2026-02-24 14:50:45.135Z,206.9244,4535,SYNTH
2026-02-24 14:50:46.551Z,207.0157,4385,SYNTH
2026-02-24 14:50:47.451Z,207.0389,8834,SYNTH
2026-02-24 14:50:48.064Z,207.0176,4138,SYNTH
2026-02-24 14:50:49.016Z,207.0337,4602,SYNTH
2026-02-24 14:50:50.389Z,207.0905,3923,SYNTH
2026-02-24 14:50:51.543Z,207.1366,6194,SYNTH
2026-02-24 14:50:52.331Z,207.0978,5976,SYNTH
2026-02-24 14:50:53.120Z,207.1663,7364,SYNTH
2026-02-24 14:50:54.532Z,207.2547,7267,SYNTH
2026-02-24 14:50:55.597Z,207.2000,5580,SYNTH
2026-02-24 14:50:56.793Z,207.2806,4331,SYNTH
2026-02-24 14:50:57.380Z,207.3107,7564,SYNTH
2026-02-24 14:50:58.321Z,207.2950,9435,SYNTH
2026-02-24 14:50:59.645Z,207.2731,5903,SYNTH
2026-02-24 14:51:00.457Z,207.3715,6748,SYNTH
2026-02-24 14:51:01.723Z,207.3404,5173,SYNTH
2026-02-24 14:51:02.180Z,207.3871,6534,SYNTH
2026-02-24 14:51:03.761Z,207.3669,7032,SYNTH
2026-02-24 14:51:04.862Z,207.3607,4522,SYNTH
2026-02-24 14:51:05.880Z,207.3061,3186,SYNTH
2026-02-24 14:51:06.646Z,207.3425,5150,SYNTH
2026-02-24 14:51:07.635Z,207.2458,4361,SYNTH
2026-02-24 14:51:08.074Z,207.3181,5621,SYNTH
2026-02-24 14:51:09.143Z,207.2532,5209,SYNTH
2026-02-24 14:51:10.818Z,207.2368,5449,SYNTH
2026-02-24 14:51:11.462Z,207.2011,12254,SYNTH
2026-02-24 14:51:12.679Z,207.2368,14870,SYNTH
2026-02-24 14:51:13.051Z,207.3105,6983,SYNTH
2026-02-24 14:51:14.420Z,207.3183,5708,SYNTH
2026-02-24 14:51:15.273Z,207.2617,4600,SYNTH
2026-02-24 14:51:16.659Z,207.3120,4869,SYNTH
2026-02-24 14:51:17.605Z,207.3149,9658,SYNTH
2026-02-24 14:51:18.101Z,207.3641,8565,SYNTH
2026-02-24 14:51:19.091Z,207.2845,7901,SYNTH
2026-02-24 14:51:20.763Z,207.4369,2273,SYNTH
2026-02-24 14:51:21.442Z,207.4796,3871,SYNTH
2026-02-24 14:51:22.107Z,207.6106,3081,SYNTH
2026-02-24 14:51:23.003Z,207.6520,3438,SYNTH
2026-02-24 14:51:24.856Z,207.8522,3514,SYNTH
2026-02-24 14:51:25.782Z,208.0027,2156,SYNTH
2026-02-24 14:51:26.563Z,208.1590,3775,SYNTH
2026-02-24 14:51:27.561Z,208.2879,4615,SYNTH
2026-02-24 14:51:28.473Z,208.4618,3801,SYNTH
2026-02-24 14:51:29.026Z,208.6944,2937,SYNTH
2026-02-24 14:51:30.625Z,208.7765,3816,SYNTH
2026-02-24 14:51:31.044Z,208.9687,4917,SYNTH
2026-02-24 14:51:32.109Z,209.1401,2036,SYNTH
2026-02-24 14:51:33.279Z,209.3134,3664,SYNTH
2026-02-24 14:51:34.541Z,209.3515,2462,SYNTH
2026-02-24 14:51:35.865Z,209.4644,4642,SYNTH
2026-02-24 14:51:36.333Z,209.6067,3508,SYNTH
2026-02-24 14:51:37.648Z,209.5729,10132,SYNTH
2026-02-24 14:51:38.708Z,209.6836,9772,SYNTH
2026-02-24 14:51:39.185Z,209.7081,6699,SYNTH
2026-02-24 14:51:40.212Z,209.6103,8851,SYNTH
2026-02-24 14:51:41.300Z,209.5600,2842,SYNTH
2026-02-24 14:51:42.671Z,209.5567,3194,SYNTH
2026-02-24 14:51:43.430Z,209.5833,3102,SYNTH
2026-02-24 14:51:44.110Z,209.4605,2865,SYNTH
2026-02-24 14:51:45.670Z,209.5337,7358,SYNTH
2026-02-24 14:51:46.688Z,209.4463,4010,SYNTH
2026-02-24 14:51:47.526Z,209.3929,6832,SYNTH
2026-02-24 14:51:48.141Z,209.5094,5224,SYNTH
2026-02-24 14:51:49.383Z,209.4889,4663,SYNTH
2026-02-24 14:51:50.003Z,209.4188,5202,SYNTH
2026-02-24 14:51:51.219Z,209.3712,5119,SYNTH
2026-02-24 14:51:52.838Z,209.4613,6421,SYNTH
2026-02-24 14:51:53.436Z,209.4413,4228,SYNTH
2026-02-24 14:51:54.783Z,209.3785,3231,SYNTH
2026-02-24 14:51:55.134Z,209.4532,3692,SYNTH
2026-02-24 14:51:56.589Z,209.4120,3517,SYNTH
2026-02-24 14:51:57.573Z,209.4408,4523,SYNTH
2026-02-24 14:51:58.422Z,209.3430,5172,SYNTH
2026-02-24 14:51:59.371Z,209.4070,4824,SYNTH
2026-02-24 14:52:00.420Z,209.3982,12877,SYNTH
2026-02-24 14:52:01.252Z,209.3247,12314,SYNTH
2026-02-24 14:52:02.180Z,209.3146,5194,SYNTH
2026-02-24 14:52:03.371Z,209.4039,8352,SYNTH
2026-02-24 14:52:04.870Z,209.3320,5808,SYNTH
2026-02-24 14:52:05.705Z,209.2602,9734,SYNTH
2026-02-24 14:52:06.185Z,209.2094,5586,SYNTH
2026-02-24 14:52:07.233Z,209.2391,6644,SYNTH
2026-02-24 14:52:08.328Z,209.2403,7517,SYNTH
2026-02-24 14:52:09.139Z,209.1239,5110,SYNTH
2026-02-24 14:52:10.852Z,209.1761,6088,SYNTH
2026-02-24 14:52:11.543Z,209.1250,14395,SYNTH
2026-02-24 14:52:12.001Z,209.1637,12001,SYNTH
2026-02-24 14:52:13.263Z,209.1901,13911,SYNTH
2026-02-24 14:52:14.061Z,209.2101,5932,SYNTH
2026-02-24 14:52:15.231Z,209.1263,4948,SYNTH
2026-02-24 14:52:16.217Z,209.1698,10583,SYNTH
2026-02-24 14:52:17.207Z,209.2496,7758,SYNTH
2026-02-24 14:52:18.812Z,209.2143,7970,SYNTH
2026-02-24 14:52:19.380Z,209.2461,9247,SYNTH
2026-02-24 14:52:20.103Z,209.1965,8619,SYNTH
2026-02-24 14:52:21.473Z,209.2795,6889,SYNTH
2026-02-24 14:52:22.266Z,209.3360,6806,SYNTH
2026-02-24 14:52:23.567Z,209.3535,8116,SYNTH
2026-02-24 14:52:24.672Z,209.5003,5390,SYNTH
2026-02-24 14:52:25.690Z,209.5702,7866,SYNTH
2026-02-24 14:52:26.740Z,209.5827,4607,SYNTH
2026-02-24 14:52:27.560Z,209.6431,7922,SYNTH
2026-02-24 14:52:28.086Z,209.7570,3879,SYNTH
2026-02-24 14:52:29.214Z,209.8093,3840,SYNTH
2026-02-24 14:52:30.792Z,209.9676,4420,SYNTH
2026-02-24 14:52:31.384Z,210.0393,3438,SYNTH
2026-02-24 14:52:32.838Z,210.0386,3443,SYNTH
2026-02-24 14:52:33.765Z,210.0970,7882,SYNTH
2026-02-24 14:52:34.153Z,210.1629,5574,SYNTH
2026-02-24 14:52:35.662Z,210.2607,5786,SYNTH
2026-02-24 14:52:36.082Z,210.3075,3425,SYNTH
2026-02-24 14:52:37.242Z,210.2296,17694,SYNTH
2026-02-24 14:52:38.205Z,210.3503,11523,SYNTH
2026-02-24 14:52:39.426Z,210.2693,12878,SYNTH
2026-02-24 14:52:40.694Z,210.2597,15331,SYNTH
2026-02-24 14:52:41.348Z,210.2212,6620,SYNTH
2026-02-24 14:52:42.205Z,210.2108,5337,SYNTH
2026-02-24 14:52:43.164Z,210.2164,5731,SYNTH
2026-02-24 14:52:44.693Z,210.1463,4855,SYNTH
2026-02-24 14:52:45.779Z,210.2336,11091,SYNTH
2026-02-24 14:52:46.304Z,210.2504,14113,SYNTH
2026-02-24 14:52:47.068Z,210.2227,9527,SYNTH
2026-02-24 14:52:48.613Z,210.1855,4435,SYNTH
2026-02-24 14:52:49.341Z,210.2122,10096,SYNTH
2026-02-24 14:52:50.825Z,210.2517,9593,SYNTH
2026-02-24 14:52:51.403Z,210.1469,7242,SYNTH
2026-02-24 14:52:52.217Z,210.2423,9451,SYNTH
2026-02-24 14:52:53.586Z,210.1978,9482,SYNTH
2026-02-24 14:52:54.267Z,210.1675,11424,SYNTH
2026-02-24 14:52:55.204Z,210.2064,6936,SYNTH
2026-02-24 14:52:56.818Z,210.2511,6894,SYNTH
2026-02-24 14:52:57.818Z,210.2739,5760,SYNTH
2026-02-24 14:52:58.413Z,210.1683,5695,SYNTH
2026-02-24 14:52:59.777Z,210.2439,7218,SYNTH
2026-02-24 14:53:00.400Z,210.2144,5445,SYNTH
2026-02-24 14:53:01.667Z,210.1491,8631,SYNTH
2026-02-24 14:53:02.551Z,210.1766,8626,SYNTH
2026-02-24 14:53:03.849Z,210.1242,5041,SYNTH
2026-02-24 14:53:04.371Z,210.1802,3576,SYNTH
2026-02-24 14:53:05.383Z,210.1001,3512,SYNTH
2026-02-24 14:53:06.433Z,210.0009,5316,SYNTH
2026-02-24 14:53:07.072Z,209.9404,6624,SYNTH
2026-02-24 14:53:08.803Z,209.9636,5303,SYNTH
2026-02-24 14:53:09.560Z,209.9052,5003,SYNTH
2026-02-24 14:53:10.668Z,209.8543,5701,SYNTH
2026-02-24 14:53:11.459Z,209.8606,8706,SYNTH
2026-02-24 14:53:12.335Z,209.8291,15548,SYNTH
2026-02-24 14:53:13.276Z,209.8333,7736,SYNTH
2026-02-24 14:53:14.882Z,209.9277,3011,SYNTH
2026-02-24 14:53:15.057Z,209.9850,6389,SYNTH
2026-02-24 14:53:16.755Z,210.0013,10505,SYNTH
2026-02-24 14:53:17.035Z,209.9911,5523,SYNTH
2026-02-24 14:53:18.788Z,210.0275,10396,SYNTH
2026-02-24 14:53:19.025Z,209.9416,9334,SYNTH
2026-02-24 14:53:20.546Z,209.9863,3062,SYNTH
2026-02-24 14:53:21.378Z,210.0206,3173,SYNTH
2026-02-24 14:53:22.635Z,210.0146,2903,SYNTH
2026-02-24 14:53:23.573Z,210.1443,5751,SYNTH
2026-02-24 14:53:24.569Z,210.2116,4134,SYNTH
2026-02-24 14:53:25.834Z,210.1554,4206,SYNTH
2026-02-24 14:53:26.124Z,210.2580,4447,SYNTH
2026-02-24 14:53:27.069Z,210.2961,4901,SYNTH
2026-02-24 14:53:28.334Z,210.3265,4029,SYNTH
2026-02-24 14:53:29.664Z,210.4062,4743,SYNTH
2026-02-24 14:53:30.348Z,210.4787,3120,SYNTH
2026-02-24 14:53:31.151Z,210.5264,5422,SYNTH
2026-02-24 14:53:32.821Z,210.5458,3807,SYNTH
2026-02-24 14:53:33.836Z,210.6465,2492,SYNTH
2026-02-24 14:53:34.147Z,210.6968,4265,SYNTH
2026-02-24 14:53:35.004Z,210.6453,3322,SYNTH
2026-02-24 14:53:36.879Z,210.7101,3555,SYNTH
2026-02-24 14:53:37.046Z,210.7668,8816,SYNTH
2026-02-24 14:53:38.763Z,210.7999,14373,SYNTH
2026-02-24 14:53:39.628Z,210.7733,15052,SYNTH
2026-02-24 14:53:40.500Z,210.6984,13538,SYNTH
2026-02-24 14:53:41.176Z,210.6912,3356,SYNTH
2026-02-24 14:53:42.341Z,210.7315,5781,SYNTH
2026-02-24 14:53:43.835Z,210.7458,5696,SYNTH
2026-02-24 14:53:44.693Z,210.5921,4836,SYNTH
2026-02-24 14:53:45.536Z,210.6251,7757,SYNTH
2026-02-24 14:53:46.246Z,210.7076,4842,SYNTH
2026-02-24 14:53:47.494Z,210.6075,8422,SYNTH
2026-02-24 14:53:48.893Z,210.5871,3890,SYNTH
2026-02-24 14:53:49.809Z,210.5444,3569,SYNTH
2026-02-24 14:53:50.174Z,210.5907,3604,SYNTH
2026-02-24 14:53:51.455Z,210.5344,6741,SYNTH
2026-02-24 14:53:52.595Z,210.4746,5577,SYNTH
2026-02-24 14:53:53.253Z,210.3811,5927,SYNTH
2026-02-24 14:53:54.454Z,210.3211,6713,SYNTH
2026-02-24 14:53:55.084Z,210.3755,3901,SYNTH
2026-02-24 14:53:56.791Z,210.3127,7498,SYNTH
2026-02-24 14:53:57.082Z,210.2278,3644,SYNTH
2026-02-24 14:53:58.591Z,210.2097,8002,SYNTH
2026-02-24 14:53:59.001Z,210.2401,6566,SYNTH
2026-02-24 14:54:00.673Z,210.3637,2607,SYNTH
2026-02-24 14:54:01.531Z,210.3909,5148,SYNTH
2026-02-24 14:54:02.344Z,210.3935,3658,SYNTH
2026-02-24 14:54:03.844Z,210.3526,3495,SYNTH
2026-02-24 14:54:04.751Z,210.2788,4457,SYNTH
2026-02-24 14:54:05.691Z,210.2560,2939,SYNTH
2026-02-24 14:54:06.072Z,210.3062,3793,SYNTH
2026-02-24 14:54:07.340Z,210.2373,4550,SYNTH
2026-02-24 14:54:08.809Z,210.2452,2155,SYNTH
2026-02-24 14:54:09.303Z,210.2400,4285,SYNTH
2026-02-24 14:54:10.831Z,210.2292,4593,SYNTH
2026-02-24 14:54:11.200Z,210.2309,8650,SYNTH
2026-02-24 14:54:12.335Z,210.1586,7893,SYNTH
2026-02-24 14:54:13.095Z,210.1808,4717,SYNTH
2026-02-24 14:54:14.134Z,210.1518,3881,SYNTH
2026-02-24 14:54:15.353Z,210.2347,3161,SYNTH
2026-02-24 14:54:16.866Z,210.2680,3892,SYNTH
2026-02-24 14:54:17.745Z,210.2188,6449,SYNTH
2026-02-24 14:54:18.223Z,210.2708,7207,SYNTH
2026-02-24 14:54:19.224Z,210.2786,5020,SYNTH
2026-02-24 14:54:20.463Z,210.2196,3148,SYNTH
2026-02-24 14:54:21.522Z,210.3110,3452,SYNTH
2026-02-24 14:54:22.046Z,210.3425,3613,SYNTH
2026-02-24 14:54:23.887Z,210.3837,2733,SYNTH
2026-02-24 14:54:24.809Z,210.4236,2611,SYNTH
2026-02-24 14:54:25.222Z,210.3280,2015,SYNTH
2026-02-24 14:54:26.795Z,210.3972,2672,SYNTH
2026-02-24 14:54:27.860Z,210.4956,3697,SYNTH
2026-02-24 14:54:28.661Z,210.4300,3582,SYNTH
2026-02-24 14:54:29.792Z,210.5039,2923,SYNTH
2026-02-24 14:54:30.349Z,210.5049,1770,SYNTH
2026-02-24 14:54:31.163Z,210.5766,2301,SYNTH
2026-02-24 14:54:32.039Z,210.5808,1940,SYNTH
2026-02-24 14:54:33.683Z,210.6292,2789,SYNTH
2026-02-24 14:54:34.031Z,210.6188,2487,SYNTH
2026-02-24 14:54:35.028Z,210.6386,1550,SYNTH
2026-02-24 14:54:36.637Z,210.6886,1946,SYNTH
2026-02-24 14:54:37.833Z,210.6376,4720,SYNTH
2026-02-24 14:54:38.589Z,210.7372,5278,SYNTH
2026-02-24 14:54:39.184Z,210.6927,7952,SYNTH
2026-02-24 14:54:40.263Z,210.7388,9979,SYNTH
2026-02-24 14:54:41.450Z,210.6824,3386,SYNTH
2026-02-24 14:54:42.796Z,210.6686,2773,SYNTH
2026-02-24 14:54:43.015Z,210.7206,2203,SYNTH
2026-02-24 14:54:44.080Z,210.6899,3507,SYNTH
2026-02-24 14:54:45.726Z,210.6549,3765,SYNTH
2026-02-24 14:54:46.445Z,210.6488,4207,SYNTH
2026-02-24 14:54:47.364Z,210.6340,6770,SYNTH
2026-02-24 14:54:48.544Z,210.7101,3261,SYNTH
2026-02-24 14:54:49.192Z,210.6548,4445,SYNTH
2026-02-24 14:54:50.536Z,210.7020,3074,SYNTH
2026-02-24 14:54:51.355Z,210.6836,3028,SYNTH
2026-02-24 14:54:52.590Z,210.5945,2433,SYNTH
2026-02-24 14:54:53.178Z,210.6260,3508,SYNTH
2026-02-24 14:54:54.530Z,210.6538,3920,SYNTH
2026-02-24 14:54:55.382Z,210.6520,3080,SYNTH
2026-02-24 14:54:56.197Z,210.5868,5354,SYNTH
2026-02-24 14:54:57.009Z,210.5824,5378,SYNTH
2026-02-24 14:54:58.632Z,210.6949,5589,SYNTH
2026-02-24 14:54:59.199Z,210.6224,4166,SYNTH
2026-02-24 14:55:00.671Z,210.6297,3252,SYNTH
2026-02-24 14:55:01.497Z,210.5690,5762,SYNTH
2026-02-24 14:55:02.396Z,210.6936,5760,SYNTH
2026-02-24 14:55:03.330Z,210.6062,6701,SYNTH
2026-02-24 14:55:04.631Z,210.5985,3015,SYNTH
2026-02-24 14:55:05.241Z,210.6467,3765,SYNTH
2026-02-24 14:55:06.016Z,210.6662,3555,SYNTH
2026-02-24 14:55:07.817Z,210.7135,5123,SYNTH
2026-02-24 14:55:08.188Z,210.7283,2886,SYNTH
2026-02-24 14:55:09.444Z,210.7332,6235,SYNTH
2026-02-24 14:55:10.282Z,210.7765,2771,SYNTH
2026-02-24 14:55:11.343Z,210.7375,11100,SYNTH
2026-02-24 14:55:12.854Z,210.8171,14546,SYNTH
2026-02-24 14:55:13.893Z,210.8212,11650,SYNTH
2026-02-24 14:55:14.634Z,210.7712,4185,SYNTH
2026-02-24 14:55:15.537Z,210.7464,5334,SYNTH
2026-02-24 14:55:16.110Z,210.7814,9059,SYNTH
2026-02-24 14:55:17.779Z,210.8039,9637,SYNTH
2026-02-24 14:55:18.736Z,210.7141,3971,SYNTH
2026-02-24 14:55:19.598Z,210.7636,6986,SYNTH
2026-02-24 14:55:20.418Z,210.7344,4508,SYNTH
2026-02-24 14:55:21.444Z,210.6886,3929,SYNTH
2026-02-24 14:55:22.124Z,210.5740,2129,SYNTH
2026-02-24 14:55:23.046Z,210.4587,3833,SYNTH
2026-02-24 14:55:24.043Z,210.4161,2804,SYNTH
2026-02-24 14:55:25.152Z,210.3884,4964,SYNTH
2026-02-24 14:55:26.322Z,210.2319,3442,SYNTH
2026-02-24 14:55:27.178Z,210.1790,3502,SYNTH
2026-02-24 14:55:28.432Z,210.0988,4580,SYNTH
2026-02-24 14:55:29.352Z,209.9655,4554,SYNTH
2026-02-24 14:55:30.484Z,209.8606,4884,SYNTH
2026-02-24 14:55:31.119Z,209.7628,3524,SYNTH
2026-02-24 14:55:32.453Z,209.7549,2514,SYNTH
2026-02-24 14:55:33.227Z,209.5811,4300,SYNTH
2026-02-24 14:55:34.626Z,209.6198,3976,SYNTH
2026-02-24 14:55:35.548Z,209.5271,3747,SYNTH
2026-02-24 14:55:36.878Z,209.4485,3454,SYNTH
2026-02-24 14:55:37.683Z,209.3860,6712,SYNTH
2026-02-24 14:55:38.444Z,209.3672,8263,SYNTH
2026-02-24 14:55:39.844Z,209.4475,11535,SYNTH
2026-02-24 14:55:40.583Z,209.3983,10077,SYNTH
2026-02-24 14:55:41.425Z,209.4211,3445,SYNTH
2026-02-24 14:55:42.051Z,209.4494,3790,SYNTH
2026-02-24 14:55:43.118Z,209.5250,4291,SYNTH
2026-02-24 14:55:44.793Z,209.4943,2509,SYNTH
2026-02-24 14:55:45.357Z,209.6090,6437,SYNTH
2026-02-24 14:55:46.223Z,209.5041,5025,SYNTH
2026-02-24 14:55:47.159Z,209.6000,4241,SYNTH
2026-02-24 14:55:48.864Z,209.6166,5767,SYNTH
2026-02-24 14:55:49.681Z,209.5822,3489,SYNTH
2026-02-24 14:55:50.817Z,209.6270,3044,SYNTH
2026-02-24 14:55:51.622Z,209.6805,5391,SYNTH
2026-02-24 14:55:52.302Z,209.7909,6331,SYNTH
2026-02-24 14:55:53.547Z,209.7843,4180,SYNTH
2026-02-24 14:55:54.851Z,209.8106,4704,SYNTH
2026-02-24 14:55:55.550Z,209.9249,4666,SYNTH
2026-02-24 14:55:56.181Z,209.9417,5368,SYNTH
2026-02-24 14:55:57.054Z,209.9910,3094,SYNTH
2026-02-24 14:55:58.548Z,210.0057,5836,SYNTH
2026-02-24 14:55:59.302Z,209.9597,3387,SYNTH
2026-02-24 14:56:00.327Z,209.9652,5609,SYNTH
2026-02-24 14:56:01.812Z,209.9124,3788,SYNTH
2026-02-24 14:56:02.020Z,209.9776,6242,SYNTH
2026-02-24 14:56:03.320Z,209.8862,5396,SYNTH
2026-02-24 14:56:04.637Z,209.8315,3203,SYNTH
2026-02-24 14:56:05.814Z,209.8896,2637,SYNTH
2026-02-24 14:56:06.645Z,209.8113,5854,SYNTH
2026-02-24 14:56:07.455Z,209.8160,5372,SYNTH
2026-02-24 14:56:08.630Z,209.7315,5482,SYNTH
2026-02-24 14:56:09.722Z,209.7034,3632,SYNTH
2026-02-24 14:56:10.410Z,209.6749,2548,SYNTH
2026-02-24 14:56:11.274Z,209.7617,10281,SYNTH
2026-02-24 14:56:12.727Z,209.6633,13043,SYNTH
2026-02-24 14:56:13.886Z,209.7411,13244,SYNTH
2026-02-24 14:56:14.602Z,209.7601,3467,SYNTH
2026-02-24 14:56:15.032Z,209.7900,4205,SYNTH
2026-02-24 14:56:16.211Z,209.7877,5656,SYNTH
2026-02-24 14:56:17.019Z,209.8105,4567,SYNTH
2026-02-24 14:56:18.816Z,209.7488,6854,SYNTH
2026-02-24 14:56:19.392Z,209.8097,4978,SYNTH
2026-02-24 14:56:20.482Z,209.7406,1939,SYNTH
2026-02-24 14:56:21.687Z,209.8302,3260,SYNTH
2026-02-24 14:56:22.655Z,209.8519,4264,SYNTH
2026-02-24 14:56:23.649Z,209.8615,2492,SYNTH
2026-02-24 14:56:24.009Z,209.9766,3397,SYNTH
2026-02-24 14:56:25.036Z,209.9726,4606,SYNTH
2026-02-24 14:56:26.316Z,209.9956,3636,SYNTH
2026-02-24 14:56:27.537Z,210.0826,3552,SYNTH
2026-02-24 14:56:28.571Z,210.1977,4105,SYNTH
2026-02-24 14:56:29.284Z,210.2161,2020,SYNTH
2026-02-24 14:56:30.836Z,210.2444,3476,SYNTH
2026-02-24 14:56:31.643Z,210.2937,2287,SYNTH
2026-02-24 14:56:32.721Z,210.3129,3960,SYNTH
2026-02-24 14:56:33.208Z,210.4032,2651,SYNTH
2026-02-24 14:56:34.684Z,210.5198,4220,SYNTH
2026-02-24 14:56:35.281Z,210.4773,2156,SYNTH
2026-02-24 14:56:36.432Z,210.5486,3715,SYNTH
2026-02-24 14:56:37.306Z,210.4994,8999,SYNTH
2026-02-24 14:56:38.395Z,210.6016,5815,SYNTH
2026-02-24 14:56:39.028Z,210.5323,8807,SYNTH
2026-02-24 14:56:40.610Z,210.4960,10528,SYNTH
2026-02-24 14:56:41.386Z,210.4953,3916,SYNTH
2026-02-24 14:56:42.605Z,210.4382,4380,SYNTH
2026-02-24 14:56:43.012Z,210.4279,2489,SYNTH
2026-02-24 14:56:44.598Z,210.4526,4181,SYNTH
2026-02-24 14:56:45.826Z,210.4325,5470,SYNTH
2026-02-24 14:56:46.054Z,210.3878,4641,SYNTH
2026-02-24 14:56:47.829Z,210.4341,6256,SYNTH
2026-02-24 14:56:48.296Z,210.3938,5526,SYNTH
2026-02-24 14:56:49.551Z,210.4189,5522,SYNTH
2026-02-24 14:56:50.270Z,210.2934,4320,SYNTH
2026-02-24 14:56:51.465Z,210.2917,4926,SYNTH
2026-02-24 14:56:52.252Z,210.3222,2728,SYNTH
2026-02-24 14:56:53.607Z,210.2498,3514,SYNTH
2026-02-24 14:56:54.019Z,210.2491,5163,SYNTH
2026-02-24 14:56:55.327Z,210.2875,3223,SYNTH
2026-02-24 14:56:56.301Z,210.2338,4284,SYNTH
2026-02-24 14:56:57.591Z,210.1962,5334,SYNTH
2026-02-24 14:56:58.190Z,210.1637,3328,SYNTH
2026-02-24 14:56:59.224Z,210.1523,3570,SYNTH
2026-02-24 14:57:00.746Z,210.1978,5146,SYNTH
2026-02-24 14:57:01.377Z,210.2278,7880,SYNTH
2026-02-24 14:57:02.483Z,210.1751,6004,SYNTH
2026-02-24 14:57:03.563Z,210.1266,5152,SYNTH
2026-02-24 14:57:04.839Z,210.1150,3774,SYNTH
2026-02-24 14:57:05.813Z,210.0046,6480,SYNTH
2026-02-24 14:57:06.074Z,209.9597,4771,SYNTH
2026-02-24 14:57:07.228Z,210.0194,3651,SYNTH
2026-02-24 14:57:08.841Z,209.8978,5638,SYNTH
2026-02-24 14:57:09.529Z,209.8707,6483,SYNTH
2026-02-24 14:57:10.031Z,209.8979,4124,SYNTH
2026-02-24 14:57:11.508Z,209.8269,16541,SYNTH
2026-02-24 14:57:12.650Z,209.8178,15593,SYNTH
2026-02-24 14:57:13.428Z,209.8789,11211,SYNTH
2026-02-24 14:57:14.164Z,209.8162,6009,SYNTH
2026-02-24 14:57:15.125Z,209.9454,5557,SYNTH
2026-02-24 14:57:16.765Z,209.8348,10476,SYNTH
2026-02-24 14:57:17.798Z,209.9619,5608,SYNTH
2026-02-24 14:57:18.771Z,209.9835,7747,SYNTH
2026-02-24 14:57:19.292Z,209.9579,8821,SYNTH
2026-02-24 14:57:20.623Z,209.9985,5169,SYNTH
2026-02-24 14:57:21.727Z,210.0021,2871,SYNTH
2026-02-24 14:57:22.589Z,210.1425,5624,SYNTH
2026-02-24 14:57:23.312Z,210.2138,3341,SYNTH
2026-02-24 14:57:24.008Z,210.1823,4278,SYNTH
2026-02-24 14:57:25.821Z,210.2909,2751,SYNTH
2026-02-24 14:57:26.009Z,210.4724,5187,SYNTH
2026-02-24 14:57:27.549Z,210.4896,4440,SYNTH
2026-02-24 14:57:28.436Z,210.6233,3549,SYNTH
2026-02-24 14:57:29.299Z,210.7771,3722,SYNTH
2026-02-24 14:57:30.446Z,210.8248,3749,SYNTH
2026-02-24 14:57:31.363Z,210.8967,5182,SYNTH
2026-02-24 14:57:32.148Z,211.0850,4056,SYNTH
2026-02-24 14:57:33.781Z,211.0377,3759,SYNTH
2026-02-24 14:57:34.192Z,211.2370,2888,SYNTH
2026-02-24 14:57:35.718Z,211.1981,5499,SYNTH
2026-02-24 14:57:36.494Z,211.3158,3179,SYNTH
2026-02-24 14:57:37.767Z,211.2589,13333,SYNTH
2026-02-24 14:57:38.460Z,211.3908,11544,SYNTH
2026-02-24 14:57:39.417Z,211.3325,11420,SYNTH
2026-02-24 14:57:40.076Z,211.3768,14370,SYNTH
2026-02-24 14:57:41.848Z,211.3079,3066,SYNTH
2026-02-24 14:57:42.501Z,211.2299,2622,SYNTH
2026-02-24 14:57:43.073Z,211.2646,3530,SYNTH
2026-02-24 14:57:44.898Z,211.1808,5148,SYNTH
2026-02-24 14:57:45.443Z,211.1477,5752,SYNTH
2026-02-24 14:57:46.059Z,211.1444,5226,SYNTH
2026-02-24 14:57:47.587Z,211.2010,7770,SYNTH
2026-02-24 14:57:48.775Z,211.1062,4205,SYNTH
2026-02-24 14:57:49.700Z,211.0712,6251,SYNTH
2026-02-24 14:57:50.039Z,211.0580,5365,SYNTH
2026-02-24 14:57:51.434Z,210.9933,5359,SYNTH
2026-02-24 14:57:52.728Z,210.9556,3895,SYNTH
2026-02-24 14:57:53.897Z,210.9214,6523,SYNTH
2026-02-24 14:57:54.107Z,210.9038,6347,SYNTH
2026-02-24 14:57:55.042Z,210.8573,3869,SYNTH
2026-02-24 14:57:56.848Z,210.8518,7588,SYNTH
2026-02-24 14:57:57.221Z,210.8170,4396,SYNTH
2026-02-24 14:57:58.539Z,210.7712,7420,SYNTH
2026-02-24 14:57:59.192Z,210.7626,8589,SYNTH
2026-02-24 14:58:00.685Z,210.8398,3334,SYNTH
2026-02-24 14:58:01.472Z,210.8511,4715,SYNTH
2026-02-24 14:58:02.241Z,210.8589,4198,SYNTH
2026-02-24 14:58:03.704Z,210.7905,3998,SYNTH
2026-02-24 14:58:04.579Z,210.7919,2773,SYNTH
2026-02-24 14:58:05.750Z,210.7894,2722,SYNTH
2026-02-24 14:58:06.797Z,210.7863,2854,SYNTH
2026-02-24 14:58:07.761Z,210.7650,3409,SYNTH
2026-02-24 14:58:08.707Z,210.7249,4397,SYNTH
2026-02-24 14:58:09.413Z,210.7728,2886,SYNTH
2026-02-24 14:58:10.413Z,210.6879,4095,SYNTH
2026-02-24 14:58:11.052Z,210.7256,8983,SYNTH
2026-02-24 14:58:12.787Z,210.7298,10453,SYNTH
2026-02-24 14:58:13.297Z,210.7247,9215,SYNTH
2026-02-24 14:58:14.234Z,210.7500,3493,SYNTH
2026-02-24 14:58:15.003Z,210.7885,3519,SYNTH
2026-02-24 14:58:16.550Z,210.6923,3677,SYNTH
2026-02-24 14:58:17.802Z,210.7833,4540,SYNTH
2026-02-24 14:58:18.076Z,210.6987,3484,SYNTH
2026-02-24 14:58:19.435Z,210.7822,6437,SYNTH
2026-02-24 14:58:20.826Z,210.8146,3301,SYNTH
2026-02-24 14:58:21.722Z,210.7939,1696,SYNTH
2026-02-24 14:58:22.318Z,210.7630,2477,SYNTH
2026-02-24 14:58:23.333Z,210.8135,1609,SYNTH
2026-02-24 14:58:24.044Z,210.9379,2838,SYNTH
2026-02-24 14:58:25.388Z,210.8996,2870,SYNTH
2026-02-24 14:58:26.515Z,210.9546,2459,SYNTH
2026-02-24 14:58:27.207Z,211.0706,2177,SYNTH
2026-02-24 14:58:28.493Z,211.0002,1513,SYNTH
2026-02-24 14:58:29.821Z,211.1397,2856,SYNTH
2026-02-24 14:58:30.018Z,211.1684,3340,SYNTH
2026-02-24 14:58:31.368Z,211.1358,2118,SYNTH
2026-02-24 14:58:32.763Z,211.2063,1441,SYNTH
2026-02-24 14:58:33.610Z,211.2351,2692,SYNTH
2026-02-24 14:58:34.327Z,211.3217,1480,SYNTH
2026-02-24 14:58:35.149Z,211.2926,1864,SYNTH
2026-02-24 14:58:36.454Z,211.3268,2570,SYNTH
2026-02-24 14:58:37.747Z,211.3628,8181,SYNTH
2026-02-24 14:58:38.567Z,211.4117,6942,SYNTH
2026-02-24 14:58:39.772Z,211.3442,7446,SYNTH
2026-02-24 14:58:40.344Z,211.4047,8489,SYNTH
2026-02-24 14:58:41.080Z,211.2937,3900,SYNTH
2026-02-24 14:58:42.446Z,211.3263,2364,SYNTH
2026-02-24 14:58:43.500Z,211.3539,1953,SYNTH
2026-02-24 14:58:44.357Z,211.3205,2041,SYNTH
2026-02-24 14:58:45.022Z,211.2320,4279,SYNTH
2026-02-24 14:58:46.159Z,211.3008,2572,SYNTH
2026-02-24 14:58:47.312Z,211.2484,5588,SYNTH
2026-02-24 14:58:48.571Z,211.2968,2167,SYNTH
2026-02-24 14:58:49.614Z,211.2158,2507,SYNTH
2026-02-24 14:58:50.780Z,211.2586,4178,SYNTH
2026-02-24 14:58:51.284Z,211.3357,2037,SYNTH
2026-02-24 14:58:52.471Z,211.2802,3869,SYNTH
2026-02-24 14:58:53.562Z,211.3341,3820,SYNTH
2026-02-24 14:58:54.297Z,211.2414,3302,SYNTH
2026-02-24 14:58:55.367Z,211.2550,2757,SYNTH
2026-02-24 14:58:56.888Z,211.3015,3075,SYNTH
2026-02-24 14:58:57.876Z,211.3439,4002,SYNTH
2026-02-24 14:58:58.390Z,211.2844,5460,SYNTH
2026-02-24 14:58:59.706Z,211.3183,4273,SYNTH
2026-02-24 14:59:00.066Z,211.2892,5591,SYNTH
2026-02-24 14:59:01.711Z,211.2895,3523,SYNTH
2026-02-24 14:59:02.701Z,211.2457,4990,SYNTH
2026-02-24 14:59:03.754Z,211.1523,2719,SYNTH
2026-02-24 14:59:04.099Z,211.1074,3777,SYNTH
2026-02-24 14:59:05.770Z,211.0130,3578,SYNTH
2026-02-24 14:59:06.277Z,210.9335,4147,SYNTH
2026-02-24 14:59:07.658Z,210.9150,3312,SYNTH
2026-02-24 14:59:08.146Z,210.8170,4132,SYNTH
2026-02-24 14:59:09.881Z,210.7472,3198,SYNTH
2026-02-24 14:59:10.344Z,210.6681,2328,SYNTH
2026-02-24 14:59:11.492Z,210.6365,5364,SYNTH
2026-02-24 14:59:12.269Z,210.5877,10905,SYNTH
2026-02-24 14:59:13.153Z,210.6594,5018,SYNTH
2026-02-24 14:59:14.528Z,210.6992,2469,SYNTH
2026-02-24 14:59:15.560Z,210.7834,2711,SYNTH
2026-02-24 14:59:16.465Z,210.7622,7028,SYNTH
2026-02-24 14:59:17.046Z,210.8204,7940,SYNTH
2026-02-24 14:59:18.630Z,210.7917,4967,SYNTH
2026-02-24 14:59:19.146Z,210.8605,6461,SYNTH
2026-02-24 14:59:20.348Z,210.8921,3157,SYNTH
2026-02-24 14:59:21.329Z,210.9193,3762,SYNTH
2026-02-24 14:59:22.064Z,210.9485,3154,SYNTH
2026-02-24 14:59:23.093Z,210.9982,3571,SYNTH
2026-02-24 14:59:24.140Z,211.0637,3807,SYNTH
2026-02-24 14:59:25.372Z,211.0909,3654,SYNTH
2026-02-24 14:59:26.066Z,211.1417,2371,SYNTH
2026-02-24 14:59:27.174Z,211.1167,3432,SYNTH
2026-02-24 14:59:28.462Z,211.2030,3749,SYNTH
2026-02-24 14:59:29.668Z,211.2983,3947,SYNTH
2026-02-24 14:59:30.008Z,211.3208,3794,SYNTH
2026-02-24 14:59:31.160Z,211.3494,2357,SYNTH
2026-02-24 14:59:32.146Z,211.4870,2762,SYNTH
2026-02-24 14:59:33.235Z,211.5101,3094,SYNTH
2026-02-24 14:59:34.423Z,211.5493,2389,SYNTH
2026-02-24 14:59:35.050Z,211.6100,4096,SYNTH
2026-02-24 14:59:36.565Z,211.5678,2989,SYNTH
2026-02-24 14:59:37.597Z,211.5315,8575,SYNTH
2026-02-24 14:59:38.613Z,211.6052,5989,SYNTH
2026-02-24 14:59:39.534Z,211.5521,9828,SYNTH
2026-02-24 14:59:40.042Z,211.5816,8010,SYNTH
2026-02-24 14:59:41.343Z,211.5391,3671,SYNTH
2026-02-24 14:59:42.202Z,211.6181,2409,SYNTH
2026-02-24 14:59:43.853Z,211.5608,2264,SYNTH
2026-02-24 14:59:44.622Z,211.5045,3065,SYNTH
2026-02-24 14:59:45.814Z,211.4967,5985,SYNTH
2026-02-24 14:59:46.482Z,211.4901,5941,SYNTH
2026-02-24 14:59:47.071Z,211.5794,6357,SYNTH
2026-02-24 14:59:48.435Z,211.5070,4828,SYNTH
2026-02-24 14:59:49.569Z,211.4973,3523,SYNTH
2026-02-24 14:59:50.248Z,211.5175,2237,SYNTH
2026-02-24 14:59:51.593Z,211.4563,2262,SYNTH
2026-02-24 14:59:52.606Z,211.4765,4840,SYNTH
2026-02-24 14:59:53.179Z,211.3582,5196,SYNTH
2026-02-24 14:59:54.405Z,211.4157,3377,SYNTH
2026-02-24 14:59:55.477Z,211.3705,5728,SYNTH
2026-02-24 14:59:56.069Z,211.2617,4846,SYNTH
2026-02-24 14:59:57.454Z,211.2781,5863,SYNTH
2026-02-24 14:59:58.891Z,211.3187,3349,SYNTH
2026-02-24 14:59:59.091Z,211.2889,4877,SYNTH
2026-02-24 15:00:00.697Z,211.3475,7149,SYNTH
2026-02-24 15:00:01.513Z,211.3876,4290,SYNTH
2026-02-24 15:00:02.313Z,211.2729,4312,SYNTH
2026-02-24 15:00:03.554Z,211.3414,3436,SYNTH
2026-02-24 15:00:04.175Z,211.3975,5940,SYNTH
2026-02-24 15:00:05.200Z,211.3135,3638,SYNTH
2026-02-24 15:00:06.599Z,211.3966,3626,SYNTH
2026-02-24 15:00:07.069Z,211.3584,3503,SYNTH
2026-02-24 15:00:08.604Z,211.4152,4182,SYNTH
2026-02-24 15:00:09.017Z,211.3026,5323,SYNTH
2026-02-24 15:00:10.087Z,211.3023,3139,SYNTH
2026-02-24 15:00:11.458Z,211.3455,9005,SYNTH
2026-02-24 15:00:12.099Z,211.3917,11462,SYNTH
2026-02-24 15:00:13.127Z,211.3333,7441,SYNTH
2026-02-24 15:00:14.238Z,211.3139,2501,SYNTH
2026-02-24 15:00:15.527Z,211.3057,4104,SYNTH
2026-02-24 15:00:16.700Z,211.3512,4771,SYNTH
2026-02-24 15:00:17.352Z,211.3139,8908,SYNTH
2026-02-24 15:00:18.710Z,211.3643,4430,SYNTH
2026-02-24 15:00:19.878Z,211.3677,4010,SYNTH
2026-02-24 15:00:20.397Z,211.2493,2214,SYNTH
2026-02-24 15:00:21.490Z,211.2353,4814,SYNTH
2026-02-24 15:00:22.651Z,211.2196,3802,SYNTH
2026-02-24 15:00:23.116Z,211.1529,2877,SYNTH
2026-02-24 15:00:24.483Z,211.0129,3080,SYNTH
2026-02-24 15:00:25.632Z,210.9808,4747,SYNTH
2026-02-24 15:00:26.648Z,210.8466,3253,SYNTH
2026-02-24 15:00:27.617Z,210.7789,2891,SYNTH
2026-02-24 15:00:28.652Z,210.6544,2355,SYNTH
2026-02-24 15:00:29.133Z,210.5989,3921,SYNTH
2026-02-24 15:00:30.889Z,210.4643,3034,SYNTH
2026-02-24 15:00:31.677Z,210.4167,3740,SYNTH
2026-02-24 15:00:32.218Z,210.2490,4503,SYNTH
2026-02-24 15:00:33.226Z,210.2258,3400,SYNTH
2026-02-24 15:00:34.538Z,210.1885,3420,SYNTH
2026-02-24 15:00:35.394Z,210.0666,3019,SYNTH
2026-02-24 15:00:36.122Z,210.1020,2648,SYNTH
2026-02-24 15:00:37.607Z,209.9576,6248,SYNTH
2026-02-24 15:00:38.171Z,210.0291,6300,SYNTH
2026-02-24 15:00:39.012Z,209.9740,8440,SYNTH
2026-02-24 15:00:40.204Z,210.0490,12927,SYNTH
2026-02-24 15:00:41.566Z,210.0698,3490,SYNTH
2026-02-24 15:00:42.009Z,210.0850,2308,SYNTH
2026-02-24 15:00:43.715Z,210.1959,2773,SYNTH
2026-02-24 15:00:44.331Z,210.2028,5156,SYNTH
2026-02-24 15:00:45.569Z,210.1733,4043,SYNTH
2026-02-24 15:00:46.859Z,210.2474,7331,SYNTH
2026-02-24 15:00:47.113Z,210.2164,4463,SYNTH
2026-02-24 15:00:48.670Z,210.2896,4901,SYNTH
2026-02-24 15:00:49.498Z,210.2099,5549,SYNTH
2026-02-24 15:00:50.886Z,210.2996,2502,SYNTH
2026-02-24 15:00:51.688Z,210.3263,3149,SYNTH
2026-02-24 15:00:52.014Z,210.3533,3238,SYNTH
2026-02-24 15:00:53.779Z,210.4291,3130,SYNTH
2026-02-24 15:00:54.024Z,210.4209,3125,SYNTH
2026-02-24 15:00:55.218Z,210.4478,6834,SYNTH
2026-02-24 15:00:56.691Z,210.4649,5827,SYNTH
2026-02-24 15:00:57.242Z,210.4960,3002,SYNTH
2026-02-24 15:00:58.052Z,210.5180,6449,SYNTH
2026-02-24 15:00:59.657Z,210.5518,6809,SYNTH
2026-02-24 15:01:00.378Z,210.6551,2308,SYNTH
2026-02-24 15:01:01.776Z,210.6307,3405,SYNTH
2026-02-24 15:01:02.256Z,210.6670,3480,SYNTH
2026-02-24 15:01:03.440Z,210.5283,3329,SYNTH
2026-02-24 15:01:04.658Z,210.4968,2421,SYNTH
2026-02-24 15:01:05.221Z,210.4400,1554,SYNTH
2026-02-24 15:01:06.374Z,210.4925,2484,SYNTH
2026-02-24 15:01:07.611Z,210.3813,2090,SYNTH
2026-02-24 15:01:08.772Z,210.3077,2243,SYNTH
2026-02-24 15:01:09.873Z,210.2593,2052,SYNTH
2026-02-24 15:01:10.177Z,210.2891,2696,SYNTH
2026-02-24 15:01:11.352Z,210.1780,5766,SYNTH
2026-02-24 15:01:12.357Z,210.1789,3538,SYNTH
2026-02-24 15:01:13.599Z,210.2223,4710,SYNTH
2026-02-24 15:01:14.767Z,210.3252,2817,SYNTH
2026-02-24 15:01:15.478Z,210.2559,1768,SYNTH
2026-02-24 15:01:16.530Z,210.3269,3106,SYNTH
2026-02-24 15:01:17.789Z,210.2859,3449,SYNTH
2026-02-24 15:01:18.117Z,210.3567,2439,SYNTH
2026-02-24 15:01:19.639Z,210.3685,2089,SYNTH
2026-02-24 15:01:20.620Z,210.3260,1922,SYNTH
2026-02-24 15:01:21.802Z,210.4436,1273,SYNTH
2026-02-24 15:01:22.429Z,210.3517,1556,SYNTH
2026-02-24 15:01:23.184Z,210.4081,1645,SYNTH
2026-02-24 15:01:24.576Z,210.5113,1534,SYNTH
2026-02-24 15:01:25.065Z,210.5297,1409,SYNTH
2026-02-24 15:01:26.541Z,210.5580,1983,SYNTH
2026-02-24 15:01:27.097Z,210.5015,2327,SYNTH
2026-02-24 15:01:28.086Z,210.6152,2425,SYNTH
2026-02-24 15:01:29.886Z,210.6270,2397,SYNTH
2026-02-24 15:01:30.797Z,210.7078,1207,SYNTH
2026-02-24 15:01:31.771Z,210.7042,2345,SYNTH
2026-02-24 15:01:32.084Z,210.7300,2136,SYNTH
2026-02-24 15:01:33.821Z,210.7686,2187,SYNTH
2026-02-24 15:01:34.632Z,210.8144,2364,SYNTH
2026-02-24 15:01:35.008Z,210.7872,2353,SYNTH
2026-02-24 15:01:36.625Z,210.8062,1149,SYNTH
2026-02-24 15:01:37.099Z,210.8723,5644,SYNTH
2026-02-24 15:01:38.173Z,210.7626,3606,SYNTH
2026-02-24 15:01:39.831Z,210.8026,2657,SYNTH
2026-02-24 15:01:40.178Z,210.8417,4025,SYNTH
2026-02-24 15:01:41.061Z,210.8753,1175,SYNTH
2026-02-24 15:01:42.383Z,210.8128,1415,SYNTH
2026-02-24 15:01:43.073Z,210.8288,1825,SYNTH
2026-02-24 15:01:44.428Z,210.7359,2056,SYNTH
2026-02-24 15:01:45.450Z,210.8498,3535,SYNTH
2026-02-24 15:01:46.765Z,210.7807,3193,SYNTH
2026-02-24 15:01:47.630Z,210.8116,3491,SYNTH
2026-02-24 15:01:48.542Z,210.8287,2670,SYNTH
2026-02-24 15:01:49.147Z,210.7456,1998,SYNTH
2026-02-24 15:01:50.567Z,210.7282,2335,SYNTH
2026-02-24 15:01:51.457Z,210.7862,3080,SYNTH
2026-02-24 15:01:52.768Z,210.6867,2221,SYNTH
2026-02-24 15:01:53.389Z,210.7671,1536,SYNTH
2026-02-24 15:01:54.774Z,210.7303,2935,SYNTH
2026-02-24 15:01:55.532Z,210.7595,1778,SYNTH
2026-02-24 15:01:56.827Z,210.6571,2496,SYNTH
2026-02-24 15:01:57.278Z,210.6925,2567,SYNTH
2026-02-24 15:01:58.787Z,210.6186,2712,SYNTH
2026-02-24 15:01:59.837Z,210.6703,2047,SYNTH
2026-02-24 15:02:00.541Z,210.7028,2945,SYNTH
2026-02-24 15:02:01.365Z,210.7015,3258,SYNTH
2026-02-24 15:02:02.023Z,210.6534,2420,SYNTH
2026-02-24 15:02:03.008Z,210.6543,3133,SYNTH
2026-02-24 15:02:04.236Z,210.5704,2983,SYNTH
2026-02-24 15:02:05.649Z,210.4861,1976,SYNTH
2026-02-24 15:02:06.230Z,210.5055,1357,SYNTH
2026-02-24 15:02:07.425Z,210.4638,2833,SYNTH
2026-02-24 15:02:08.464Z,210.3637,1299,SYNTH
2026-02-24 15:02:09.493Z,210.2935,2434,SYNTH
2026-02-24 15:02:10.389Z,210.2561,1234,SYNTH
2026-02-24 15:02:11.833Z,210.3068,4314,SYNTH
2026-02-24 15:02:12.257Z,210.3479,5809,SYNTH
2026-02-24 15:02:13.288Z,210.3339,6083,SYNTH
2026-02-24 15:02:14.571Z,210.3128,1506,SYNTH
2026-02-24 15:02:15.792Z,210.4265,1609,SYNTH
2026-02-24 15:02:16.600Z,210.4100,3661,SYNTH
2026-02-24 15:02:17.723Z,210.4514,2496,SYNTH
2026-02-24 15:02:18.590Z,210.3819,3887,SYNTH
2026-02-24 15:02:19.244Z,210.4153,4010,SYNTH
2026-02-24 15:02:20.436Z,210.4252,2170,SYNTH
2026-02-24 15:02:21.286Z,210.4788,2184,SYNTH
2026-02-24 15:02:22.098Z,210.4307,1127,SYNTH
2026-02-24 15:02:23.086Z,210.5098,2163,SYNTH
2026-02-24 15:02:24.631Z,210.5950,1556,SYNTH
2026-02-24 15:02:25.517Z,210.6161,1470,SYNTH
2026-02-24 15:02:26.311Z,210.6337,1960,SYNTH
2026-02-24 15:02:27.357Z,210.6963,1951,SYNTH
2026-02-24 15:02:28.382Z,210.6821,1498,SYNTH
2026-02-24 15:02:29.310Z,210.7679,2109,SYNTH
2026-02-24 15:02:30.644Z,210.7808,1012,SYNTH
2026-02-24 15:02:31.316Z,210.8753,1794,SYNTH
2026-02-24 15:02:32.882Z,210.8563,1192,SYNTH
2026-02-24 15:02:33.643Z,210.8860,2286,SYNTH
2026-02-24 15:02:34.748Z,210.9822,1774,SYNTH
2026-02-24 15:02:35.492Z,210.9987,2317,SYNTH
2026-02-24 15:02:36.875Z,211.0407,1410,SYNTH
2026-02-24 15:02:37.751Z,210.9711,2403,SYNTH
2026-02-24 15:02:38.528Z,211.0524,5828,SYNTH
2026-02-24 15:02:39.745Z,210.9828,3107,SYNTH
2026-02-24 15:02:40.529Z,211.0535,5308,SYNTH
2026-02-24 15:02:41.205Z,211.0221,2216,SYNTH
2026-02-24 15:02:42.678Z,211.0206,1708,SYNTH
2026-02-24 15:02:43.046Z,210.9839,2333,SYNTH
2026-02-24 15:02:44.593Z,210.9503,1558,SYNTH
2026-02-24 15:02:45.130Z,211.0071,3202,SYNTH
2026-02-24 15:02:46.784Z,210.9498,1941,SYNTH
2026-02-24 15:02:47.830Z,210.9318,1849,SYNTH
2026-02-24 15:02:48.871Z,210.9641,1581,SYNTH
2026-02-24 15:02:49.191Z,210.9303,1668,SYNTH
2026-02-24 15:02:50.876Z,210.8722,1517,SYNTH
2026-02-24 15:02:51.597Z,210.9833,1836,SYNTH
2026-02-24 15:02:52.117Z,210.9675,2195,SYNTH
2026-02-24 15:02:53.262Z,210.9263,1812,SYNTH
2026-02-24 15:02:54.728Z,210.9362,1460,SYNTH
2026-02-24 15:02:55.804Z,210.9486,2963,SYNTH
2026-02-24 15:02:56.217Z,210.9169,2846,SYNTH
2026-02-24 15:02:57.200Z,210.8686,2699,SYNTH
2026-02-24 15:02:58.694Z,210.8605,2341,SYNTH
2026-02-24 15:02:59.211Z,210.9050,2439,SYNTH
2026-02-24 15:03:00.463Z,210.9185,3852,SYNTH
2026-02-24 15:03:01.029Z,210.9127,4114,SYNTH
2026-02-24 15:03:02.797Z,210.8239,3974,SYNTH
2026-02-24 15:03:03.479Z,210.8750,3211,SYNTH
2026-02-24 15:03:04.488Z,210.7836,2596,SYNTH
2026-02-24 15:03:05.551Z,210.8218,3382,SYNTH
2026-02-24 15:03:06.691Z,210.7389,1631,SYNTH
2026-02-24 15:03:07.845Z,210.6470,1906,SYNTH
2026-02-24 15:03:08.075Z,210.6441,3272,SYNTH
2026-02-24 15:03:09.490Z,210.5587,2236,SYNTH
2026-02-24 15:03:10.297Z,210.5492,2468,SYNTH
2026-02-24 15:03:11.379Z,210.6000,6807,SYNTH
2026-02-24 15:03:12.662Z,210.5202,7319,SYNTH
2026-02-24 15:03:13.789Z,210.5468,4848,SYNTH
2026-02-24 15:03:14.793Z,210.5580,3247,SYNTH
2026-02-24 15:03:15.840Z,210.5756,2336,SYNTH
2026-02-24 15:03:16.230Z,210.6712,2411,SYNTH
2026-02-24 15:03:17.021Z,210.6412,4431,SYNTH
2026-02-24 15:03:18.648Z,210.6886,2954,SYNTH
2026-02-24 15:03:19.892Z,210.6452,5202,SYNTH
2026-02-24 15:03:20.123Z,210.5967,1637,SYNTH
2026-02-24 15:03:21.504Z,210.7082,2269,SYNTH
2026-02-24 15:03:22.868Z,210.6461,2779,SYNTH
2026-02-24 15:03:23.225Z,210.7684,1576,SYNTH
2026-02-24 15:03:24.880Z,210.7858,1223,SYNTH
2026-02-24 15:03:25.625Z,210.7428,1687,SYNTH
2026-02-24 15:03:26.827Z,210.8146,1527,SYNTH
2026-02-24 15:03:27.222Z,210.9303,1536,SYNTH
2026-02-24 15:03:28.693Z,210.9020,1326,SYNTH
2026-02-24 15:03:29.581Z,210.9177,1211,SYNTH
2026-02-24 15:03:30.167Z,211.0407,1861,SYNTH
2026-02-24 15:03:31.303Z,211.0619,1903,SYNTH
2026-02-24 15:03:32.583Z,211.1149,1685,SYNTH
2026-02-24 15:03:33.276Z,211.0575,2167,SYNTH
2026-02-24 15:03:34.542Z,211.1453,2536,SYNTH
2026-02-24 15:03:35.308Z,211.2072,2461,SYNTH
2026-02-24 15:03:36.015Z,211.2105,2299,SYNTH
2026-02-24 15:03:37.390Z,211.1554,3374,SYNTH
2026-02-24 15:03:38.011Z,211.2297,3800,SYNTH
2026-02-24 15:03:39.521Z,211.1870,6996,SYNTH
2026-02-24 15:03:40.662Z,211.1995,6437,SYNTH
2026-02-24 15:03:41.872Z,211.1672,2551,SYNTH
2026-02-24 15:03:42.703Z,211.2083,2748,SYNTH
2026-02-24 15:03:43.388Z,211.1529,2563,SYNTH
2026-02-24 15:03:44.840Z,211.1613,2687,SYNTH
2026-02-24 15:03:45.681Z,211.1774,3157,SYNTH
2026-02-24 15:03:46.056Z,211.1872,4356,SYNTH
2026-02-24 15:03:47.587Z,211.1388,2463,SYNTH
2026-02-24 15:03:48.021Z,211.0773,2782,SYNTH
2026-02-24 15:03:49.521Z,211.0991,2559,SYNTH
2026-02-24 15:03:50.070Z,211.0433,2526,SYNTH
2026-02-24 15:03:51.394Z,211.0866,3325,SYNTH
2026-02-24 15:03:52.140Z,211.0339,1880,SYNTH
2026-02-24 15:03:53.609Z,211.0288,1809,SYNTH
2026-02-24 15:03:54.559Z,210.9450,1680,SYNTH
2026-02-24 15:03:55.085Z,210.9921,2005,SYNTH
2026-02-24 15:03:56.587Z,210.9622,4165,SYNTH
2026-02-24 15:03:57.828Z,210.9327,3375,SYNTH
2026-02-24 15:03:58.165Z,210.8766,3282,SYNTH
2026-02-24 15:03:59.143Z,210.9417,2027,SYNTH
2026-02-24 15:04:00.314Z,211.0040,4323,SYNTH
2026-02-24 15:04:01.668Z,210.9905,6219,SYNTH
2026-02-24 15:04:02.123Z,210.9564,4885,SYNTH
2026-02-24 15:04:03.654Z,211.0544,3500,SYNTH
2026-02-24 15:04:04.600Z,211.0082,3698,SYNTH
2026-02-24 15:04:05.303Z,211.0355,5705,SYNTH
2026-02-24 15:04:06.869Z,211.1438,6368,SYNTH
2026-02-24 15:04:07.191Z,211.1463,5434,SYNTH
2026-02-24 15:04:08.584Z,211.1940,4682,SYNTH
2026-02-24 15:04:09.673Z,211.1600,3899,SYNTH
2026-02-24 15:04:10.622Z,211.2151,2529,SYNTH
2026-02-24 15:04:11.718Z,211.1998,10243,SYNTH
2026-02-24 15:04:12.008Z,211.2383,11284,SYNTH
2026-02-24 15:04:13.835Z,211.1690,10420,SYNTH
2026-02-24 15:04:14.284Z,211.2346,4868,SYNTH
2026-02-24 15:04:15.898Z,211.2082,4281,SYNTH
2026-02-24 15:04:16.459Z,211.1735,7489,SYNTH
2026-02-24 15:04:17.109Z,211.1223,6131,SYNTH
2026-02-24 15:04:18.556Z,211.1486,3708,SYNTH
2026-02-24 15:04:19.773Z,211.0988,4714,SYNTH
2026-02-24 15:04:20.739Z,211.0967,2204,SYNTH
2026-02-24 15:04:21.027Z,211.0147,4634,SYNTH
2026-02-24 15:04:22.231Z,210.8996,4410,SYNTH
2026-02-24 15:04:23.476Z,210.8725,2367,SYNTH
2026-02-24 15:04:24.749Z,210.7258,3593,SYNTH
2026-02-24 15:04:25.352Z,210.6448,2318,SYNTH
2026-02-24 15:04:26.135Z,210.5864,3087,SYNTH
2026-02-24 15:04:27.406Z,210.4141,2920,SYNTH
2026-02-24 15:04:28.671Z,210.3040,4208,SYNTH
2026-02-24 15:04:29.575Z,210.2537,3030,SYNTH
2026-02-24 15:04:30.083Z,210.0997,2469,SYNTH
2026-02-24 15:04:31.374Z,210.0539,2725,SYNTH
2026-02-24 15:04:32.796Z,209.9150,3571,SYNTH
2026-02-24 15:04:33.169Z,209.8706,4274,SYNTH
2026-02-24 15:04:34.284Z,209.7657,3925,SYNTH
2026-02-24 15:04:35.758Z,209.6819,4388,SYNTH
2026-02-24 15:04:36.678Z,209.6561,3453,SYNTH
2026-02-24 15:04:37.229Z,209.5614,9596,SYNTH
2026-02-24 15:04:38.272Z,209.6158,7677,SYNTH
2026-02-24 15:04:39.097Z,209.5070,10033,SYNTH
2026-02-24 15:04:40.776Z,209.6221,11190,SYNTH
2026-02-24 15:04:41.374Z,209.5841,3095,SYNTH
2026-02-24 15:04:42.325Z,209.7395,2741,SYNTH
2026-02-24 15:04:43.596Z,209.7552,4582,SYNTH
2026-02-24 15:04:44.628Z,209.7941,5151,SYNTH
2026-02-24 15:04:45.832Z,209.8507,6001,SYNTH
2026-02-24 15:04:46.124Z,209.7721,5727,SYNTH
2026-02-24 15:04:47.471Z,209.8696,7839,SYNTH
2026-02-24 15:04:48.230Z,209.8043,3536,SYNTH
2026-02-24 15:04:49.571Z,209.9228,3714,SYNTH
2026-02-24 15:04:50.743Z,209.8395,5095,SYNTH
2026-02-24 15:04:51.671Z,209.8975,5694,SYNTH
2026-02-24 15:04:52.402Z,209.9652,4674,SYNTH
2026-02-24 15:04:53.009Z,209.9616,4430,SYNTH
2026-02-24 15:04:54.779Z,209.9932,6007,SYNTH
2026-02-24 15:04:55.454Z,210.0638,4257,SYNTH
2026-02-24 15:04:56.176Z,210.0651,6519,SYNTH
2026-02-24 15:04:57.509Z,210.1164,4216,SYNTH
2026-02-24 15:04:58.280Z,210.1463,5443,SYNTH
2026-02-24 15:04:59.469Z,210.1062,3403,SYNTH
2026-02-24 15:05:00.839Z,210.1595,2984,SYNTH
2026-02-24 15:05:01.160Z,210.2052,1742,SYNTH
2026-02-24 15:05:02.180Z,210.1485,3281,SYNTH
2026-02-24 15:05:03.712Z,210.2287,3170,SYNTH
2026-02-24 15:05:04.071Z,210.2642,3236,SYNTH
2026-02-24 15:05:05.859Z,210.3257,3264,SYNTH
2026-02-24 15:05:06.703Z,210.4001,1842,SYNTH
2026-02-24 15:05:07.020Z,210.5182,1612,SYNTH
2026-02-24 15:05:08.443Z,210.5918,2739,SYNTH
2026-02-24 15:05:09.820Z,210.6481,3005,SYNTH
2026-02-24 15:05:10.120Z,210.5698,2934,SYNTH
2026-02-24 15:05:11.480Z,210.7086,4932,SYNTH
2026-02-24 15:05:12.255Z,210.6261,5586,SYNTH
2026-02-24 15:05:13.225Z,210.6788,5186,SYNTH
2026-02-24 15:05:14.113Z,210.6072,1587,SYNTH
2026-02-24 15:05:15.015Z,210.5456,1324,SYNTH
2026-02-24 15:05:16.356Z,210.5238,3937,SYNTH
2026-02-24 15:05:17.781Z,210.5920,3205,SYNTH
2026-02-24 15:05:18.770Z,210.4849,3644,SYNTH
2026-02-24 15:05:19.859Z,210.4698,2848,SYNTH
2026-02-24 15:05:20.036Z,210.5503,2204,SYNTH
2026-02-24 15:05:21.852Z,210.4017,2184,SYNTH
2026-02-24 15:05:22.133Z,210.4554,1232,SYNTH
2026-02-24 15:05:23.677Z,210.3848,2233,SYNTH
2026-02-24 15:05:24.620Z,210.2954,1600,SYNTH
2026-02-24 15:05:25.014Z,210.2901,2056,SYNTH
2026-02-24 15:05:26.061Z,210.1814,981,SYNTH
2026-02-24 15:05:27.425Z,210.0649,1665,SYNTH
2026-02-24 15:05:28.307Z,209.9832,2165,SYNTH
2026-02-24 15:05:29.867Z,209.9023,1301,SYNTH
2026-02-24 15:05:30.433Z,209.8507,1653,SYNTH
2026-02-24 15:05:31.219Z,209.7914,2073,SYNTH
2026-02-24 15:05:32.894Z,209.7869,2071,SYNTH
2026-02-24 15:05:33.254Z,209.6595,984,SYNTH
2026-02-24 15:05:34.219Z,209.7179,2353,SYNTH
2026-02-24 15:05:35.884Z,209.6108,2045,SYNTH
2026-02-24 15:05:36.509Z,209.5499,2368,SYNTH
2026-02-24 15:05:37.424Z,209.5913,4739,SYNTH
2026-02-24 15:05:38.820Z,209.5126,4317,SYNTH
2026-02-24 15:05:39.063Z,209.5656,2951,SYNTH
2026-02-24 15:05:40.704Z,209.6134,5633,SYNTH
2026-02-24 15:05:41.488Z,209.6245,2589,SYNTH
2026-02-24 15:05:42.138Z,209.5673,1169,SYNTH
2026-02-24 15:05:43.282Z,209.6094,1274,SYNTH
2026-02-24 15:05:44.368Z,209.5765,1497,SYNTH
2026-02-24 15:05:45.048Z,209.6038,2088,SYNTH
2026-02-24 15:05:46.342Z,209.6275,3409,SYNTH
2026-02-24 15:05:47.455Z,209.7044,3329,SYNTH
2026-02-24 15:05:48.061Z,209.6249,2745,SYNTH
2026-02-24 15:05:49.437Z,209.6834,1339,SYNTH
2026-02-24 15:05:50.038Z,209.7660,3068,SYNTH
2026-02-24 15:05:51.588Z,209.7740,2265,SYNTH
2026-02-24 15:05:52.265Z,209.8043,2996,SYNTH
2026-02-24 15:05:53.197Z,209.8513,2576,SYNTH
2026-02-24 15:05:54.219Z,209.9015,2407,SYNTH
2026-02-24 15:05:55.023Z,209.9905,3145,SYNTH
2026-02-24 15:05:56.876Z,210.0640,3438,SYNTH
2026-02-24 15:05:57.150Z,210.0206,3610,SYNTH
2026-02-24 15:05:58.448Z,210.1151,2375,SYNTH
2026-02-24 15:05:59.261Z,210.0536,1858,SYNTH
2026-02-24 15:06:00.602Z,210.0224,3623,SYNTH
2026-02-24 15:06:01.877Z,209.9539,2349,SYNTH
2026-02-24 15:06:02.172Z,209.9975,2197,SYNTH
2026-02-24 15:06:03.134Z,210.0262,3581,SYNTH
2026-02-24 15:06:04.023Z,209.9796,3081,SYNTH
2026-02-24 15:06:05.794Z,209.9331,2375,SYNTH
2026-02-24 15:06:06.100Z,209.8993,1872,SYNTH
2026-02-24 15:06:07.441Z,209.9338,3534,SYNTH
2026-02-24 15:06:08.440Z,209.8663,2393,SYNTH
2026-02-24 15:06:09.434Z,209.8377,3145,SYNTH
2026-02-24 15:06:10.008Z,209.8080,3799,SYNTH
2026-02-24 15:06:11.759Z,209.8435,7299,SYNTH
2026-02-24 15:06:12.817Z,209.8821,9262,SYNTH
2026-02-24 15:06:13.410Z,209.8528,7553,SYNTH
2026-02-24 15:06:14.238Z,209.8939,2584,SYNTH
2026-02-24 15:06:15.611Z,209.8501,2455,SYNTH
2026-02-24 15:06:16.831Z,209.8661,2816,SYNTH
2026-02-24 15:06:17.135Z,209.8943,5620,SYNTH
2026-02-24 15:06:18.788Z,209.8624,3784,SYNTH
2026-02-24 15:06:19.850Z,209.9247,2383,SYNTH
2026-02-24 15:06:20.672Z,209.9920,2931,SYNTH
2026-02-24 15:06:21.512Z,210.0282,1402,SYNTH
2026-02-24 15:06:22.898Z,209.9722,2351,SYNTH
2026-02-24 15:06:23.839Z,210.0589,2302,SYNTH
2026-02-24 15:06:24.802Z,210.2022,2490,SYNTH
2026-02-24 15:06:25.696Z,210.2021,2077,SYNTH
2026-02-24 15:06:26.131Z,210.3369,2309,SYNTH
2026-02-24 15:06:27.475Z,210.3237,2606,SYNTH
2026-02-24 15:06:28.453Z,210.4586,3000,SYNTH
2026-02-24 15:06:29.703Z,210.5609,2720,SYNTH
2026-02-24 15:06:30.092Z,210.6329,1292,SYNTH
2026-02-24 15:06:31.269Z,210.6094,3060,SYNTH
2026-02-24 15:06:32.072Z,210.7209,2234,SYNTH
2026-02-24 15:06:33.720Z,210.7549,2952,SYNTH
2026-02-24 15:06:34.088Z,210.8370,3009,SYNTH
2026-02-24 15:06:35.243Z,210.8571,2576,SYNTH
2026-02-24 15:06:36.569Z,210.9303,1844,SYNTH
2026-02-24 15:06:37.611Z,210.9895,3998,SYNTH
2026-02-24 15:06:38.077Z,210.9654,6471,SYNTH
2026-02-24 15:06:39.539Z,210.9819,5950,SYNTH
2026-02-24 15:06:40.663Z,211.0030,7368,SYNTH
2026-02-24 15:06:41.743Z,210.9231,2710,SYNTH
2026-02-24 15:06:42.763Z,210.9563,2513,SYNTH
2026-02-24 15:06:43.324Z,210.8303,3322,SYNTH
2026-02-24 15:06:44.312Z,210.8841,1718,SYNTH
2026-02-24 15:06:45.440Z,210.8601,3971,SYNTH
2026-02-24 15:06:46.564Z,210.8011,3563,SYNTH
2026-02-24 15:06:47.636Z,210.8780,4746,SYNTH
2026-02-24 15:06:48.704Z,210.8158,1582,SYNTH
2026-02-24 15:06:49.289Z,210.7774,2840,SYNTH
2026-02-24 15:06:50.613Z,210.8190,2541,SYNTH
2026-02-24 15:06:51.756Z,210.8465,1988,SYNTH
2026-02-24 15:06:52.716Z,210.8460,3953,SYNTH
