TimestampUtc,Price,Size,Exchange
2026-03-09 13:30:00.325Z,2.7414,327,SYNTH
2026-03-09 13:30:01.496Z,2.7406,323,SYNTH
2026-03-09 13:30:02.638Z,2.7382,160,SYNTH
2026-03-09 13:30:03.746Z,2.7365,336,SYNTH
2026-03-09 13:30:04.877Z,2.7324,315,SYNTH
2026-03-09 13:30:05.006Z,2.7315,225,SYNTH
2026-03-09 13:30:06.182Z,2.7278,259,SYNTH
2026-03-09 13:30:07.793Z,2.7265,262,SYNTH
2026-03-09 13:30:08.196Z,2.7243,135,SYNTH
2026-03-09 13:30:09.152Z,2.7221,285,SYNTH
2026-03-09 13:30:10.384Z,2.7196,254,SYNTH
2026-03-09 13:30:11.491Z,2.7199,663,SYNTH
2026-03-09 13:30:12.524Z,2.7209,645,SYNTH
2026-03-09 13:30:13.322Z,2.7197,464,SYNTH
2026-03-09 13:30:14.282Z,2.7230,110,SYNTH
2026-03-09 13:30:15.197Z,2.7242,114,SYNTH
2026-03-09 13:30:16.674Z,2.7254,298,SYNTH
2026-03-09 13:30:17.565Z,2.7268,333,SYNTH
2026-03-09 13:30:18.838Z,2.7241,389,SYNTH
2026-03-09 13:30:19.837Z,2.7247,193,SYNTH
2026-03-09 13:30:20.767Z,2.7269,174,SYNTH
2026-03-09 13:30:21.317Z,2.7259,237,SYNTH
2026-03-09 13:30:22.090Z,2.7282,141,SYNTH
2026-03-09 13:30:23.473Z,2.7288,109,SYNTH
2026-03-09 13:30:24.201Z,2.7298,161,SYNTH
2026-03-09 13:30:25.020Z,2.7310,190,SYNTH
2026-03-09 13:30:26.172Z,2.7307,111,SYNTH
2026-03-09 13:30:27.102Z,2.7335,125,SYNTH
2026-03-09 13:30:28.292Z,2.7330,170,SYNTH
2026-03-09 13:30:29.046Z,2.7347,211,SYNTH
2026-03-09 13:30:30.847Z,2.7351,125,SYNTH
2026-03-09 13:30:31.809Z,2.7373,126,SYNTH
2026-03-09 13:30:32.453Z,2.7390,121,SYNTH
2026-03-09 13:30:33.681Z,2.7369,220,SYNTH
2026-03-09 13:30:34.053Z,2.7380,166,SYNTH
2026-03-09 13:30:35.267Z,2.7400,195,SYNTH
2026-03-09 13:30:36.821Z,2.7402,144,SYNTH
2026-03-09 13:30:37.457Z,2.7395,523,SYNTH
2026-03-09 13:30:38.897Z,2.7403,448,SYNTH
2026-03-09 13:30:39.280Z,2.7411,393,SYNTH
2026-03-09 13:30:40.808Z,2.7413,372,SYNTH
2026-03-09 13:30:41.893Z,2.7380,204,SYNTH
2026-03-09 13:30:42.664Z,2.7416,186,SYNTH
2026-03-09 13:30:43.615Z,2.7387,161,SYNTH
2026-03-09 13:30:44.448Z,2.7422,156,SYNTH
2026-03-09 13:30:45.326Z,2.7391,378,SYNTH
2026-03-09 13:30:46.682Z,2.7418,340,SYNTH
2026-03-09 13:30:47.443Z,2.7412,246,SYNTH
2026-03-09 13:30:48.295Z,2.7386,238,SYNTH
2026-03-09 13:30:49.292Z,2.7389,223,SYNTH
2026-03-09 13:30:50.494Z,2.7407,257,SYNTH
2026-03-09 13:30:51.534Z,2.7386,163,SYNTH
2026-03-09 13:30:52.659Z,2.7409,175,SYNTH
2026-03-09 13:30:53.199Z,2.7385,282,SYNTH
2026-03-09 13:30:54.685Z,2.7402,263,SYNTH
2026-03-09 13:30:55.183Z,2.7386,302,SYNTH
2026-03-09 13:30:56.010Z,2.7410,243,SYNTH
2026-03-09 13:30:57.402Z,2.7381,349,SYNTH
2026-03-09 13:30:58.534Z,2.7420,251,SYNTH
2026-03-09 13:30:59.294Z,2.7384,196,SYNTH
2026-03-09 13:31:00.243Z,2.7319,8,SYNTH
2026-03-09 13:31:01.235Z,2.7314,7,SYNTH
2026-03-09 13:31:02.274Z,2.7320,11,SYNTH
2026-03-09 13:31:03.166Z,2.7286,8,SYNTH
2026-03-09 13:31:04.388Z,2.7296,5,SYNTH
2026-03-09 13:31:05.096Z,2.7309,5,SYNTH
2026-03-09 13:31:06.701Z,2.7311,6,SYNTH
2026-03-09 13:31:07.287Z,2.7314,4,SYNTH
2026-03-09 13:31:08.790Z,2.7286,6,SYNTH
2026-03-09 13:31:09.535Z,2.7317,9,SYNTH
2026-03-09 13:31:10.569Z,2.7281,5,SYNTH
2026-03-09 13:31:11.011Z,2.7322,13,SYNTH
2026-03-09 13:31:12.322Z,2.7294,10,SYNTH
2026-03-09 13:31:13.777Z,2.7309,24,SYNTH
2026-03-09 13:31:14.673Z,2.7284,8,SYNTH
2026-03-09 13:31:15.797Z,2.7278,5,SYNTH
2026-03-09 13:31:16.739Z,2.7314,9,SYNTH
2026-03-09 13:31:17.198Z,2.7309,11,SYNTH
2026-03-09 13:31:18.140Z,2.7284,8,SYNTH
2026-03-09 13:31:19.479Z,2.7287,9,SYNTH
2026-03-09 13:31:20.480Z,2.7311,5,SYNTH
2026-03-09 13:31:21.676Z,2.7286,5,SYNTH
2026-03-09 13:31:22.580Z,2.7311,8,SYNTH
2026-03-09 13:31:23.691Z,2.7333,5,SYNTH
2026-03-09 13:31:24.231Z,2.7300,5,SYNTH
2026-03-09 13:31:25.224Z,2.7340,6,SYNTH
2026-03-09 13:31:26.284Z,2.7346,7,SYNTH
2026-03-09 13:31:27.328Z,2.7362,8,SYNTH
2026-03-09 13:31:28.271Z,2.7357,5,SYNTH
2026-03-09 13:31:29.778Z,2.7370,8,SYNTH
2026-03-09 13:31:30.471Z,2.7368,7,SYNTH
2026-03-09 13:31:31.127Z,2.7386,8,SYNTH
2026-03-09 13:31:32.784Z,2.7397,7,SYNTH
2026-03-09 13:31:33.666Z,2.7393,6,SYNTH
2026-03-09 13:31:34.048Z,2.7395,5,SYNTH
2026-03-09 13:31:35.235Z,2.7405,4,SYNTH
2026-03-09 13:31:36.286Z,2.7372,8,SYNTH
2026-03-09 13:31:37.033Z,2.7407,15,SYNTH
2026-03-09 13:31:38.281Z,2.7423,9,SYNTH
2026-03-09 13:31:39.624Z,2.7400,15,SYNTH
2026-03-09 13:31:40.104Z,2.7382,16,SYNTH
2026-03-09 13:31:41.358Z,2.7418,4,SYNTH
2026-03-09 13:31:42.591Z,2.7410,8,SYNTH
2026-03-09 13:31:43.479Z,2.7382,4,SYNTH
2026-03-09 13:31:44.417Z,2.7397,7,SYNTH
2026-03-09 13:31:45.002Z,2.7404,9,SYNTH
2026-03-09 13:31:46.642Z,2.7366,6,SYNTH
2026-03-09 13:31:47.059Z,2.7395,11,SYNTH
2026-03-09 13:31:48.403Z,2.7407,9,SYNTH
2026-03-09 13:31:49.412Z,2.7402,8,SYNTH
2026-03-09 13:31:50.066Z,2.7379,6,SYNTH
2026-03-09 13:31:51.215Z,2.7370,8,SYNTH
2026-03-09 13:31:52.826Z,2.7398,11,SYNTH
2026-03-09 13:31:53.858Z,2.7406,8,SYNTH
2026-03-09 13:31:54.766Z,2.7409,5,SYNTH
2026-03-09 13:31:55.741Z,2.7393,5,SYNTH
2026-03-09 13:31:56.886Z,2.7385,7,SYNTH
2026-03-09 13:31:57.661Z,2.7415,8,SYNTH
2026-03-09 13:31:58.742Z,2.7420,12,SYNTH
2026-03-09 13:31:59.696Z,2.7397,9,SYNTH
2026-03-09 13:32:00.612Z,2.7311,13,SYNTH
2026-03-09 13:32:01.214Z,2.7323,8,SYNTH
2026-03-09 13:32:02.768Z,2.7292,11,SYNTH
2026-03-09 13:32:03.208Z,2.7320,9,SYNTH
2026-03-09 13:32:04.677Z,2.7281,5,SYNTH
2026-03-09 13:32:05.173Z,2.7309,10,SYNTH
2026-03-09 13:32:06.560Z,2.7284,5,SYNTH
2026-03-09 13:32:07.519Z,2.7316,5,SYNTH
2026-03-09 13:32:08.820Z,2.7309,8,SYNTH
2026-03-09 13:32:09.678Z,2.7325,5,SYNTH
2026-03-09 13:32:10.137Z,2.7290,4,SYNTH
2026-03-09 13:32:11.837Z,2.7287,13,SYNTH
2026-03-09 13:32:12.167Z,2.7283,22,SYNTH
2026-03-09 13:32:13.629Z,2.7296,17,SYNTH
2026-03-09 13:32:14.795Z,2.7291,4,SYNTH
2026-03-09 13:32:15.258Z,2.7306,9,SYNTH
2026-03-09 13:32:16.626Z,2.7301,13,SYNTH
2026-03-09 13:32:17.412Z,2.7312,14,SYNTH
2026-03-09 13:32:18.152Z,2.7284,11,SYNTH
2026-03-09 13:32:19.096Z,2.7310,15,SYNTH
2026-03-09 13:32:20.124Z,2.7309,5,SYNTH
2026-03-09 13:32:21.855Z,2.7313,8,SYNTH
2026-03-09 13:32:22.415Z,2.7326,8,SYNTH
2026-03-09 13:32:23.565Z,2.7332,7,SYNTH
2026-03-09 13:32:24.596Z,2.7336,6,SYNTH
2026-03-09 13:32:25.037Z,2.7345,8,SYNTH
2026-03-09 13:32:26.450Z,2.7345,3,SYNTH
2026-03-09 13:32:27.539Z,2.7353,5,SYNTH
2026-03-09 13:32:28.498Z,2.7357,5,SYNTH
2026-03-09 13:32:29.058Z,2.7373,4,SYNTH
2026-03-09 13:32:30.298Z,2.7384,6,SYNTH
2026-03-09 13:32:31.685Z,2.7376,7,SYNTH
2026-03-09 13:32:32.372Z,2.7390,5,SYNTH
2026-03-09 13:32:33.711Z,2.7380,4,SYNTH
2026-03-09 13:32:34.763Z,2.7396,6,SYNTH
2026-03-09 13:32:35.569Z,2.7413,4,SYNTH
2026-03-09 13:32:36.509Z,2.7412,4,SYNTH
2026-03-09 13:32:37.309Z,2.7417,15,SYNTH
2026-03-09 13:32:38.733Z,2.7402,19,SYNTH
2026-03-09 13:32:39.172Z,2.7386,11,SYNTH
2026-03-09 13:32:40.461Z,2.7379,13,SYNTH
2026-03-09 13:32:41.573Z,2.7404,4,SYNTH
2026-03-09 13:32:42.277Z,2.7377,4,SYNTH
2026-03-09 13:32:43.128Z,2.7404,7,SYNTH
2026-03-09 13:32:44.712Z,2.7380,9,SYNTH
2026-03-09 13:32:45.658Z,2.7369,11,SYNTH
2026-03-09 13:32:46.031Z,2.7367,7,SYNTH
2026-03-09 13:32:47.676Z,2.7405,8,SYNTH
2026-03-09 13:32:48.741Z,2.7399,10,SYNTH
2026-03-09 13:32:49.388Z,2.7412,10,SYNTH
2026-03-09 13:32:50.267Z,2.7406,9,SYNTH
2026-03-09 13:32:51.551Z,2.7404,7,SYNTH
2026-03-09 13:32:52.797Z,2.7399,9,SYNTH
2026-03-09 13:32:53.237Z,2.7381,8,SYNTH
2026-03-09 13:32:54.183Z,2.7412,6,SYNTH
2026-03-09 13:32:55.668Z,2.7392,5,SYNTH
2026-03-09 13:32:56.273Z,2.7390,8,SYNTH
2026-03-09 13:32:57.188Z,2.7407,12,SYNTH
2026-03-09 13:32:58.597Z,2.7417,5,SYNTH
2026-03-09 13:32:59.867Z,2.7403,7,SYNTH
2026-03-09 13:33:00.385Z,2.7319,26,SYNTH
2026-03-09 13:33:01.136Z,2.7324,24,SYNTH
2026-03-09 13:33:02.350Z,2.7283,25,SYNTH
2026-03-09 13:33:03.464Z,2.7311,17,SYNTH
2026-03-09 13:33:04.871Z,2.7297,24,SYNTH
2026-03-09 13:33:05.177Z,2.7289,18,SYNTH
2026-03-09 13:33:06.508Z,2.7309,16,SYNTH
2026-03-09 13:33:07.890Z,2.7308,11,SYNTH
2026-03-09 13:33:08.365Z,2.7309,21,SYNTH
2026-03-09 13:33:09.802Z,2.7286,15,SYNTH
2026-03-09 13:33:10.256Z,2.7307,10,SYNTH
2026-03-09 13:33:11.680Z,2.7288,44,SYNTH
2026-03-09 13:33:12.590Z,2.7302,31,SYNTH
2026-03-09 13:33:13.440Z,2.7305,23,SYNTH
2026-03-09 13:33:14.788Z,2.7321,8,SYNTH
2026-03-09 13:33:15.024Z,2.7295,17,SYNTH
2026-03-09 13:33:16.772Z,2.7311,28,SYNTH
2026-03-09 13:33:17.537Z,2.7321,25,SYNTH
2026-03-09 13:33:18.737Z,2.7292,30,SYNTH
2026-03-09 13:33:19.790Z,2.7323,18,SYNTH
2026-03-09 13:33:20.870Z,2.7328,15,SYNTH
2026-03-09 13:33:21.087Z,2.7324,18,SYNTH
2026-03-09 13:33:22.096Z,2.7334,11,SYNTH
2026-03-09 13:33:23.714Z,2.7347,12,SYNTH
2026-03-09 13:33:24.880Z,2.7354,12,SYNTH
2026-03-09 13:33:25.713Z,2.7363,12,SYNTH
2026-03-09 13:33:26.791Z,2.7386,9,SYNTH
2026-03-09 13:33:27.335Z,2.7393,10,SYNTH
2026-03-09 13:33:28.325Z,2.7419,13,SYNTH
2026-03-09 13:33:29.298Z,2.7426,17,SYNTH
2026-03-09 13:33:30.780Z,2.7440,12,SYNTH
2026-03-09 13:33:31.602Z,2.7463,17,SYNTH
2026-03-09 13:33:32.150Z,2.7468,17,SYNTH
2026-03-09 13:33:33.661Z,2.7484,15,SYNTH
2026-03-09 13:33:34.258Z,2.7490,13,SYNTH
2026-03-09 13:33:35.898Z,2.7502,8,SYNTH
2026-03-09 13:33:36.488Z,2.7492,11,SYNTH
2026-03-09 13:33:37.318Z,2.7509,28,SYNTH
2026-03-09 13:33:38.153Z,2.7484,34,SYNTH
2026-03-09 13:33:39.736Z,2.7499,45,SYNTH
2026-03-09 13:33:40.527Z,2.7513,23,SYNTH
2026-03-09 13:33:41.684Z,2.7486,9,SYNTH
2026-03-09 13:33:42.129Z,2.7502,12,SYNTH
2026-03-09 13:33:43.169Z,2.7472,17,SYNTH
2026-03-09 13:33:44.287Z,2.7471,12,SYNTH
2026-03-09 13:33:45.588Z,2.7474,15,SYNTH
2026-03-09 13:33:46.232Z,2.7463,21,SYNTH
2026-03-09 13:33:47.127Z,2.7485,22,SYNTH
2026-03-09 13:33:48.872Z,2.7479,12,SYNTH
2026-03-09 13:33:49.159Z,2.7501,17,SYNTH
2026-03-09 13:33:50.760Z,2.7502,11,SYNTH
2026-03-09 13:33:51.389Z,2.7506,13,SYNTH
2026-03-09 13:33:52.187Z,2.7479,16,SYNTH
2026-03-09 13:33:53.490Z,2.7472,20,SYNTH
2026-03-09 13:33:54.686Z,2.7497,11,SYNTH
2026-03-09 13:33:55.781Z,2.7504,24,SYNTH
2026-03-09 13:33:56.091Z,2.7516,18,SYNTH
2026-03-09 13:33:57.204Z,2.7494,18,SYNTH
2026-03-09 13:33:58.333Z,2.7510,11,SYNTH
2026-03-09 13:33:59.122Z,2.7491,19,SYNTH
2026-03-09 13:34:00.590Z,2.7503,33,SYNTH
2026-03-09 13:34:01.401Z,2.7476,32,SYNTH
2026-03-09 13:34:02.351Z,2.7505,20,SYNTH
2026-03-09 13:34:03.316Z,2.7509,28,SYNTH
2026-03-09 13:34:04.279Z,2.7498,22,SYNTH
2026-03-09 13:34:05.873Z,2.7522,30,SYNTH
2026-03-09 13:34:06.619Z,2.7511,29,SYNTH
2026-03-09 13:34:07.227Z,2.7504,31,SYNTH
2026-03-09 13:34:08.672Z,2.7480,21,SYNTH
2026-03-09 13:34:09.208Z,2.7514,17,SYNTH
2026-03-09 13:34:10.112Z,2.7488,24,SYNTH
2026-03-09 13:34:11.210Z,2.7476,50,SYNTH
2026-03-09 13:34:12.677Z,2.7512,48,SYNTH
2026-03-09 13:34:13.805Z,2.7508,58,SYNTH
2026-03-09 13:34:14.157Z,2.7489,12,SYNTH
2026-03-09 13:34:15.513Z,2.7492,21,SYNTH
2026-03-09 13:34:16.453Z,2.7512,32,SYNTH
2026-03-09 13:34:17.569Z,2.7478,21,SYNTH
2026-03-09 13:34:18.284Z,2.7480,19,SYNTH
2026-03-09 13:34:19.536Z,2.7512,32,SYNTH
2026-03-09 13:34:20.573Z,2.7491,25,SYNTH
2026-03-09 13:34:21.278Z,2.7528,22,SYNTH
2026-03-09 13:34:22.571Z,2.7540,18,SYNTH
2026-03-09 13:34:23.403Z,2.7552,18,SYNTH
2026-03-09 13:34:24.050Z,2.7558,12,SYNTH
2026-03-09 13:34:25.474Z,2.7573,18,SYNTH
2026-03-09 13:34:26.388Z,2.7568,12,SYNTH
2026-03-09 13:34:27.092Z,2.7588,10,SYNTH
2026-03-09 13:34:28.433Z,2.7608,17,SYNTH
2026-03-09 13:34:29.118Z,2.7631,17,SYNTH
2026-03-09 13:34:30.665Z,2.7631,11,SYNTH
2026-03-09 13:34:31.372Z,2.7661,12,SYNTH
2026-03-09 13:34:32.475Z,2.7662,13,SYNTH
2026-03-09 13:34:33.708Z,2.7682,23,SYNTH
2026-03-09 13:34:34.646Z,2.7682,21,SYNTH
2026-03-09 13:34:35.718Z,2.7698,23,SYNTH
2026-03-09 13:34:36.727Z,2.7697,13,SYNTH
2026-03-09 13:34:37.583Z,2.7717,31,SYNTH
2026-03-09 13:34:38.614Z,2.7722,41,SYNTH
2026-03-09 13:34:39.135Z,2.7691,62,SYNTH
2026-03-09 13:34:40.088Z,2.7700,65,SYNTH
2026-03-09 13:34:41.561Z,2.7681,20,SYNTH
2026-03-09 13:34:42.636Z,2.7673,26,SYNTH
2026-03-09 13:34:43.508Z,2.7681,17,SYNTH
2026-03-09 13:34:44.290Z,2.7676,18,SYNTH
2026-03-09 13:34:45.699Z,2.7660,41,SYNTH
2026-03-09 13:34:46.254Z,2.7664,24,SYNTH
2026-03-09 13:34:47.711Z,2.7658,37,SYNTH
2026-03-09 13:34:48.413Z,2.7688,16,SYNTH
2026-03-09 13:34:49.079Z,2.7641,24,SYNTH
2026-03-09 13:34:50.190Z,2.7639,22,SYNTH
2026-03-09 13:34:51.394Z,2.7636,15,SYNTH
2026-03-09 13:34:52.512Z,2.7623,23,SYNTH
2026-03-09 13:34:53.460Z,2.7615,18,SYNTH
2026-03-09 13:34:54.283Z,2.7608,14,SYNTH
2026-03-09 13:34:55.237Z,2.7637,34,SYNTH
2026-03-09 13:34:56.215Z,2.7605,19,SYNTH
2026-03-09 13:34:57.409Z,2.7588,31,SYNTH
2026-03-09 13:34:58.508Z,2.7601,26,SYNTH
2026-03-09 13:34:59.055Z,2.7590,35,SYNTH
2026-03-09 13:35:00.535Z,2.7602,9,SYNTH
2026-03-09 13:35:01.372Z,2.7581,5,SYNTH
2026-03-09 13:35:02.672Z,2.7613,7,SYNTH
2026-03-09 13:35:03.399Z,2.7589,8,SYNTH
2026-03-09 13:35:04.856Z,2.7576,7,SYNTH
2026-03-09 13:35:05.801Z,2.7601,9,SYNTH
2026-03-09 13:35:06.309Z,2.7609,4,SYNTH
2026-03-09 13:35:07.581Z,2.7578,7,SYNTH
2026-03-09 13:35:08.472Z,2.7610,7,SYNTH
2026-03-09 13:35:09.429Z,2.7611,6,SYNTH
2026-03-09 13:35:10.777Z,2.7620,7,SYNTH
2026-03-09 13:35:11.219Z,2.7580,9,SYNTH
2026-03-09 13:35:12.425Z,2.7591,13,SYNTH
2026-03-09 13:35:13.130Z,2.7615,14,SYNTH
2026-03-09 13:35:14.615Z,2.7592,3,SYNTH
2026-03-09 13:35:15.249Z,2.7611,6,SYNTH
2026-03-09 13:35:16.306Z,2.7585,10,SYNTH
2026-03-09 13:35:17.851Z,2.7609,6,SYNTH
2026-03-09 13:35:18.009Z,2.7621,8,SYNTH
2026-03-09 13:35:19.539Z,2.7578,9,SYNTH
2026-03-09 13:35:20.399Z,2.7608,4,SYNTH
2026-03-09 13:35:21.559Z,2.7584,4,SYNTH
2026-03-09 13:35:22.083Z,2.7621,5,SYNTH
2026-03-09 13:35:23.508Z,2.7596,4,SYNTH
2026-03-09 13:35:24.300Z,2.7618,5,SYNTH
2026-03-09 13:35:25.545Z,2.7576,6,SYNTH
2026-03-09 13:35:26.356Z,2.7602,4,SYNTH
2026-03-09 13:35:27.214Z,2.7594,5,SYNTH
2026-03-09 13:35:28.358Z,2.7603,5,SYNTH
2026-03-09 13:35:29.882Z,2.7577,4,SYNTH
2026-03-09 13:35:30.465Z,2.7613,4,SYNTH
2026-03-09 13:35:31.267Z,2.7606,4,SYNTH
2026-03-09 13:35:32.368Z,2.7577,4,SYNTH
2026-03-09 13:35:33.524Z,2.7610,3,SYNTH
2026-03-09 13:35:34.827Z,2.7584,6,SYNTH
2026-03-09 13:35:35.017Z,2.7619,6,SYNTH
2026-03-09 13:35:36.065Z,2.7617,7,SYNTH
2026-03-09 13:35:37.152Z,2.7592,15,SYNTH
2026-03-09 13:35:38.804Z,2.7605,9,SYNTH
2026-03-09 13:35:39.532Z,2.7610,8,SYNTH
2026-03-09 13:35:40.045Z,2.7612,10,SYNTH
2026-03-09 13:35:41.810Z,2.7596,7,SYNTH
2026-03-09 13:35:42.834Z,2.7619,6,SYNTH
2026-03-09 13:35:43.429Z,2.7621,5,SYNTH
2026-03-09 13:35:44.503Z,2.7588,6,SYNTH
2026-03-09 13:35:45.003Z,2.7616,7,SYNTH
2026-03-09 13:35:46.613Z,2.7615,11,SYNTH
2026-03-09 13:35:47.128Z,2.7591,5,SYNTH
2026-03-09 13:35:48.074Z,2.7622,6,SYNTH
2026-03-09 13:35:49.084Z,2.7595,4,SYNTH
2026-03-09 13:35:50.242Z,2.7599,5,SYNTH
2026-03-09 13:35:51.554Z,2.7584,6,SYNTH
2026-03-09 13:35:52.022Z,2.7604,5,SYNTH
2026-03-09 13:35:53.317Z,2.7618,6,SYNTH
2026-03-09 13:35:54.161Z,2.7621,8,SYNTH
2026-03-09 13:35:55.584Z,2.7616,6,SYNTH
2026-03-09 13:35:56.388Z,2.7593,7,SYNTH
2026-03-09 13:35:57.003Z,2.7602,6,SYNTH
2026-03-09 13:35:58.660Z,2.7620,5,SYNTH
2026-03-09 13:35:59.583Z,2.7591,9,SYNTH
2026-03-09 13:36:00.305Z,2.7505,44,SYNTH
2026-03-09 13:36:01.233Z,2.7518,26,SYNTH
2026-03-09 13:36:02.234Z,2.7518,34,SYNTH
2026-03-09 13:36:03.539Z,2.7509,39,SYNTH
2026-03-09 13:36:04.487Z,2.7476,44,SYNTH
2026-03-09 13:36:05.469Z,2.7523,29,SYNTH
2026-03-09 13:36:06.246Z,2.7495,28,SYNTH
2026-03-09 13:36:07.198Z,2.7516,29,SYNTH
2026-03-09 13:36:08.800Z,2.7518,41,SYNTH
2026-03-09 13:36:09.607Z,2.7486,39,SYNTH
2026-03-09 13:36:10.365Z,2.7507,31,SYNTH
2026-03-09 13:36:11.674Z,2.7491,80,SYNTH
2026-03-09 13:36:12.802Z,2.7514,49,SYNTH
2026-03-09 13:36:13.653Z,2.7515,84,SYNTH
2026-03-09 13:36:14.584Z,2.7485,23,SYNTH
2026-03-09 13:36:15.167Z,2.7481,19,SYNTH
2026-03-09 13:36:16.108Z,2.7511,63,SYNTH
2026-03-09 13:36:17.366Z,2.7477,43,SYNTH
2026-03-09 13:36:18.396Z,2.7496,26,SYNTH
2026-03-09 13:36:19.201Z,2.7501,60,SYNTH
2026-03-09 13:36:20.566Z,2.7528,14,SYNTH
2026-03-09 13:36:21.086Z,2.7531,16,SYNTH
2026-03-09 13:36:22.385Z,2.7528,30,SYNTH
2026-03-09 13:36:23.618Z,2.7536,14,SYNTH
2026-03-09 13:36:24.655Z,2.7547,17,SYNTH
2026-03-09 13:36:25.243Z,2.7566,18,SYNTH
2026-03-09 13:36:26.471Z,2.7594,15,SYNTH
2026-03-09 13:36:27.445Z,2.7590,20,SYNTH
2026-03-09 13:36:28.782Z,2.7619,13,SYNTH
2026-03-09 13:36:29.415Z,2.7626,13,SYNTH
2026-03-09 13:36:30.391Z,2.7632,26,SYNTH
2026-03-09 13:36:31.471Z,2.7653,19,SYNTH
2026-03-09 13:36:32.788Z,2.7669,25,SYNTH
2026-03-09 13:36:33.061Z,2.7667,28,SYNTH
2026-03-09 13:36:34.620Z,2.7687,24,SYNTH
2026-03-09 13:36:35.250Z,2.7696,25,SYNTH
2026-03-09 13:36:36.401Z,2.7705,32,SYNTH
2026-03-09 13:36:37.371Z,2.7707,68,SYNTH
2026-03-09 13:36:38.669Z,2.7717,67,SYNTH
2026-03-09 13:36:39.195Z,2.7691,44,SYNTH
2026-03-09 13:36:40.303Z,2.7716,45,SYNTH
2026-03-09 13:36:41.478Z,2.7678,22,SYNTH
2026-03-09 13:36:42.423Z,2.7675,33,SYNTH
2026-03-09 13:36:43.283Z,2.7691,22,SYNTH
2026-03-09 13:36:44.800Z,2.7676,18,SYNTH
2026-03-09 13:36:45.057Z,2.7686,53,SYNTH
2026-03-09 13:36:46.367Z,2.7696,47,SYNTH
2026-03-09 13:36:47.270Z,2.7673,40,SYNTH
2026-03-09 13:36:48.536Z,2.7679,19,SYNTH
2026-03-09 13:36:49.802Z,2.7695,19,SYNTH
2026-03-09 13:36:50.537Z,2.7705,39,SYNTH
2026-03-09 13:36:51.166Z,2.7707,22,SYNTH
2026-03-09 13:36:52.538Z,2.7684,42,SYNTH
2026-03-09 13:36:53.654Z,2.7710,24,SYNTH
2026-03-09 13:36:54.692Z,2.7701,22,SYNTH
2026-03-09 13:36:55.482Z,2.7711,36,SYNTH
2026-03-09 13:36:56.604Z,2.7688,28,SYNTH
2026-03-09 13:36:57.432Z,2.7674,32,SYNTH
2026-03-09 13:36:58.335Z,2.7708,35,SYNTH
2026-03-09 13:36:59.391Z,2.7701,40,SYNTH
2026-03-09 13:37:00.741Z,2.7618,226,SYNTH
2026-03-09 13:37:01.779Z,2.7618,237,SYNTH
2026-03-09 13:37:02.700Z,2.7591,432,SYNTH
2026-03-09 13:37:03.375Z,2.7577,174,SYNTH
2026-03-09 13:37:04.314Z,2.7612,348,SYNTH
2026-03-09 13:37:05.497Z,2.7594,291,SYNTH
2026-03-09 13:37:06.565Z,2.7586,363,SYNTH
2026-03-09 13:37:07.583Z,2.7609,363,SYNTH
2026-03-09 13:37:08.192Z,2.7609,317,SYNTH
2026-03-09 13:37:09.195Z,2.7574,231,SYNTH
2026-03-09 13:37:10.544Z,2.7603,221,SYNTH
2026-03-09 13:37:11.620Z,2.7613,457,SYNTH
2026-03-09 13:37:12.876Z,2.7610,732,SYNTH
2026-03-09 13:37:13.774Z,2.7596,454,SYNTH
2026-03-09 13:37:14.411Z,2.7623,172,SYNTH
2026-03-09 13:37:15.399Z,2.7580,201,SYNTH
2026-03-09 13:37:16.154Z,2.7581,280,SYNTH
2026-03-09 13:37:17.291Z,2.7593,282,SYNTH
2026-03-09 13:37:18.307Z,2.7611,226,SYNTH
2026-03-09 13:37:19.517Z,2.7620,414,SYNTH
2026-03-09 13:37:20.576Z,2.7621,125,SYNTH
2026-03-09 13:37:21.629Z,2.7633,125,SYNTH
2026-03-09 13:37:22.698Z,2.7594,207,SYNTH
2026-03-09 13:37:23.896Z,2.7639,175,SYNTH
2026-03-09 13:37:24.718Z,2.7633,126,SYNTH
2026-03-09 13:37:25.219Z,2.7633,280,SYNTH
2026-03-09 13:37:26.550Z,2.7640,238,SYNTH
2026-03-09 13:37:27.481Z,2.7658,198,SYNTH
2026-03-09 13:37:28.222Z,2.7627,160,SYNTH
2026-03-09 13:37:29.502Z,2.7668,262,SYNTH
2026-03-09 13:37:30.444Z,2.7680,198,SYNTH
2026-03-09 13:37:31.824Z,2.7677,198,SYNTH
2026-03-09 13:37:32.725Z,2.7680,178,SYNTH
2026-03-09 13:37:33.425Z,2.7703,124,SYNTH
2026-03-09 13:37:34.665Z,2.7703,267,SYNTH
2026-03-09 13:37:35.389Z,2.7714,178,SYNTH
2026-03-09 13:37:36.429Z,2.7686,220,SYNTH
2026-03-09 13:37:37.217Z,2.7704,635,SYNTH
2026-03-09 13:37:38.234Z,2.7713,569,SYNTH
2026-03-09 13:37:39.490Z,2.7684,448,SYNTH
2026-03-09 13:37:40.861Z,2.7718,323,SYNTH
2026-03-09 13:37:41.217Z,2.7688,237,SYNTH
2026-03-09 13:37:42.800Z,2.7715,221,SYNTH
2026-03-09 13:37:43.329Z,2.7673,144,SYNTH
2026-03-09 13:37:44.269Z,2.7702,232,SYNTH
2026-03-09 13:37:45.735Z,2.7676,213,SYNTH
2026-03-09 13:37:46.253Z,2.7669,386,SYNTH
2026-03-09 13:37:47.533Z,2.7674,386,SYNTH
2026-03-09 13:37:48.248Z,2.7700,226,SYNTH
2026-03-09 13:37:49.867Z,2.7699,224,SYNTH
2026-03-09 13:37:50.478Z,2.7672,278,SYNTH
2026-03-09 13:37:51.086Z,2.7691,362,SYNTH
2026-03-09 13:37:52.581Z,2.7701,292,SYNTH
2026-03-09 13:37:53.567Z,2.7681,200,SYNTH
2026-03-09 13:37:54.204Z,2.7716,265,SYNTH
2026-03-09 13:37:55.194Z,2.7708,198,SYNTH
2026-03-09 13:37:56.784Z,2.7684,353,SYNTH
2026-03-09 13:37:57.491Z,2.7720,347,SYNTH
2026-03-09 13:37:58.859Z,2.7720,434,SYNTH
2026-03-09 13:37:59.872Z,2.7699,398,SYNTH
2026-03-09 13:38:00.422Z,2.7716,445,SYNTH
2026-03-09 13:38:01.541Z,2.7705,206,SYNTH
2026-03-09 13:38:02.776Z,2.7686,232,SYNTH
2026-03-09 13:38:03.014Z,2.7697,297,SYNTH
2026-03-09 13:38:04.042Z,2.7713,240,SYNTH
2026-03-09 13:38:05.133Z,2.7714,283,SYNTH
2026-03-09 13:38:06.319Z,2.7691,276,SYNTH
2026-03-09 13:38:07.892Z,2.7711,187,SYNTH
2026-03-09 13:38:08.384Z,2.7699,323,SYNTH
2026-03-09 13:38:09.537Z,2.7720,252,SYNTH
2026-03-09 13:38:10.333Z,2.7707,231,SYNTH
2026-03-09 13:38:11.333Z,2.7690,717,SYNTH
2026-03-09 13:38:12.235Z,2.7713,499,SYNTH
2026-03-09 13:38:13.810Z,2.7712,382,SYNTH
2026-03-09 13:38:14.779Z,2.7715,156,SYNTH
2026-03-09 13:38:15.364Z,2.7685,155,SYNTH
2026-03-09 13:38:16.298Z,2.7677,371,SYNTH
2026-03-09 13:38:17.257Z,2.7713,512,SYNTH
2026-03-09 13:38:18.790Z,2.7718,499,SYNTH
2026-03-09 13:38:19.165Z,2.7680,471,SYNTH
2026-03-09 13:38:20.647Z,2.7700,182,SYNTH
2026-03-09 13:38:21.605Z,2.7687,220,SYNTH
2026-03-09 13:38:22.891Z,2.7672,202,SYNTH
2026-03-09 13:38:23.852Z,2.7697,278,SYNTH
2026-03-09 13:38:24.712Z,2.7672,208,SYNTH
2026-03-09 13:38:25.836Z,2.7666,282,SYNTH
2026-03-09 13:38:26.035Z,2.7660,121,SYNTH
2026-03-09 13:38:27.396Z,2.7651,173,SYNTH
2026-03-09 13:38:28.589Z,2.7645,278,SYNTH
2026-03-09 13:38:29.585Z,2.7638,212,SYNTH
2026-03-09 13:38:30.325Z,2.7621,229,SYNTH
2026-03-09 13:38:31.235Z,2.7607,251,SYNTH
2026-03-09 13:38:32.857Z,2.7643,233,SYNTH
2026-03-09 13:38:33.510Z,2.7609,117,SYNTH
2026-03-09 13:38:34.118Z,2.7632,264,SYNTH
2026-03-09 13:38:35.855Z,2.7583,286,SYNTH
2026-03-09 13:38:36.339Z,2.7581,163,SYNTH
2026-03-09 13:38:37.833Z,2.7605,406,SYNTH
2026-03-09 13:38:38.871Z,2.7587,353,SYNTH
2026-03-09 13:38:39.894Z,2.7625,475,SYNTH
2026-03-09 13:38:40.834Z,2.7587,375,SYNTH
2026-03-09 13:38:41.221Z,2.7614,184,SYNTH
2026-03-09 13:38:42.042Z,2.7626,225,SYNTH
2026-03-09 13:38:43.078Z,2.7606,303,SYNTH
2026-03-09 13:38:44.381Z,2.7635,221,SYNTH
2026-03-09 13:38:45.752Z,2.7612,324,SYNTH
2026-03-09 13:38:46.361Z,2.7596,482,SYNTH
2026-03-09 13:38:47.556Z,2.7608,496,SYNTH
2026-03-09 13:38:48.152Z,2.7615,202,SYNTH
2026-03-09 13:38:49.260Z,2.7625,143,SYNTH
2026-03-09 13:38:50.135Z,2.7596,311,SYNTH
2026-03-09 13:38:51.733Z,2.7619,269,SYNTH
2026-03-09 13:38:52.777Z,2.7583,260,SYNTH
2026-03-09 13:38:53.362Z,2.7609,378,SYNTH
2026-03-09 13:38:54.414Z,2.7594,161,SYNTH
2026-03-09 13:38:55.273Z,2.7590,264,SYNTH
2026-03-09 13:38:56.574Z,2.7614,326,SYNTH
2026-03-09 13:38:57.747Z,2.7585,251,SYNTH
2026-03-09 13:38:58.458Z,2.7604,434,SYNTH
2026-03-09 13:38:59.058Z,2.7596,271,SYNTH
2026-03-09 13:39:00.035Z,2.7403,143,SYNTH
2026-03-09 13:39:01.009Z,2.7422,107,SYNTH
2026-03-09 13:39:02.391Z,2.7425,143,SYNTH
2026-03-09 13:39:03.875Z,2.7389,67,SYNTH
2026-03-09 13:39:04.616Z,2.7380,119,SYNTH
2026-03-09 13:39:05.335Z,2.7410,91,SYNTH
2026-03-09 13:39:06.078Z,2.7387,120,SYNTH
2026-03-09 13:39:07.813Z,2.7412,135,SYNTH
2026-03-09 13:39:08.528Z,2.7399,132,SYNTH
2026-03-09 13:39:09.213Z,2.7380,74,SYNTH
2026-03-09 13:39:10.628Z,2.7419,76,SYNTH
2026-03-09 13:39:11.125Z,2.7419,256,SYNTH
2026-03-09 13:39:12.188Z,2.7391,278,SYNTH
2026-03-09 13:39:13.171Z,2.7399,228,SYNTH
2026-03-09 13:39:14.418Z,2.7410,85,SYNTH
2026-03-09 13:39:15.772Z,2.7422,61,SYNTH
2026-03-09 13:39:16.186Z,2.7397,118,SYNTH
2026-03-09 13:39:17.073Z,2.7386,118,SYNTH
2026-03-09 13:39:18.398Z,2.7415,166,SYNTH
2026-03-09 13:39:19.899Z,2.7400,158,SYNTH
2026-03-09 13:39:20.253Z,2.7424,48,SYNTH
2026-03-09 13:39:21.849Z,2.7404,103,SYNTH
2026-03-09 13:39:22.486Z,2.7426,104,SYNTH
2026-03-09 13:39:23.761Z,2.7434,64,SYNTH
2026-03-09 13:39:24.802Z,2.7409,64,SYNTH
2026-03-09 13:39:25.637Z,2.7435,52,SYNTH
2026-03-09 13:39:26.662Z,2.7449,63,SYNTH
2026-03-09 13:39:27.307Z,2.7464,99,SYNTH
2026-03-09 13:39:28.236Z,2.7467,64,SYNTH
2026-03-09 13:39:29.637Z,2.7467,79,SYNTH
2026-03-09 13:39:30.223Z,2.7464,46,SYNTH
2026-03-09 13:39:31.088Z,2.7471,60,SYNTH
2026-03-09 13:39:32.345Z,2.7475,47,SYNTH
2026-03-09 13:39:33.608Z,2.7483,52,SYNTH
2026-03-09 13:39:34.409Z,2.7497,69,SYNTH
2026-03-09 13:39:35.654Z,2.7505,78,SYNTH
2026-03-09 13:39:36.882Z,2.7503,91,SYNTH
2026-03-09 13:39:37.562Z,2.7513,110,SYNTH
2026-03-09 13:39:38.311Z,2.7490,229,SYNTH
2026-03-09 13:39:39.121Z,2.7481,214,SYNTH
2026-03-09 13:39:40.835Z,2.7477,230,SYNTH
2026-03-09 13:39:41.191Z,2.7504,51,SYNTH
2026-03-09 13:39:42.678Z,2.7471,97,SYNTH
2026-03-09 13:39:43.612Z,2.7503,79,SYNTH
2026-03-09 13:39:44.768Z,2.7482,102,SYNTH
2026-03-09 13:39:45.031Z,2.7495,91,SYNTH
2026-03-09 13:39:46.389Z,2.7481,126,SYNTH
2026-03-09 13:39:47.429Z,2.7494,124,SYNTH
2026-03-09 13:39:48.555Z,2.7507,94,SYNTH
2026-03-09 13:39:49.671Z,2.7481,94,SYNTH
2026-03-09 13:39:50.719Z,2.7504,93,SYNTH
2026-03-09 13:39:51.092Z,2.7473,112,SYNTH
2026-03-09 13:39:52.324Z,2.7484,97,SYNTH
2026-03-09 13:39:53.818Z,2.7501,65,SYNTH
2026-03-09 13:39:54.082Z,2.7519,78,SYNTH
2026-03-09 13:39:55.277Z,2.7504,137,SYNTH
2026-03-09 13:39:56.451Z,2.7516,106,SYNTH
2026-03-09 13:39:57.397Z,2.7492,111,SYNTH
2026-03-09 13:39:58.378Z,2.7519,133,SYNTH
2026-03-09 13:39:59.791Z,2.7497,115,SYNTH
2026-03-09 13:40:00.278Z,2.7506,86,SYNTH
2026-03-09 13:40:01.835Z,2.7494,84,SYNTH
2026-03-09 13:40:02.108Z,2.7521,61,SYNTH
2026-03-09 13:40:03.688Z,2.7502,89,SYNTH
2026-03-09 13:40:04.855Z,2.7477,88,SYNTH
2026-03-09 13:40:05.411Z,2.7520,84,SYNTH
2026-03-09 13:40:06.053Z,2.7509,82,SYNTH
2026-03-09 13:40:07.877Z,2.7489,79,SYNTH
2026-03-09 13:40:08.701Z,2.7514,71,SYNTH
2026-03-09 13:40:09.851Z,2.7492,81,SYNTH
2026-03-09 13:40:10.027Z,2.7511,42,SYNTH
2026-03-09 13:40:11.249Z,2.7517,166,SYNTH
2026-03-09 13:40:12.104Z,2.7521,216,SYNTH
2026-03-09 13:40:13.230Z,2.7491,200,SYNTH
2026-03-09 13:40:14.566Z,2.7500,42,SYNTH
2026-03-09 13:40:15.386Z,2.7508,44,SYNTH
2026-03-09 13:40:16.629Z,2.7498,122,SYNTH
2026-03-09 13:40:17.380Z,2.7480,132,SYNTH
2026-03-09 13:40:18.214Z,2.7514,59,SYNTH
2026-03-09 13:40:19.531Z,2.7512,135,SYNTH
2026-03-09 13:40:20.436Z,2.7486,52,SYNTH
2026-03-09 13:40:21.782Z,2.7509,46,SYNTH
2026-03-09 13:40:22.742Z,2.7478,49,SYNTH
2026-03-09 13:40:23.258Z,2.7507,31,SYNTH
2026-03-09 13:40:24.259Z,2.7516,39,SYNTH
2026-03-09 13:40:25.552Z,2.7517,36,SYNTH
2026-03-09 13:40:26.852Z,2.7489,46,SYNTH
2026-03-09 13:40:27.211Z,2.7514,53,SYNTH
2026-03-09 13:40:28.628Z,2.7509,34,SYNTH
2026-03-09 13:40:29.639Z,2.7480,49,SYNTH
2026-03-09 13:40:30.552Z,2.7498,50,SYNTH
2026-03-09 13:40:31.338Z,2.7515,37,SYNTH
2026-03-09 13:40:32.722Z,2.7510,35,SYNTH
2026-03-09 13:40:33.038Z,2.7491,42,SYNTH
2026-03-09 13:40:34.340Z,2.7515,34,SYNTH
2026-03-09 13:40:35.561Z,2.7497,39,SYNTH
2026-03-09 13:40:36.728Z,2.7501,34,SYNTH
2026-03-09 13:40:37.675Z,2.7513,118,SYNTH
2026-03-09 13:40:38.636Z,2.7483,142,SYNTH
2026-03-09 13:40:39.081Z,2.7506,149,SYNTH
2026-03-09 13:40:40.073Z,2.7523,92,SYNTH
2026-03-09 13:40:41.591Z,2.7486,65,SYNTH
2026-03-09 13:40:42.272Z,2.7492,39,SYNTH
2026-03-09 13:40:43.106Z,2.7508,76,SYNTH
2026-03-09 13:40:44.780Z,2.7502,67,SYNTH
2026-03-09 13:40:45.338Z,2.7519,67,SYNTH
2026-03-09 13:40:46.275Z,2.7495,67,SYNTH
2026-03-09 13:40:47.542Z,2.7510,81,SYNTH
2026-03-09 13:40:48.316Z,2.7483,43,SYNTH
2026-03-09 13:40:49.874Z,2.7505,73,SYNTH
2026-03-09 13:40:50.838Z,2.7510,53,SYNTH
2026-03-09 13:40:51.452Z,2.7488,41,SYNTH
2026-03-09 13:40:52.129Z,2.7498,61,SYNTH
2026-03-09 13:40:53.509Z,2.7502,92,SYNTH
2026-03-09 13:40:54.767Z,2.7508,81,SYNTH
2026-03-09 13:40:55.192Z,2.7477,56,SYNTH
2026-03-09 13:40:56.443Z,2.7521,53,SYNTH
2026-03-09 13:40:57.654Z,2.7485,60,SYNTH
2026-03-09 13:40:58.342Z,2.7509,79,SYNTH
2026-03-09 13:40:59.820Z,2.7490,87,SYNTH
2026-03-09 13:42:00.231Z,2.7520,52,SYNTH
2026-03-09 13:42:01.234Z,2.7516,101,SYNTH
2026-03-09 13:42:02.696Z,2.7485,96,SYNTH
2026-03-09 13:42:03.128Z,2.7511,89,SYNTH
2026-03-09 13:42:04.059Z,2.7502,89,SYNTH
2026-03-09 13:42:05.304Z,2.7494,52,SYNTH
2026-03-09 13:42:06.205Z,2.7489,55,SYNTH
2026-03-09 13:42:07.194Z,2.7493,88,SYNTH
2026-03-09 13:42:08.455Z,2.7512,66,SYNTH
2026-03-09 13:42:09.718Z,2.7484,48,SYNTH
2026-03-09 13:42:10.575Z,2.7478,39,SYNTH
2026-03-09 13:42:11.557Z,2.7512,125,SYNTH
2026-03-09 13:42:12.863Z,2.7482,92,SYNTH
2026-03-09 13:42:13.496Z,2.7503,158,SYNTH
2026-03-09 13:42:14.161Z,2.7502,75,SYNTH
2026-03-09 13:42:15.569Z,2.7510,32,SYNTH
2026-03-09 13:42:16.263Z,2.7486,61,SYNTH
2026-03-09 13:42:17.671Z,2.7478,128,SYNTH
2026-03-09 13:42:18.369Z,2.7519,71,SYNTH
2026-03-09 13:42:19.494Z,2.7492,111,SYNTH
2026-03-09 13:42:20.157Z,2.7493,33,SYNTH
2026-03-09 13:42:21.441Z,2.7501,43,SYNTH
2026-03-09 13:42:22.297Z,2.7501,61,SYNTH
2026-03-09 13:42:23.771Z,2.7474,64,SYNTH
2026-03-09 13:42:24.585Z,2.7473,33,SYNTH
2026-03-09 13:42:25.317Z,2.7456,58,SYNTH
2026-03-09 13:42:26.881Z,2.7442,27,SYNTH
2026-03-09 13:42:27.200Z,2.7449,35,SYNTH
2026-03-09 13:42:28.670Z,2.7440,65,SYNTH
2026-03-09 13:42:29.551Z,2.7419,43,SYNTH
2026-03-09 13:42:30.797Z,2.7440,38,SYNTH
2026-03-09 13:42:31.306Z,2.7416,60,SYNTH
2026-03-09 13:42:32.225Z,2.7405,39,SYNTH
2026-03-09 13:42:33.221Z,2.7393,60,SYNTH
2026-03-09 13:42:34.220Z,2.7433,53,SYNTH
2026-03-09 13:42:35.238Z,2.7387,42,SYNTH
2026-03-09 13:42:36.121Z,2.7419,38,SYNTH
2026-03-09 13:42:37.701Z,2.7395,129,SYNTH
2026-03-09 13:42:38.205Z,2.7387,73,SYNTH
2026-03-09 13:42:39.620Z,2.7413,165,SYNTH
2026-03-09 13:42:40.786Z,2.7396,107,SYNTH
2026-03-09 13:42:41.852Z,2.7416,71,SYNTH
2026-03-09 13:42:42.262Z,2.7414,38,SYNTH
2026-03-09 13:42:43.107Z,2.7425,37,SYNTH
2026-03-09 13:42:44.397Z,2.7402,38,SYNTH
2026-03-09 13:42:45.392Z,2.7416,84,SYNTH
2026-03-09 13:42:46.485Z,2.7422,98,SYNTH
2026-03-09 13:42:47.708Z,2.7408,74,SYNTH
2026-03-09 13:42:48.633Z,2.7399,77,SYNTH
2026-03-09 13:42:49.724Z,2.7393,39,SYNTH
2026-03-09 13:42:50.350Z,2.7413,50,SYNTH
2026-03-09 13:42:51.771Z,2.7399,85,SYNTH
2026-03-09 13:42:52.873Z,2.7386,65,SYNTH
2026-03-09 13:42:53.507Z,2.7423,49,SYNTH
2026-03-09 13:42:54.378Z,2.7398,55,SYNTH
2026-03-09 13:42:55.653Z,2.7403,84,SYNTH
2026-03-09 13:42:56.391Z,2.7423,48,SYNTH
2026-03-09 13:42:57.643Z,2.7394,43,SYNTH
2026-03-09 13:42:58.632Z,2.7422,85,SYNTH
2026-03-09 13:42:59.057Z,2.7399,49,SYNTH
2026-03-09 13:44:00.675Z,2.7505,420,SYNTH
2026-03-09 13:44:01.826Z,2.7488,733,SYNTH
2026-03-09 13:44:02.052Z,2.7507,856,SYNTH
2026-03-09 13:44:03.681Z,2.7491,522,SYNTH
2026-03-09 13:44:04.263Z,2.7506,573,SYNTH
2026-03-09 13:44:05.698Z,2.7493,677,SYNTH
2026-03-09 13:44:06.431Z,2.7512,760,SYNTH
2026-03-09 13:44:07.883Z,2.7492,467,SYNTH
2026-03-09 13:44:08.710Z,2.7485,782,SYNTH
2026-03-09 13:44:09.560Z,2.7513,587,SYNTH
2026-03-09 13:44:10.363Z,2.7491,596,SYNTH
2026-03-09 13:44:11.772Z,2.7483,1297,SYNTH
2026-03-09 13:44:12.585Z,2.7526,1538,SYNTH
2026-03-09 13:44:13.418Z,2.7480,1319,SYNTH
2026-03-09 13:44:14.146Z,2.7489,425,SYNTH
2026-03-09 13:44:15.389Z,2.7483,460,SYNTH
2026-03-09 13:44:16.309Z,2.7506,789,SYNTH
2026-03-09 13:44:17.131Z,2.7517,1108,SYNTH
2026-03-09 13:44:18.864Z,2.7480,640,SYNTH
2026-03-09 13:44:19.743Z,2.7509,909,SYNTH
2026-03-09 13:44:20.319Z,2.7519,635,SYNTH
2026-03-09 13:44:21.189Z,2.7525,259,SYNTH
2026-03-09 13:44:22.140Z,2.7498,324,SYNTH
2026-03-09 13:44:23.874Z,2.7545,284,SYNTH
2026-03-09 13:44:24.203Z,2.7541,365,SYNTH
2026-03-09 13:44:25.119Z,2.7572,371,SYNTH
2026-03-09 13:44:26.513Z,2.7571,574,SYNTH
2026-03-09 13:44:27.373Z,2.7592,329,SYNTH
2026-03-09 13:44:28.056Z,2.7610,481,SYNTH
2026-03-09 13:44:29.283Z,2.7620,257,SYNTH
2026-03-09 13:44:30.040Z,2.7640,369,SYNTH
2026-03-09 13:44:31.468Z,2.7648,502,SYNTH
2026-03-09 13:44:32.552Z,2.7667,352,SYNTH
2026-03-09 13:44:33.456Z,2.7683,443,SYNTH
2026-03-09 13:44:34.576Z,2.7691,515,SYNTH
2026-03-09 13:44:35.582Z,2.7705,585,SYNTH
2026-03-09 13:44:36.120Z,2.7705,391,SYNTH
2026-03-09 13:44:37.096Z,2.7703,686,SYNTH
2026-03-09 13:44:38.127Z,2.7714,1322,SYNTH
2026-03-09 13:44:39.751Z,2.7686,998,SYNTH
2026-03-09 13:44:40.697Z,2.7688,1232,SYNTH
2026-03-09 13:44:41.408Z,2.7674,353,SYNTH
2026-03-09 13:44:42.022Z,2.7669,418,SYNTH
2026-03-09 13:44:43.190Z,2.7672,309,SYNTH
2026-03-09 13:44:44.057Z,2.7663,550,SYNTH
2026-03-09 13:44:45.161Z,2.7692,1043,SYNTH
2026-03-09 13:44:46.114Z,2.7694,462,SYNTH
2026-03-09 13:44:47.630Z,2.7657,448,SYNTH
2026-03-09 13:44:48.790Z,2.7689,586,SYNTH
2026-03-09 13:44:49.029Z,2.7660,575,SYNTH
2026-03-09 13:44:50.170Z,2.7680,764,SYNTH
2026-03-09 13:44:51.780Z,2.7692,594,SYNTH
2026-03-09 13:44:52.134Z,2.7687,546,SYNTH
2026-03-09 13:44:53.450Z,2.7704,371,SYNTH
2026-03-09 13:44:54.629Z,2.7681,522,SYNTH
2026-03-09 13:44:55.047Z,2.7703,373,SYNTH
2026-03-09 13:44:56.644Z,2.7710,593,SYNTH
2026-03-09 13:44:57.166Z,2.7704,803,SYNTH
2026-03-09 13:44:58.190Z,2.7704,933,SYNTH
2026-03-09 13:44:59.015Z,2.7681,435,SYNTH
2026-03-09 13:45:00.471Z,2.7706,383,SYNTH
2026-03-09 13:45:01.211Z,2.7680,373,SYNTH
2026-03-09 13:45:02.718Z,2.7720,491,SYNTH
2026-03-09 13:45:03.673Z,2.7701,508,SYNTH
2026-03-09 13:45:04.231Z,2.7694,468,SYNTH
2026-03-09 13:45:05.435Z,2.7721,468,SYNTH
2026-03-09 13:45:06.280Z,2.7696,302,SYNTH
2026-03-09 13:45:07.711Z,2.7708,226,SYNTH
2026-03-09 13:45:08.232Z,2.7689,443,SYNTH
2026-03-09 13:45:09.854Z,2.7727,400,SYNTH
2026-03-09 13:45:10.009Z,2.7725,333,SYNTH
2026-03-09 13:45:11.125Z,2.7697,1093,SYNTH
2026-03-09 13:45:12.122Z,2.7719,480,SYNTH
2026-03-09 13:45:13.319Z,2.7676,971,SYNTH
2026-03-09 13:45:14.105Z,2.7711,417,SYNTH
2026-03-09 13:45:15.521Z,2.7691,347,SYNTH
2026-03-09 13:45:16.107Z,2.7712,611,SYNTH
2026-03-09 13:45:17.662Z,2.7722,296,SYNTH
2026-03-09 13:45:18.149Z,2.7695,705,SYNTH
2026-03-09 13:45:19.885Z,2.7714,331,SYNTH
2026-03-09 13:45:20.042Z,2.7720,329,SYNTH
2026-03-09 13:45:21.264Z,2.7720,222,SYNTH
2026-03-09 13:45:22.759Z,2.7702,367,SYNTH
2026-03-09 13:45:23.689Z,2.7717,222,SYNTH
2026-03-09 13:45:24.323Z,2.7744,148,SYNTH
2026-03-09 13:45:25.140Z,2.7750,295,SYNTH
2026-03-09 13:45:26.040Z,2.7750,219,SYNTH
2026-03-09 13:45:27.080Z,2.7758,354,SYNTH
2026-03-09 13:45:28.281Z,2.7745,303,SYNTH
2026-03-09 13:45:29.268Z,2.7766,164,SYNTH
2026-03-09 13:45:30.279Z,2.7749,242,SYNTH
2026-03-09 13:45:31.642Z,2.7780,213,SYNTH
2026-03-09 13:45:32.869Z,2.7777,198,SYNTH
2026-03-09 13:45:33.572Z,2.7795,217,SYNTH
2026-03-09 13:45:34.560Z,2.7800,363,SYNTH
2026-03-09 13:45:35.731Z,2.7806,322,SYNTH
2026-03-09 13:45:36.343Z,2.7806,357,SYNTH
2026-03-09 13:45:37.042Z,2.7775,581,SYNTH
2026-03-09 13:45:38.015Z,2.7816,616,SYNTH
2026-03-09 13:45:39.107Z,2.7785,675,SYNTH
2026-03-09 13:45:40.061Z,2.7784,490,SYNTH
2026-03-09 13:45:41.494Z,2.7812,160,SYNTH
2026-03-09 13:45:42.748Z,2.7775,207,SYNTH
2026-03-09 13:45:43.760Z,2.7768,178,SYNTH
2026-03-09 13:45:44.317Z,2.7775,236,SYNTH
2026-03-09 13:45:45.040Z,2.7797,625,SYNTH
2026-03-09 13:45:46.571Z,2.7769,419,SYNTH
2026-03-09 13:45:47.153Z,2.7772,637,SYNTH
2026-03-09 13:45:48.759Z,2.7786,232,SYNTH
2026-03-09 13:45:49.753Z,2.7770,188,SYNTH
2026-03-09 13:45:50.853Z,2.7749,273,SYNTH
2026-03-09 13:45:51.456Z,2.7744,467,SYNTH
2026-03-09 13:45:52.003Z,2.7731,257,SYNTH
2026-03-09 13:45:53.054Z,2.7715,438,SYNTH
2026-03-09 13:45:54.480Z,2.7718,429,SYNTH
2026-03-09 13:45:55.347Z,2.7707,249,SYNTH
2026-03-09 13:45:56.329Z,2.7733,368,SYNTH
2026-03-09 13:45:57.799Z,2.7683,382,SYNTH
2026-03-09 13:45:58.371Z,2.7725,533,SYNTH
2026-03-09 13:45:59.364Z,2.7684,283,SYNTH
2026-03-09 13:46:00.204Z,2.7702,26,SYNTH
2026-03-09 13:46:01.315Z,2.7704,24,SYNTH
2026-03-09 13:46:02.774Z,2.7678,41,SYNTH
2026-03-09 13:46:03.253Z,2.7697,32,SYNTH
2026-03-09 13:46:04.274Z,2.7723,18,SYNTH
2026-03-09 13:46:05.898Z,2.7687,28,SYNTH
2026-03-09 13:46:06.711Z,2.7690,21,SYNTH
2026-03-09 13:46:07.559Z,2.7710,35,SYNTH
2026-03-09 13:46:08.842Z,2.7686,19,SYNTH
2026-03-09 13:46:09.358Z,2.7705,34,SYNTH
2026-03-09 13:46:10.691Z,2.7684,35,SYNTH
2026-03-09 13:46:11.287Z,2.7678,40,SYNTH
2026-03-09 13:46:12.897Z,2.7683,35,SYNTH
2026-03-09 13:46:13.871Z,2.7711,49,SYNTH
2026-03-09 13:46:14.564Z,2.7681,18,SYNTH
2026-03-09 13:46:15.546Z,2.7685,25,SYNTH
2026-03-09 13:46:16.620Z,2.7717,45,SYNTH
2026-03-09 13:46:17.223Z,2.7683,25,SYNTH
2026-03-09 13:46:18.115Z,2.7708,32,SYNTH
2026-03-09 13:46:19.297Z,2.7708,25,SYNTH
2026-03-09 13:46:20.714Z,2.7686,17,SYNTH
2026-03-09 13:46:21.809Z,2.7710,26,SYNTH
2026-03-09 13:46:22.401Z,2.7712,29,SYNTH
2026-03-09 13:46:23.482Z,2.7706,13,SYNTH
2026-03-09 13:46:24.580Z,2.7684,20,SYNTH
2026-03-09 13:46:25.877Z,2.7690,20,SYNTH
2026-03-09 13:46:26.209Z,2.7710,16,SYNTH
2026-03-09 13:46:27.663Z,2.7724,26,SYNTH
2026-03-09 13:46:28.351Z,2.7702,20,SYNTH
2026-03-09 13:46:29.681Z,2.7723,27,SYNTH
2026-03-09 13:46:30.728Z,2.7696,24,SYNTH
2026-03-09 13:46:31.082Z,2.7716,21,SYNTH
2026-03-09 13:46:32.543Z,2.7681,23,SYNTH
2026-03-09 13:46:33.713Z,2.7711,21,SYNTH
2026-03-09 13:46:34.316Z,2.7715,29,SYNTH
2026-03-09 13:46:35.883Z,2.7711,13,SYNTH
2026-03-09 13:46:36.262Z,2.7694,25,SYNTH
2026-03-09 13:46:37.100Z,2.7715,33,SYNTH
2026-03-09 13:46:38.299Z,2.7680,59,SYNTH
2026-03-09 13:46:39.236Z,2.7699,74,SYNTH
2026-03-09 13:46:40.106Z,2.7707,31,SYNTH
2026-03-09 13:46:41.068Z,2.7716,31,SYNTH
2026-03-09 13:46:42.346Z,2.7706,14,SYNTH
2026-03-09 13:46:43.173Z,2.7709,17,SYNTH
2026-03-09 13:46:44.249Z,2.7686,28,SYNTH
2026-03-09 13:46:45.203Z,2.7685,31,SYNTH
2026-03-09 13:46:46.413Z,2.7713,26,SYNTH
2026-03-09 13:46:47.791Z,2.7695,32,SYNTH
2026-03-09 13:46:48.565Z,2.7680,34,SYNTH
2026-03-09 13:46:49.293Z,2.7703,18,SYNTH
2026-03-09 13:46:50.309Z,2.7698,36,SYNTH
2026-03-09 13:46:51.852Z,2.7682,32,SYNTH
2026-03-09 13:46:52.149Z,2.7707,21,SYNTH
2026-03-09 13:46:53.515Z,2.7682,35,SYNTH
2026-03-09 13:46:54.685Z,2.7718,25,SYNTH
2026-03-09 13:46:55.588Z,2.7682,28,SYNTH
2026-03-09 13:46:56.801Z,2.7707,25,SYNTH
2026-03-09 13:46:57.376Z,2.7690,40,SYNTH
2026-03-09 13:46:58.659Z,2.7721,21,SYNTH
2026-03-09 13:46:59.589Z,2.7695,34,SYNTH
2026-03-09 13:47:00.631Z,2.7711,12,SYNTH
2026-03-09 13:47:01.606Z,2.7718,20,SYNTH
2026-03-09 13:47:02.701Z,2.7679,14,SYNTH
2026-03-09 13:47:03.566Z,2.7724,14,SYNTH
2026-03-09 13:47:04.541Z,2.7695,12,SYNTH
2026-03-09 13:47:05.808Z,2.7689,17,SYNTH
2026-03-09 13:47:06.768Z,2.7711,13,SYNTH
2026-03-09 13:47:07.743Z,2.7696,10,SYNTH
2026-03-09 13:47:08.867Z,2.7722,16,SYNTH
2026-03-09 13:47:09.090Z,2.7689,13,SYNTH
2026-03-09 13:47:10.829Z,2.7724,10,SYNTH
2026-03-09 13:47:11.664Z,2.7692,35,SYNTH
2026-03-09 13:47:12.024Z,2.7697,22,SYNTH
2026-03-09 13:47:13.325Z,2.7708,22,SYNTH
2026-03-09 13:47:14.368Z,2.7679,13,SYNTH
2026-03-09 13:47:15.182Z,2.7716,12,SYNTH
2026-03-09 13:47:16.567Z,2.7715,24,SYNTH
2026-03-09 13:47:17.780Z,2.7698,13,SYNTH
2026-03-09 13:47:18.389Z,2.7700,17,SYNTH
2026-03-09 13:47:19.656Z,2.7686,15,SYNTH
2026-03-09 13:47:20.189Z,2.7704,16,SYNTH
2026-03-09 13:47:21.667Z,2.7714,10,SYNTH
2026-03-09 13:47:22.779Z,2.7701,14,SYNTH
2026-03-09 13:47:23.057Z,2.7675,7,SYNTH
2026-03-09 13:47:24.715Z,2.7719,10,SYNTH
2026-03-09 13:47:25.005Z,2.7685,13,SYNTH
2026-03-09 13:47:26.329Z,2.7705,15,SYNTH
2026-03-09 13:47:27.361Z,2.7687,7,SYNTH
2026-03-09 13:47:28.498Z,2.7722,6,SYNTH
2026-03-09 13:47:29.333Z,2.7696,15,SYNTH
2026-03-09 13:47:30.728Z,2.7722,14,SYNTH
2026-03-09 13:47:31.586Z,2.7680,11,SYNTH
2026-03-09 13:47:32.233Z,2.7682,8,SYNTH
2026-03-09 13:47:33.463Z,2.7708,10,SYNTH
2026-03-09 13:47:34.892Z,2.7683,8,SYNTH
2026-03-09 13:47:35.577Z,2.7716,14,SYNTH
2026-03-09 13:47:36.073Z,2.7693,13,SYNTH
2026-03-09 13:47:37.569Z,2.7691,25,SYNTH
2026-03-09 13:47:38.426Z,2.7712,23,SYNTH
2026-03-09 13:47:39.244Z,2.7685,19,SYNTH
2026-03-09 13:47:40.051Z,2.7718,18,SYNTH
2026-03-09 13:47:41.551Z,2.7710,10,SYNTH
2026-03-09 13:47:42.354Z,2.7688,11,SYNTH
2026-03-09 13:47:43.852Z,2.7696,15,SYNTH
2026-03-09 13:47:44.503Z,2.7707,14,SYNTH
2026-03-09 13:47:45.614Z,2.7684,17,SYNTH
2026-03-09 13:47:46.373Z,2.7708,12,SYNTH
2026-03-09 13:47:47.808Z,2.7691,11,SYNTH
2026-03-09 13:47:48.729Z,2.7702,11,SYNTH
2026-03-09 13:47:49.797Z,2.7715,16,SYNTH
2026-03-09 13:47:50.339Z,2.7721,12,SYNTH
2026-03-09 13:47:51.881Z,2.7680,8,SYNTH
2026-03-09 13:47:52.362Z,2.7711,19,SYNTH
2026-03-09 13:47:53.623Z,2.7711,21,SYNTH
2026-03-09 13:47:54.534Z,2.7695,12,SYNTH
2026-03-09 13:47:55.520Z,2.7678,20,SYNTH
2026-03-09 13:47:56.725Z,2.7711,22,SYNTH
2026-03-09 13:47:57.462Z,2.7705,13,SYNTH
2026-03-09 13:47:58.470Z,2.7684,10,SYNTH
2026-03-09 13:47:59.868Z,2.7711,18,SYNTH
2026-03-09 13:48:00.897Z,2.7717,785,SYNTH
2026-03-09 13:48:01.555Z,2.7707,715,SYNTH
2026-03-09 13:48:02.219Z,2.7707,564,SYNTH
2026-03-09 13:48:03.006Z,2.7686,651,SYNTH
2026-03-09 13:48:04.403Z,2.7691,437,SYNTH
2026-03-09 13:48:05.773Z,2.7706,466,SYNTH
2026-03-09 13:48:06.132Z,2.7713,493,SYNTH
2026-03-09 13:48:07.611Z,2.7693,312,SYNTH
2026-03-09 13:48:08.156Z,2.7701,401,SYNTH
2026-03-09 13:48:09.770Z,2.7701,612,SYNTH
2026-03-09 13:48:10.310Z,2.7688,619,SYNTH
2026-03-09 13:48:11.108Z,2.7702,1439,SYNTH
2026-03-09 13:48:12.651Z,2.7683,624,SYNTH
2026-03-09 13:48:13.025Z,2.7714,1288,SYNTH
2026-03-09 13:48:14.188Z,2.7700,473,SYNTH
2026-03-09 13:48:15.567Z,2.7697,540,SYNTH
2026-03-09 13:48:16.368Z,2.7719,467,SYNTH
2026-03-09 13:48:17.161Z,2.7682,752,SYNTH
2026-03-09 13:48:18.366Z,2.7701,894,SYNTH
2026-03-09 13:48:19.481Z,2.7712,592,SYNTH
2026-03-09 13:48:20.763Z,2.7696,221,SYNTH
2026-03-09 13:48:21.115Z,2.7705,343,SYNTH
2026-03-09 13:48:22.554Z,2.7727,420,SYNTH
2026-03-09 13:48:23.762Z,2.7718,250,SYNTH
2026-03-09 13:48:24.564Z,2.7717,451,SYNTH
2026-03-09 13:48:25.265Z,2.7730,277,SYNTH
2026-03-09 13:48:26.800Z,2.7762,333,SYNTH
2026-03-09 13:48:27.803Z,2.7760,484,SYNTH
2026-03-09 13:48:28.761Z,2.7765,473,SYNTH
2026-03-09 13:48:29.179Z,2.7762,232,SYNTH
2026-03-09 13:48:30.434Z,2.7770,208,SYNTH
2026-03-09 13:48:31.404Z,2.7787,303,SYNTH
2026-03-09 13:48:32.303Z,2.7756,298,SYNTH
2026-03-09 13:48:33.325Z,2.7795,220,SYNTH
2026-03-09 13:48:34.886Z,2.7793,388,SYNTH
2026-03-09 13:48:35.309Z,2.7812,309,SYNTH
2026-03-09 13:48:36.225Z,2.7814,408,SYNTH
2026-03-09 13:48:37.450Z,2.7783,953,SYNTH
2026-03-09 13:48:38.164Z,2.7801,1227,SYNTH
2026-03-09 13:48:39.529Z,2.7806,873,SYNTH
2026-03-09 13:48:40.891Z,2.7781,769,SYNTH
2026-03-09 13:48:41.067Z,2.7778,224,SYNTH
2026-03-09 13:48:42.543Z,2.7800,297,SYNTH
2026-03-09 13:48:43.227Z,2.7780,383,SYNTH
2026-03-09 13:48:44.846Z,2.7806,417,SYNTH
2026-03-09 13:48:45.389Z,2.7785,743,SYNTH
2026-03-09 13:48:46.596Z,2.7779,786,SYNTH
2026-03-09 13:48:47.309Z,2.7806,669,SYNTH
2026-03-09 13:48:48.616Z,2.7786,475,SYNTH
2026-03-09 13:48:49.152Z,2.7810,471,SYNTH
2026-03-09 13:48:50.407Z,2.7801,423,SYNTH
2026-03-09 13:48:51.653Z,2.7815,331,SYNTH
2026-03-09 13:48:52.313Z,2.7784,451,SYNTH
2026-03-09 13:48:53.542Z,2.7793,446,SYNTH
2026-03-09 13:48:54.123Z,2.7814,358,SYNTH
2026-03-09 13:48:55.456Z,2.7804,533,SYNTH
2026-03-09 13:48:56.144Z,2.7804,382,SYNTH
2026-03-09 13:48:57.367Z,2.7777,504,SYNTH
2026-03-09 13:48:58.450Z,2.7812,789,SYNTH
2026-03-09 13:48:59.283Z,2.7787,371,SYNTH
2026-03-09 13:49:00.276Z,2.7713,259,SYNTH
2026-03-09 13:49:01.251Z,2.7720,371,SYNTH
2026-03-09 13:49:02.623Z,2.7712,267,SYNTH
2026-03-09 13:49:03.623Z,2.7689,172,SYNTH
2026-03-09 13:49:04.832Z,2.7710,243,SYNTH
2026-03-09 13:49:05.396Z,2.7720,276,SYNTH
2026-03-09 13:49:06.267Z,2.7679,343,SYNTH
2026-03-09 13:49:07.599Z,2.7705,213,SYNTH
2026-03-09 13:49:08.761Z,2.7681,355,SYNTH
2026-03-09 13:49:09.623Z,2.7716,264,SYNTH
2026-03-09 13:49:10.066Z,2.7683,340,SYNTH
2026-03-09 13:49:11.232Z,2.7682,468,SYNTH
2026-03-09 13:49:12.641Z,2.7716,569,SYNTH
2026-03-09 13:49:13.781Z,2.7688,585,SYNTH
2026-03-09 13:49:14.160Z,2.7718,131,SYNTH
2026-03-09 13:49:15.215Z,2.7718,265,SYNTH
2026-03-09 13:49:16.853Z,2.7688,480,SYNTH
2026-03-09 13:49:17.308Z,2.7711,412,SYNTH
2026-03-09 13:49:18.058Z,2.7707,507,SYNTH
2026-03-09 13:49:19.368Z,2.7710,298,SYNTH
2026-03-09 13:49:20.709Z,2.7691,209,SYNTH
2026-03-09 13:49:21.741Z,2.7723,164,SYNTH
2026-03-09 13:49:22.520Z,2.7717,275,SYNTH
2026-03-09 13:49:23.630Z,2.7725,140,SYNTH
2026-03-09 13:49:24.368Z,2.7709,264,SYNTH
2026-03-09 13:49:25.676Z,2.7739,161,SYNTH
2026-03-09 13:49:26.798Z,2.7755,147,SYNTH
2026-03-09 13:49:27.835Z,2.7760,203,SYNTH
2026-03-09 13:49:28.755Z,2.7753,267,SYNTH
2026-03-09 13:49:29.128Z,2.7769,168,SYNTH
2026-03-09 13:49:30.430Z,2.7775,263,SYNTH
2026-03-09 13:49:31.705Z,2.7793,224,SYNTH
2026-03-09 13:49:32.037Z,2.7777,244,SYNTH
2026-03-09 13:49:33.136Z,2.7790,239,SYNTH
2026-03-09 13:49:34.612Z,2.7791,231,SYNTH
2026-03-09 13:49:35.410Z,2.7796,133,SYNTH
2026-03-09 13:49:36.183Z,2.7818,122,SYNTH
2026-03-09 13:49:37.210Z,2.7807,494,SYNTH
2026-03-09 13:49:38.874Z,2.7798,537,SYNTH
2026-03-09 13:49:39.505Z,2.7774,431,SYNTH
2026-03-09 13:49:40.435Z,2.7821,708,SYNTH
2026-03-09 13:49:41.199Z,2.7779,269,SYNTH
2026-03-09 13:49:42.889Z,2.7781,180,SYNTH
2026-03-09 13:49:43.161Z,2.7804,136,SYNTH
2026-03-09 13:49:44.440Z,2.7771,180,SYNTH
2026-03-09 13:49:45.768Z,2.7777,271,SYNTH
2026-03-09 13:49:46.411Z,2.7769,305,SYNTH
2026-03-09 13:49:47.440Z,2.7785,250,SYNTH
2026-03-09 13:49:48.178Z,2.7775,314,SYNTH
2026-03-09 13:49:49.498Z,2.7753,286,SYNTH
2026-03-09 13:49:50.485Z,2.7749,345,SYNTH
2026-03-09 13:49:51.828Z,2.7736,252,SYNTH
2026-03-09 13:49:52.364Z,2.7742,178,SYNTH
2026-03-09 13:49:53.087Z,2.7721,335,SYNTH
2026-03-09 13:49:54.532Z,2.7715,251,SYNTH
2026-03-09 13:49:55.808Z,2.7717,165,SYNTH
2026-03-09 13:49:56.547Z,2.7691,363,SYNTH
2026-03-09 13:49:57.415Z,2.7680,224,SYNTH
2026-03-09 13:49:58.291Z,2.7682,200,SYNTH
2026-03-09 13:49:59.446Z,2.7701,187,SYNTH
2026-03-09 13:51:00.860Z,2.7714,374,SYNTH
2026-03-09 13:51:01.255Z,2.7681,282,SYNTH
2026-03-09 13:51:02.371Z,2.7704,304,SYNTH
2026-03-09 13:51:03.103Z,2.7670,536,SYNTH
2026-03-09 13:51:04.750Z,2.7657,285,SYNTH
2026-03-09 13:51:05.492Z,2.7651,541,SYNTH
2026-03-09 13:51:06.415Z,2.7635,479,SYNTH
2026-03-09 13:51:07.732Z,2.7637,236,SYNTH
2026-03-09 13:51:08.087Z,2.7612,490,SYNTH
2026-03-09 13:51:09.679Z,2.7603,491,SYNTH
2026-03-09 13:51:10.549Z,2.7598,316,SYNTH
2026-03-09 13:51:11.126Z,2.7584,780,SYNTH
2026-03-09 13:51:12.106Z,2.7593,1120,SYNTH
2026-03-09 13:51:13.584Z,2.7587,529,SYNTH
2026-03-09 13:51:14.618Z,2.7611,200,SYNTH
2026-03-09 13:51:15.445Z,2.7632,334,SYNTH
2026-03-09 13:51:16.316Z,2.7634,499,SYNTH
2026-03-09 13:51:17.122Z,2.7629,337,SYNTH
2026-03-09 13:51:18.293Z,2.7643,423,SYNTH
2026-03-09 13:51:19.093Z,2.7612,404,SYNTH
2026-03-09 13:51:20.317Z,2.7649,292,SYNTH
2026-03-09 13:51:21.574Z,2.7643,261,SYNTH
2026-03-09 13:51:22.630Z,2.7663,310,SYNTH
2026-03-09 13:51:23.135Z,2.7667,344,SYNTH
2026-03-09 13:51:24.691Z,2.7659,387,SYNTH
2026-03-09 13:51:25.716Z,2.7674,310,SYNTH
2026-03-09 13:51:26.598Z,2.7693,164,SYNTH
2026-03-09 13:51:27.618Z,2.7693,303,SYNTH
2026-03-09 13:51:28.195Z,2.7724,179,SYNTH
2026-03-09 13:51:29.662Z,2.7742,202,SYNTH
2026-03-09 13:51:30.747Z,2.7752,218,SYNTH
2026-03-09 13:51:31.126Z,2.7764,185,SYNTH
2026-03-09 13:51:32.720Z,2.7773,183,SYNTH
2026-03-09 13:51:33.099Z,2.7771,260,SYNTH
2026-03-09 13:51:34.133Z,2.7783,217,SYNTH
2026-03-09 13:51:35.183Z,2.7789,381,SYNTH
2026-03-09 13:51:36.226Z,2.7803,202,SYNTH
2026-03-09 13:51:37.650Z,2.7798,676,SYNTH
2026-03-09 13:51:38.218Z,2.7804,726,SYNTH
2026-03-09 13:51:39.092Z,2.7813,712,SYNTH
2026-03-09 13:51:40.805Z,2.7783,419,SYNTH
2026-03-09 13:51:41.091Z,2.7806,271,SYNTH
2026-03-09 13:51:42.222Z,2.7781,192,SYNTH
2026-03-09 13:51:43.573Z,2.7807,294,SYNTH
2026-03-09 13:51:44.505Z,2.7782,242,SYNTH
2026-03-09 13:51:45.249Z,2.7791,430,SYNTH
2026-03-09 13:51:46.208Z,2.7770,613,SYNTH
2026-03-09 13:51:47.420Z,2.7763,372,SYNTH
2026-03-09 13:51:48.648Z,2.7776,457,SYNTH
2026-03-09 13:51:49.819Z,2.7766,388,SYNTH
2026-03-09 13:51:50.897Z,2.7749,405,SYNTH
2026-03-09 13:51:51.165Z,2.7743,425,SYNTH
2026-03-09 13:51:52.744Z,2.7731,509,SYNTH
2026-03-09 13:51:53.161Z,2.7712,473,SYNTH
2026-03-09 13:51:54.088Z,2.7706,372,SYNTH
2026-03-09 13:51:55.283Z,2.7712,536,SYNTH
2026-03-09 13:51:56.362Z,2.7719,396,SYNTH
2026-03-09 13:51:57.742Z,2.7687,381,SYNTH
2026-03-09 13:51:58.621Z,2.7687,572,SYNTH
2026-03-09 13:51:59.522Z,2.7717,441,SYNTH
2026-03-09 13:52:00.061Z,2.7707,20,SYNTH
2026-03-09 13:52:01.512Z,2.7677,14,SYNTH
2026-03-09 13:52:02.098Z,2.7718,25,SYNTH
2026-03-09 13:52:03.070Z,2.7686,13,SYNTH
2026-03-09 13:52:04.846Z,2.7704,22,SYNTH
2026-03-09 13:52:05.087Z,2.7706,13,SYNTH
2026-03-09 13:52:06.372Z,2.7710,25,SYNTH
2026-03-09 13:52:07.456Z,2.7705,23,SYNTH
2026-03-09 13:52:08.897Z,2.7682,12,SYNTH
2026-03-09 13:52:09.221Z,2.7722,18,SYNTH
2026-03-09 13:52:10.527Z,2.7689,19,SYNTH
2026-03-09 13:52:11.615Z,2.7710,54,SYNTH
2026-03-09 13:52:12.713Z,2.7717,25,SYNTH
2026-03-09 13:52:13.355Z,2.7684,27,SYNTH
2026-03-09 13:52:14.036Z,2.7713,21,SYNTH
2026-03-09 13:52:15.794Z,2.7674,10,SYNTH
2026-03-09 13:52:16.455Z,2.7723,16,SYNTH
2026-03-09 13:52:17.300Z,2.7696,29,SYNTH
2026-03-09 13:52:18.853Z,2.7713,31,SYNTH
2026-03-09 13:52:19.620Z,2.7692,26,SYNTH
2026-03-09 13:52:20.235Z,2.7722,14,SYNTH
2026-03-09 13:52:21.898Z,2.7691,14,SYNTH
2026-03-09 13:52:22.161Z,2.7714,15,SYNTH
2026-03-09 13:52:23.097Z,2.7704,13,SYNTH
2026-03-09 13:52:24.128Z,2.7684,12,SYNTH
2026-03-09 13:52:25.289Z,2.7721,8,SYNTH
2026-03-09 13:52:26.640Z,2.7721,8,SYNTH
2026-03-09 13:52:27.117Z,2.7697,16,SYNTH
2026-03-09 13:52:28.720Z,2.7717,13,SYNTH
2026-03-09 13:52:29.830Z,2.7680,15,SYNTH
2026-03-09 13:52:30.356Z,2.7690,10,SYNTH
2026-03-09 13:52:31.178Z,2.7716,9,SYNTH
2026-03-09 13:52:32.035Z,2.7688,8,SYNTH
2026-03-09 13:52:33.146Z,2.7719,8,SYNTH
2026-03-09 13:52:34.586Z,2.7684,11,SYNTH
2026-03-09 13:52:35.565Z,2.7704,18,SYNTH
2026-03-09 13:52:36.088Z,2.7705,8,SYNTH
2026-03-09 13:52:37.120Z,2.7719,45,SYNTH
2026-03-09 13:52:38.330Z,2.7696,22,SYNTH
2026-03-09 13:52:39.164Z,2.7713,34,SYNTH
2026-03-09 13:52:40.833Z,2.7685,41,SYNTH
2026-03-09 13:52:41.790Z,2.7706,14,SYNTH
2026-03-09 13:52:42.269Z,2.7715,11,SYNTH
2026-03-09 13:52:43.579Z,2.7685,11,SYNTH
2026-03-09 13:52:44.066Z,2.7687,17,SYNTH
2026-03-09 13:52:45.262Z,2.7709,30,SYNTH
2026-03-09 13:52:46.400Z,2.7689,15,SYNTH
2026-03-09 13:52:47.385Z,2.7708,27,SYNTH
2026-03-09 13:52:48.590Z,2.7711,11,SYNTH
2026-03-09 13:52:49.448Z,2.7682,15,SYNTH
2026-03-09 13:52:50.534Z,2.7710,15,SYNTH
2026-03-09 13:52:51.653Z,2.7680,12,SYNTH
2026-03-09 13:52:52.256Z,2.7718,16,SYNTH
2026-03-09 13:52:53.541Z,2.7693,17,SYNTH
2026-03-09 13:52:54.498Z,2.7708,25,SYNTH
2026-03-09 13:52:55.166Z,2.7694,26,SYNTH
2026-03-09 13:52:56.405Z,2.7719,19,SYNTH
2026-03-09 13:52:57.354Z,2.7691,16,SYNTH
2026-03-09 13:52:58.090Z,2.7712,24,SYNTH
2026-03-09 13:52:59.237Z,2.7694,24,SYNTH
2026-03-09 13:53:00.174Z,2.7705,6,SYNTH
2026-03-09 13:53:01.538Z,2.7708,3,SYNTH
2026-03-09 13:53:02.497Z,2.7696,5,SYNTH
2026-03-09 13:53:03.780Z,2.7721,6,SYNTH
2026-03-09 13:53:04.801Z,2.7698,4,SYNTH
2026-03-09 13:53:05.851Z,2.7715,5,SYNTH
2026-03-09 13:53:06.437Z,2.7680,4,SYNTH
2026-03-09 13:53:07.810Z,2.7700,5,SYNTH
2026-03-09 13:53:08.368Z,2.7716,5,SYNTH
2026-03-09 13:53:09.327Z,2.7674,3,SYNTH
2026-03-09 13:53:10.269Z,2.7712,3,SYNTH
2026-03-09 13:53:11.730Z,2.7703,12,SYNTH
2026-03-09 13:53:12.341Z,2.7720,9,SYNTH
2026-03-09 13:53:13.463Z,2.7693,6,SYNTH
2026-03-09 13:53:14.142Z,2.7715,5,SYNTH
2026-03-09 13:53:15.173Z,2.7689,4,SYNTH
2026-03-09 13:53:16.050Z,2.7712,8,SYNTH
2026-03-09 13:53:17.816Z,2.7686,8,SYNTH
2026-03-09 13:53:18.012Z,2.7718,9,SYNTH
2026-03-09 13:53:19.142Z,2.7708,7,SYNTH
2026-03-09 13:53:20.853Z,2.7696,3,SYNTH
2026-03-09 13:53:21.527Z,2.7685,4,SYNTH
2026-03-09 13:53:22.125Z,2.7710,4,SYNTH
2026-03-09 13:53:23.103Z,2.7692,3,SYNTH
2026-03-09 13:53:24.005Z,2.7711,4,SYNTH
2026-03-09 13:53:25.770Z,2.7700,3,SYNTH
2026-03-09 13:53:26.029Z,2.7714,3,SYNTH
2026-03-09 13:53:27.173Z,2.7692,3,SYNTH
2026-03-09 13:53:28.036Z,2.7707,4,SYNTH
2026-03-09 13:53:29.193Z,2.7716,4,SYNTH
2026-03-09 13:53:30.849Z,2.7709,4,SYNTH
2026-03-09 13:53:31.257Z,2.7682,4,SYNTH
2026-03-09 13:53:32.439Z,2.7715,3,SYNTH
2026-03-09 13:53:33.456Z,2.7707,3,SYNTH
2026-03-09 13:53:34.484Z,2.7695,4,SYNTH
2026-03-09 13:53:35.582Z,2.7716,4,SYNTH
2026-03-09 13:53:36.141Z,2.7682,2,SYNTH
2026-03-09 13:53:37.837Z,2.7711,6,SYNTH
2026-03-09 13:53:38.038Z,2.7692,10,SYNTH
2026-03-09 13:53:39.217Z,2.7696,8,SYNTH
2026-03-09 13:53:40.200Z,2.7707,11,SYNTH
2026-03-09 13:53:41.298Z,2.7715,4,SYNTH
2026-03-09 13:53:42.414Z,2.7694,2,SYNTH
2026-03-09 13:53:43.111Z,2.7685,2,SYNTH
2026-03-09 13:53:44.593Z,2.7715,5,SYNTH
2026-03-09 13:53:45.753Z,2.7711,7,SYNTH
2026-03-09 13:53:46.822Z,2.7708,7,SYNTH
2026-03-09 13:53:47.465Z,2.7693,4,SYNTH
2026-03-09 13:53:48.241Z,2.7713,3,SYNTH
2026-03-09 13:53:49.777Z,2.7679,3,SYNTH
2026-03-09 13:53:50.085Z,2.7707,5,SYNTH
2026-03-09 13:53:51.564Z,2.7682,6,SYNTH
2026-03-09 13:53:52.628Z,2.7709,4,SYNTH
2026-03-09 13:53:53.738Z,2.7704,6,SYNTH
2026-03-09 13:53:54.110Z,2.7681,6,SYNTH
2026-03-09 13:53:55.151Z,2.7705,6,SYNTH
2026-03-09 13:53:56.462Z,2.7715,3,SYNTH
2026-03-09 13:53:57.012Z,2.7695,3,SYNTH
2026-03-09 13:53:58.573Z,2.7708,3,SYNTH
2026-03-09 13:53:59.390Z,2.7699,6,SYNTH
2026-03-09 13:54:00.804Z,2.7705,32,SYNTH
2026-03-09 13:54:01.542Z,2.7695,28,SYNTH
2026-03-09 13:54:02.050Z,2.7681,19,SYNTH
2026-03-09 13:54:03.174Z,2.7705,41,SYNTH
2026-03-09 13:54:04.634Z,2.7714,36,SYNTH
2026-03-09 13:54:05.034Z,2.7682,27,SYNTH
2026-03-09 13:54:06.398Z,2.7689,30,SYNTH
2026-03-09 13:54:07.828Z,2.7719,39,SYNTH
2026-03-09 13:54:08.868Z,2.7702,30,SYNTH
2026-03-09 13:54:09.321Z,2.7701,18,SYNTH
2026-03-09 13:54:10.517Z,2.7712,29,SYNTH
2026-03-09 13:54:11.456Z,2.7681,48,SYNTH
2026-03-09 13:54:12.829Z,2.7712,52,SYNTH
2026-03-09 13:54:13.384Z,2.7682,75,SYNTH
2026-03-09 13:54:14.319Z,2.7714,21,SYNTH
2026-03-09 13:54:15.279Z,2.7684,25,SYNTH
2026-03-09 13:54:16.890Z,2.7710,24,SYNTH
2026-03-09 13:54:17.034Z,2.7704,54,SYNTH
2026-03-09 13:54:18.382Z,2.7687,37,SYNTH
2026-03-09 13:54:19.011Z,2.7704,36,SYNTH
2026-03-09 13:54:20.010Z,2.7685,24,SYNTH
2026-03-09 13:54:21.402Z,2.7706,26,SYNTH
2026-03-09 13:54:22.245Z,2.7687,17,SYNTH
2026-03-09 13:54:23.622Z,2.7684,14,SYNTH
2026-03-09 13:54:24.680Z,2.7707,23,SYNTH
2026-03-09 13:54:25.555Z,2.7683,25,SYNTH
2026-03-09 13:54:26.790Z,2.7699,21,SYNTH
2026-03-09 13:54:27.658Z,2.7707,20,SYNTH
2026-03-09 13:54:28.039Z,2.7723,19,SYNTH
2026-03-09 13:54:29.416Z,2.7725,29,SYNTH
2026-03-09 13:54:30.701Z,2.7687,28,SYNTH
2026-03-09 13:54:31.460Z,2.7716,12,SYNTH
2026-03-09 13:54:32.257Z,2.7705,13,SYNTH
2026-03-09 13:54:33.265Z,2.7714,24,SYNTH
2026-03-09 13:54:34.583Z,2.7683,26,SYNTH
2026-03-09 13:54:35.621Z,2.7713,22,SYNTH
2026-03-09 13:54:36.314Z,2.7718,22,SYNTH
2026-03-09 13:54:37.539Z,2.7692,75,SYNTH
2026-03-09 13:54:38.517Z,2.7714,34,SYNTH
2026-03-09 13:54:39.319Z,2.7688,55,SYNTH
2026-03-09 13:54:40.264Z,2.7712,33,SYNTH
2026-03-09 13:54:41.183Z,2.7701,21,SYNTH
2026-03-09 13:54:42.481Z,2.7716,25,SYNTH
2026-03-09 13:54:43.280Z,2.7695,24,SYNTH
2026-03-09 13:54:44.169Z,2.7724,17,SYNTH
2026-03-09 13:54:45.578Z,2.7700,24,SYNTH
2026-03-09 13:54:46.488Z,2.7683,21,SYNTH
2026-03-09 13:54:47.306Z,2.7687,26,SYNTH
2026-03-09 13:54:48.140Z,2.7706,33,SYNTH
2026-03-09 13:54:49.770Z,2.7713,35,SYNTH
2026-03-09 13:54:50.066Z,2.7685,24,SYNTH
2026-03-09 13:54:51.433Z,2.7712,35,SYNTH
2026-03-09 13:54:52.208Z,2.7715,24,SYNTH
2026-03-09 13:54:53.227Z,2.7680,37,SYNTH
2026-03-09 13:54:54.883Z,2.7708,18,SYNTH
2026-03-09 13:54:55.572Z,2.7680,35,SYNTH
2026-03-09 13:54:56.333Z,2.7720,20,SYNTH
2026-03-09 13:54:57.539Z,2.7718,42,SYNTH
2026-03-09 13:54:58.044Z,2.7682,27,SYNTH
2026-03-09 13:54:59.093Z,2.7719,20,SYNTH
2026-03-09 13:55:00.223Z,2.7714,6,SYNTH
2026-03-09 13:55:01.693Z,2.7712,4,SYNTH
2026-03-09 13:55:02.782Z,2.7688,6,SYNTH
2026-03-09 13:55:03.496Z,2.7708,3,SYNTH
2026-03-09 13:55:04.701Z,2.7694,3,SYNTH
2026-03-09 13:55:05.693Z,2.7722,5,SYNTH
2026-03-09 13:55:06.469Z,2.7691,5,SYNTH
2026-03-09 13:55:07.683Z,2.7712,4,SYNTH
2026-03-09 13:55:08.731Z,2.7724,4,SYNTH
2026-03-09 13:55:09.888Z,2.7690,6,SYNTH
2026-03-09 13:55:10.483Z,2.7709,4,SYNTH
2026-03-09 13:55:11.446Z,2.7719,9,SYNTH
2026-03-09 13:55:12.886Z,2.7695,9,SYNTH
2026-03-09 13:55:13.859Z,2.7711,13,SYNTH
2026-03-09 13:55:14.236Z,2.7709,4,SYNTH
2026-03-09 13:55:15.678Z,2.7725,5,SYNTH
2026-03-09 13:55:16.765Z,2.7683,7,SYNTH
2026-03-09 13:55:17.048Z,2.7725,5,SYNTH
2026-03-09 13:55:18.128Z,2.7691,5,SYNTH
2026-03-09 13:55:19.570Z,2.7724,9,SYNTH
2026-03-09 13:55:20.138Z,2.7691,4,SYNTH
2026-03-09 13:55:21.728Z,2.7698,3,SYNTH
2026-03-09 13:55:22.414Z,2.7677,4,SYNTH
2026-03-09 13:55:23.485Z,2.7717,3,SYNTH
2026-03-09 13:55:24.821Z,2.7715,3,SYNTH
2026-03-09 13:55:25.251Z,2.7690,4,SYNTH
2026-03-09 13:55:26.445Z,2.7713,3,SYNTH
2026-03-09 13:55:27.013Z,2.7705,4,SYNTH
2026-03-09 13:55:28.601Z,2.7685,3,SYNTH
2026-03-09 13:55:29.325Z,2.7722,4,SYNTH
2026-03-09 13:55:30.810Z,2.7674,2,SYNTH
2026-03-09 13:55:31.548Z,2.7706,4,SYNTH
2026-03-09 13:55:32.410Z,2.7715,2,SYNTH
2026-03-09 13:55:33.049Z,2.7675,3,SYNTH
2026-03-09 13:55:34.421Z,2.7698,2,SYNTH
2026-03-09 13:55:35.862Z,2.7706,2,SYNTH
2026-03-09 13:55:36.869Z,2.7698,2,SYNTH
2026-03-09 13:55:37.553Z,2.7678,11,SYNTH
2026-03-09 13:55:38.476Z,2.7719,11,SYNTH
2026-03-09 13:55:39.271Z,2.7713,11,SYNTH
2026-03-09 13:55:40.065Z,2.7688,9,SYNTH
2026-03-09 13:55:41.561Z,2.7704,3,SYNTH
2026-03-09 13:55:42.072Z,2.7711,4,SYNTH
2026-03-09 13:55:43.705Z,2.7721,4,SYNTH
2026-03-09 13:55:44.351Z,2.7688,3,SYNTH
2026-03-09 13:55:45.723Z,2.7724,4,SYNTH
2026-03-09 13:55:46.717Z,2.7680,8,SYNTH
2026-03-09 13:55:47.595Z,2.7710,6,SYNTH
2026-03-09 13:55:48.192Z,2.7682,5,SYNTH
2026-03-09 13:55:49.484Z,2.7704,5,SYNTH
2026-03-09 13:55:50.871Z,2.7681,5,SYNTH
2026-03-09 13:55:51.721Z,2.7691,4,SYNTH
2026-03-09 13:55:52.295Z,2.7704,6,SYNTH
2026-03-09 13:55:53.039Z,2.7688,3,SYNTH
2026-03-09 13:55:54.810Z,2.7714,4,SYNTH
2026-03-09 13:55:55.868Z,2.7698,4,SYNTH
2026-03-09 13:55:56.104Z,2.7720,5,SYNTH
2026-03-09 13:55:57.071Z,2.7678,4,SYNTH
2026-03-09 13:55:58.690Z,2.7724,7,SYNTH
2026-03-09 13:55:59.548Z,2.7681,5,SYNTH
2026-03-09 13:56:00.634Z,2.7705,34,SYNTH
2026-03-09 13:56:01.025Z,2.7715,20,SYNTH
2026-03-09 13:56:02.587Z,2.7693,35,SYNTH
2026-03-09 13:56:03.189Z,2.7717,16,SYNTH
2026-03-09 13:56:04.077Z,2.7683,19,SYNTH
2026-03-09 13:56:05.429Z,2.7709,34,SYNTH
2026-03-09 13:56:06.314Z,2.7687,33,SYNTH
2026-03-09 13:56:07.766Z,2.7704,15,SYNTH
2026-03-09 13:56:08.261Z,2.7704,21,SYNTH
2026-03-09 13:56:09.327Z,2.7723,26,SYNTH
2026-03-09 13:56:10.835Z,2.7688,13,SYNTH
2026-03-09 13:56:11.618Z,2.7695,42,SYNTH
2026-03-09 13:56:12.291Z,2.7704,42,SYNTH
2026-03-09 13:56:13.078Z,2.7703,71,SYNTH
2026-03-09 13:56:14.710Z,2.7684,19,SYNTH
2026-03-09 13:56:15.475Z,2.7697,19,SYNTH
2026-03-09 13:56:16.886Z,2.7711,48,SYNTH
2026-03-09 13:56:17.610Z,2.7694,20,SYNTH
2026-03-09 13:56:18.379Z,2.7707,42,SYNTH
2026-03-09 13:56:19.804Z,2.7688,24,SYNTH
2026-03-09 13:56:20.395Z,2.7676,22,SYNTH
2026-03-09 13:56:21.526Z,2.7725,15,SYNTH
2026-03-09 13:56:22.876Z,2.7700,19,SYNTH
2026-03-09 13:56:23.405Z,2.7685,20,SYNTH
2026-03-09 13:56:24.471Z,2.7712,14,SYNTH
2026-03-09 13:56:25.468Z,2.7688,21,SYNTH
2026-03-09 13:56:26.835Z,2.7713,14,SYNTH
2026-03-09 13:56:27.878Z,2.7707,17,SYNTH
2026-03-09 13:56:28.528Z,2.7695,24,SYNTH
2026-03-09 13:56:29.084Z,2.7709,22,SYNTH
2026-03-09 13:56:30.234Z,2.7718,17,SYNTH
2026-03-09 13:56:31.490Z,2.7690,10,SYNTH
2026-03-09 13:56:32.266Z,2.7698,24,SYNTH
2026-03-09 13:56:33.143Z,2.7715,12,SYNTH
2026-03-09 13:56:34.464Z,2.7695,10,SYNTH
2026-03-09 13:56:35.138Z,2.7710,24,SYNTH
2026-03-09 13:56:36.730Z,2.7681,22,SYNTH
2026-03-09 13:56:37.840Z,2.7698,60,SYNTH
2026-03-09 13:56:38.755Z,2.7721,45,SYNTH
2026-03-09 13:56:39.436Z,2.7701,38,SYNTH
2026-03-09 13:56:40.071Z,2.7678,39,SYNTH
2026-03-09 13:56:41.221Z,2.7715,19,SYNTH
2026-03-09 13:56:42.868Z,2.7687,23,SYNTH
2026-03-09 13:56:43.872Z,2.7704,21,SYNTH
2026-03-09 13:56:44.410Z,2.7697,19,SYNTH
2026-03-09 13:56:45.489Z,2.7705,32,SYNTH
2026-03-09 13:56:46.244Z,2.7710,35,SYNTH
2026-03-09 13:56:47.318Z,2.7696,24,SYNTH
2026-03-09 13:56:48.188Z,2.7700,20,SYNTH
2026-03-09 13:56:49.766Z,2.7715,13,SYNTH
2026-03-09 13:56:50.523Z,2.7712,20,SYNTH
2026-03-09 13:56:51.054Z,2.7718,32,SYNTH
2026-03-09 13:56:52.268Z,2.7683,20,SYNTH
2026-03-09 13:56:53.434Z,2.7713,14,SYNTH
2026-03-09 13:56:54.120Z,2.7696,14,SYNTH
2026-03-09 13:56:55.100Z,2.7682,24,SYNTH
2026-03-09 13:56:56.453Z,2.7690,28,SYNTH
2026-03-09 13:56:57.737Z,2.7702,20,SYNTH
2026-03-09 13:56:58.536Z,2.7710,33,SYNTH
2026-03-09 13:56:59.823Z,2.7713,27,SYNTH
2026-03-09 13:57:00.012Z,2.7604,128,SYNTH
2026-03-09 13:57:01.103Z,2.7615,58,SYNTH
2026-03-09 13:57:02.435Z,2.7595,63,SYNTH
2026-03-09 13:57:03.570Z,2.7617,108,SYNTH
2026-03-09 13:57:04.531Z,2.7623,118,SYNTH
2026-03-09 13:57:05.369Z,2.7586,62,SYNTH
2026-03-09 13:57:06.602Z,2.7621,121,SYNTH
2026-03-09 13:57:07.029Z,2.7582,115,SYNTH
2026-03-09 13:57:08.181Z,2.7602,105,SYNTH
2026-03-09 13:57:09.118Z,2.7577,85,SYNTH
2026-03-09 13:57:10.338Z,2.7608,78,SYNTH
2026-03-09 13:57:11.448Z,2.7621,158,SYNTH
2026-03-09 13:57:12.465Z,2.7592,211,SYNTH
2026-03-09 13:57:13.713Z,2.7610,245,SYNTH
2026-03-09 13:57:14.625Z,2.7580,57,SYNTH
2026-03-09 13:57:15.589Z,2.7608,45,SYNTH
2026-03-09 13:57:16.779Z,2.7599,128,SYNTH
2026-03-09 13:57:17.294Z,2.7605,86,SYNTH
2026-03-09 13:57:18.197Z,2.7591,119,SYNTH
2026-03-09 13:57:19.353Z,2.7611,75,SYNTH
2026-03-09 13:57:20.535Z,2.7594,91,SYNTH
2026-03-09 13:57:21.888Z,2.7588,92,SYNTH
2026-03-09 13:57:22.122Z,2.7622,37,SYNTH
2026-03-09 13:57:23.898Z,2.7590,48,SYNTH
2026-03-09 13:57:24.185Z,2.7607,68,SYNTH
2026-03-09 13:57:25.050Z,2.7595,39,SYNTH
2026-03-09 13:57:26.856Z,2.7599,44,SYNTH
2026-03-09 13:57:27.719Z,2.7610,68,SYNTH
2026-03-09 13:57:28.498Z,2.7577,66,SYNTH
2026-03-09 13:57:29.432Z,2.7622,58,SYNTH
2026-03-09 13:57:30.773Z,2.7575,55,SYNTH
2026-03-09 13:57:31.356Z,2.7611,55,SYNTH
2026-03-09 13:57:32.101Z,2.7617,60,SYNTH
2026-03-09 13:57:33.002Z,2.7578,42,SYNTH
2026-03-09 13:57:34.559Z,2.7601,58,SYNTH
2026-03-09 13:57:35.209Z,2.7597,74,SYNTH
2026-03-09 13:57:36.603Z,2.7604,69,SYNTH
2026-03-09 13:57:37.340Z,2.7620,100,SYNTH
2026-03-09 13:57:38.449Z,2.7586,196,SYNTH
2026-03-09 13:57:39.035Z,2.7578,204,SYNTH
2026-03-09 13:57:40.193Z,2.7606,154,SYNTH
2026-03-09 13:57:41.411Z,2.7619,57,SYNTH
2026-03-09 13:57:42.244Z,2.7618,69,SYNTH
2026-03-09 13:57:43.783Z,2.7586,59,SYNTH
2026-03-09 13:57:44.311Z,2.7619,66,SYNTH
2026-03-09 13:57:45.635Z,2.7597,66,SYNTH
2026-03-09 13:57:46.149Z,2.7590,107,SYNTH
2026-03-09 13:57:47.650Z,2.7610,126,SYNTH
2026-03-09 13:57:48.297Z,2.7614,47,SYNTH
2026-03-09 13:57:49.737Z,2.7610,79,SYNTH
2026-03-09 13:57:50.367Z,2.7593,87,SYNTH
2026-03-09 13:57:51.341Z,2.7583,114,SYNTH
2026-03-09 13:57:52.398Z,2.7612,104,SYNTH
2026-03-09 13:57:53.802Z,2.7578,79,SYNTH
2026-03-09 13:57:54.431Z,2.7619,112,SYNTH
2026-03-09 13:57:55.542Z,2.7591,118,SYNTH
2026-03-09 13:57:56.629Z,2.7585,55,SYNTH
2026-03-09 13:57:57.072Z,2.7602,127,SYNTH
2026-03-09 13:57:58.374Z,2.7604,66,SYNTH
2026-03-09 13:57:59.574Z,2.7611,126,SYNTH
2026-03-09 13:58:00.416Z,2.7705,38,SYNTH
2026-03-09 13:58:01.779Z,2.7681,28,SYNTH
2026-03-09 13:58:02.646Z,2.7715,53,SYNTH
2026-03-09 13:58:03.386Z,2.7697,49,SYNTH
2026-03-09 13:58:04.809Z,2.7708,35,SYNTH
2026-03-09 13:58:05.036Z,2.7715,22,SYNTH
2026-03-09 13:58:06.432Z,2.7699,26,SYNTH
2026-03-09 13:58:07.059Z,2.7690,38,SYNTH
2026-03-09 13:58:08.609Z,2.7720,48,SYNTH
2026-03-09 13:58:09.356Z,2.7685,23,SYNTH
2026-03-09 13:58:10.065Z,2.7677,35,SYNTH
2026-03-09 13:58:11.421Z,2.7708,73,SYNTH
2026-03-09 13:58:12.583Z,2.7718,67,SYNTH
2026-03-09 13:58:13.817Z,2.7718,109,SYNTH
2026-03-09 13:58:14.573Z,2.7688,28,SYNTH
2026-03-09 13:58:15.385Z,2.7690,25,SYNTH
2026-03-09 13:58:16.670Z,2.7709,49,SYNTH
2026-03-09 13:58:17.262Z,2.7712,69,SYNTH
2026-03-09 13:58:18.232Z,2.7675,46,SYNTH
2026-03-09 13:58:19.700Z,2.7720,58,SYNTH
2026-03-09 13:58:20.595Z,2.7714,25,SYNTH
2026-03-09 13:58:21.591Z,2.7717,22,SYNTH
2026-03-09 13:58:22.639Z,2.7691,24,SYNTH
2026-03-09 13:58:23.001Z,2.7713,18,SYNTH
2026-03-09 13:58:24.368Z,2.7712,23,SYNTH
2026-03-09 13:58:25.871Z,2.7715,25,SYNTH
2026-03-09 13:58:26.256Z,2.7681,28,SYNTH
2026-03-09 13:58:27.594Z,2.7693,19,SYNTH
2026-03-09 13:58:28.142Z,2.7713,25,SYNTH
2026-03-09 13:58:29.750Z,2.7677,23,SYNTH
2026-03-09 13:58:30.464Z,2.7704,35,SYNTH
2026-03-09 13:58:31.409Z,2.7685,31,SYNTH
2026-03-09 13:58:32.399Z,2.7709,30,SYNTH
2026-03-09 13:58:33.334Z,2.7691,21,SYNTH
2026-03-09 13:58:34.011Z,2.7678,30,SYNTH
2026-03-09 13:58:35.436Z,2.7710,21,SYNTH
2026-03-09 13:58:36.069Z,2.7720,29,SYNTH
2026-03-09 13:58:37.796Z,2.7688,72,SYNTH
2026-03-09 13:58:38.493Z,2.7703,59,SYNTH
2026-03-09 13:58:39.681Z,2.7683,67,SYNTH
2026-03-09 13:58:40.607Z,2.7700,44,SYNTH
2026-03-09 13:58:41.202Z,2.7718,39,SYNTH
2026-03-09 13:58:42.398Z,2.7687,22,SYNTH
2026-03-09 13:58:43.681Z,2.7713,36,SYNTH
2026-03-09 13:58:44.066Z,2.7685,33,SYNTH
2026-03-09 13:58:45.267Z,2.7687,42,SYNTH
2026-03-09 13:58:46.453Z,2.7716,47,SYNTH
2026-03-09 13:58:47.358Z,2.7690,50,SYNTH
2026-03-09 13:58:48.124Z,2.7710,46,SYNTH
2026-03-09 13:58:49.752Z,2.7688,30,SYNTH
2026-03-09 13:58:50.204Z,2.7711,26,SYNTH
2026-03-09 13:58:51.054Z,2.7721,44,SYNTH
2026-03-09 13:58:52.466Z,2.7689,35,SYNTH
2026-03-09 13:58:53.673Z,2.7680,46,SYNTH
2026-03-09 13:58:54.017Z,2.7710,39,SYNTH
2026-03-09 13:58:55.202Z,2.7690,26,SYNTH
2026-03-09 13:58:56.263Z,2.7708,48,SYNTH
2026-03-09 13:58:57.838Z,2.7719,50,SYNTH
2026-03-09 13:58:58.661Z,2.7684,40,SYNTH
2026-03-09 13:58:59.437Z,2.7709,60,SYNTH
2026-03-09 13:59:00.628Z,2.7611,28,SYNTH
2026-03-09 13:59:01.519Z,2.7575,38,SYNTH
2026-03-09 13:59:02.230Z,2.7617,42,SYNTH
2026-03-09 13:59:03.525Z,2.7596,23,SYNTH
2026-03-09 13:59:04.836Z,2.7618,27,SYNTH
2026-03-09 13:59:05.888Z,2.7578,51,SYNTH
2026-03-09 13:59:06.314Z,2.7614,30,SYNTH
2026-03-09 13:59:07.630Z,2.7578,38,SYNTH
2026-03-09 13:59:08.289Z,2.7601,45,SYNTH
2026-03-09 13:59:09.591Z,2.7618,40,SYNTH
2026-03-09 13:59:10.396Z,2.7597,30,SYNTH
2026-03-09 13:59:11.130Z,2.7609,112,SYNTH
2026-03-09 13:59:12.154Z,2.7614,53,SYNTH
2026-03-09 13:59:13.347Z,2.7581,62,SYNTH
2026-03-09 13:59:14.284Z,2.7611,37,SYNTH
2026-03-09 13:59:15.629Z,2.7583,23,SYNTH
2026-03-09 13:59:16.677Z,2.7617,41,SYNTH
2026-03-09 13:59:17.842Z,2.7592,53,SYNTH
2026-03-09 13:59:18.196Z,2.7618,65,SYNTH
2026-03-09 13:59:19.496Z,2.7620,33,SYNTH
2026-03-09 13:59:20.731Z,2.7591,19,SYNTH
2026-03-09 13:59:21.523Z,2.7585,22,SYNTH
2026-03-09 13:59:22.035Z,2.7593,17,SYNTH
2026-03-09 13:59:23.754Z,2.7612,25,SYNTH
2026-03-09 13:59:24.837Z,2.7621,18,SYNTH
2026-03-09 13:59:25.258Z,2.7595,21,SYNTH
2026-03-09 13:59:26.692Z,2.7580,21,SYNTH
2026-03-09 13:59:27.728Z,2.7608,30,SYNTH
2026-03-09 13:59:28.891Z,2.7593,22,SYNTH
2026-03-09 13:59:29.260Z,2.7583,27,SYNTH
2026-03-09 13:59:30.137Z,2.7618,19,SYNTH
2026-03-09 13:59:31.093Z,2.7597,33,SYNTH
2026-03-09 13:59:32.701Z,2.7584,36,SYNTH
2026-03-09 13:59:33.230Z,2.7605,15,SYNTH
2026-03-09 13:59:34.899Z,2.7596,15,SYNTH
2026-03-09 13:59:35.272Z,2.7618,32,SYNTH
2026-03-09 13:59:36.437Z,2.7590,15,SYNTH
2026-03-09 13:59:37.813Z,2.7608,47,SYNTH
2026-03-09 13:59:38.418Z,2.7584,72,SYNTH
2026-03-09 13:59:39.511Z,2.7582,67,SYNTH
2026-03-09 13:59:40.021Z,2.7599,57,SYNTH
2026-03-09 13:59:41.302Z,2.7609,29,SYNTH
2026-03-09 13:59:42.783Z,2.7586,37,SYNTH
2026-03-09 13:59:43.613Z,2.7616,18,SYNTH
2026-03-09 13:59:44.343Z,2.7590,35,SYNTH
2026-03-09 13:59:45.635Z,2.7606,39,SYNTH
2026-03-09 13:59:46.795Z,2.7586,40,SYNTH
2026-03-09 13:59:47.487Z,2.7611,56,SYNTH
2026-03-09 13:59:48.134Z,2.7611,34,SYNTH
2026-03-09 13:59:49.275Z,2.7588,26,SYNTH
2026-03-09 13:59:50.489Z,2.7617,40,SYNTH
2026-03-09 13:59:51.250Z,2.7608,25,SYNTH
2026-03-09 13:59:52.175Z,2.7584,33,SYNTH
2026-03-09 13:59:53.326Z,2.7617,41,SYNTH
2026-03-09 13:59:54.246Z,2.7610,26,SYNTH
2026-03-09 13:59:55.117Z,2.7578,48,SYNTH
2026-03-09 13:59:56.548Z,2.7616,35,SYNTH
2026-03-09 13:59:57.159Z,2.7583,27,SYNTH
2026-03-09 13:59:58.720Z,2.7609,54,SYNTH
2026-03-09 13:59:59.486Z,2.7600,55,SYNTH
2026-03-09 14:00:00.047Z,2.7618,29,SYNTH
2026-03-09 14:00:01.274Z,2.7610,30,SYNTH
2026-03-09 14:00:02.832Z,2.7595,17,SYNTH
2026-03-09 14:00:03.226Z,2.7619,29,SYNTH
2026-03-09 14:00:04.037Z,2.7590,21,SYNTH
2026-03-09 14:00:05.593Z,2.7585,13,SYNTH
2026-03-09 14:00:06.545Z,2.7623,20,SYNTH
2026-03-09 14:00:07.525Z,2.7611,13,SYNTH
2026-03-09 14:00:08.854Z,2.7601,15,SYNTH
2026-03-09 14:00:09.202Z,2.7613,22,SYNTH
2026-03-09 14:00:10.258Z,2.7592,19,SYNTH
2026-03-09 14:00:11.426Z,2.7583,53,SYNTH
2026-03-09 14:00:12.830Z,2.7622,45,SYNTH
2026-03-09 14:00:13.697Z,2.7583,60,SYNTH
2026-03-09 14:00:14.393Z,2.7622,20,SYNTH
2026-03-09 14:00:15.785Z,2.7587,22,SYNTH
2026-03-09 14:00:16.113Z,2.7605,37,SYNTH
2026-03-09 14:00:17.369Z,2.7587,20,SYNTH
2026-03-09 14:00:18.691Z,2.7608,34,SYNTH
2026-03-09 14:00:19.225Z,2.7610,31,SYNTH
2026-03-09 14:00:20.177Z,2.7598,12,SYNTH
2026-03-09 14:00:21.495Z,2.7621,16,SYNTH
2026-03-09 14:00:22.129Z,2.7609,12,SYNTH
2026-03-09 14:00:23.544Z,2.7630,14,SYNTH
2026-03-09 14:00:24.536Z,2.7605,13,SYNTH
2026-03-09 14:00:25.723Z,2.7638,19,SYNTH
2026-03-09 14:00:26.175Z,2.7637,8,SYNTH
2026-03-09 14:00:27.387Z,2.7661,11,SYNTH
2026-03-09 14:00:28.582Z,2.7657,19,SYNTH
2026-03-09 14:00:29.094Z,2.7675,20,SYNTH
2026-03-09 14:00:30.187Z,2.7673,19,SYNTH
2026-03-09 14:00:31.404Z,2.7674,11,SYNTH
2026-03-09 14:00:32.367Z,2.7693,9,SYNTH
2026-03-09 14:00:33.347Z,2.7699,19,SYNTH
2026-03-09 14:00:34.402Z,2.7681,18,SYNTH
2026-03-09 14:00:35.733Z,2.7696,11,SYNTH
2026-03-09 14:00:36.261Z,2.7709,21,SYNTH
2026-03-09 14:00:37.238Z,2.7718,43,SYNTH
2026-03-09 14:00:38.329Z,2.7709,37,SYNTH
2026-03-09 14:00:39.499Z,2.7699,53,SYNTH
2026-03-09 14:00:40.179Z,2.7679,50,SYNTH
2026-03-09 14:00:41.663Z,2.7688,9,SYNTH
2026-03-09 14:00:42.867Z,2.7713,16,SYNTH
2026-03-09 14:00:43.541Z,2.7670,21,SYNTH
2026-03-09 14:00:44.674Z,2.7667,18,SYNTH
2026-03-09 14:00:45.877Z,2.7691,27,SYNTH
2026-03-09 14:00:46.192Z,2.7664,33,SYNTH
2026-03-09 14:00:47.023Z,2.7702,25,SYNTH
2026-03-09 14:00:48.305Z,2.7684,22,SYNTH
2026-03-09 14:00:49.426Z,2.7676,24,SYNTH
2026-03-09 14:00:50.422Z,2.7690,16,SYNTH
2026-03-09 14:00:51.133Z,2.7696,14,SYNTH
2026-03-09 14:00:52.185Z,2.7702,25,SYNTH
2026-03-09 14:00:53.257Z,2.7712,13,SYNTH
2026-03-09 14:00:54.064Z,2.7718,24,SYNTH
2026-03-09 14:00:55.409Z,2.7689,17,SYNTH
2026-03-09 14:00:56.893Z,2.7712,23,SYNTH
2026-03-09 14:00:57.288Z,2.7701,28,SYNTH
2026-03-09 14:00:58.655Z,2.7711,24,SYNTH
2026-03-09 14:00:59.781Z,2.7690,26,SYNTH
2026-03-09 14:01:00.553Z,2.7604,23,SYNTH
2026-03-09 14:01:01.474Z,2.7618,35,SYNTH
2026-03-09 14:01:02.742Z,2.7594,37,SYNTH
2026-03-09 14:01:03.730Z,2.7590,36,SYNTH
2026-03-09 14:01:04.359Z,2.7590,25,SYNTH
2026-03-09 14:01:05.052Z,2.7587,28,SYNTH
2026-03-09 14:01:06.557Z,2.7603,38,SYNTH
2026-03-09 14:01:07.797Z,2.7608,19,SYNTH
2026-03-09 14:01:08.727Z,2.7612,39,SYNTH
2026-03-09 14:01:09.693Z,2.7618,30,SYNTH
2026-03-09 14:01:10.161Z,2.7581,31,SYNTH
2026-03-09 14:01:11.409Z,2.7608,66,SYNTH
2026-03-09 14:01:12.022Z,2.7579,51,SYNTH
2026-03-09 14:01:13.252Z,2.7613,64,SYNTH
2026-03-09 14:01:14.091Z,2.7617,15,SYNTH
2026-03-09 14:01:15.841Z,2.7623,26,SYNTH
2026-03-09 14:01:16.327Z,2.7593,25,SYNTH
2026-03-09 14:01:17.154Z,2.7588,33,SYNTH
2026-03-09 14:01:18.458Z,2.7602,38,SYNTH
2026-03-09 14:01:19.370Z,2.7608,32,SYNTH
2026-03-09 14:01:20.046Z,2.7585,16,SYNTH
2026-03-09 14:01:21.275Z,2.7598,13,SYNTH
2026-03-09 14:01:22.064Z,2.7610,29,SYNTH
2026-03-09 14:01:23.430Z,2.7618,21,SYNTH
2026-03-09 14:01:24.217Z,2.7608,15,SYNTH
2026-03-09 14:01:25.690Z,2.7610,27,SYNTH
2026-03-09 14:01:26.520Z,2.7589,27,SYNTH
2026-03-09 14:01:27.216Z,2.7595,15,SYNTH
2026-03-09 14:01:28.556Z,2.7618,20,SYNTH
2026-03-09 14:01:29.328Z,2.7591,29,SYNTH
2026-03-09 14:01:30.579Z,2.7616,20,SYNTH
2026-03-09 14:01:31.195Z,2.7589,15,SYNTH
2026-03-09 14:01:32.037Z,2.7619,26,SYNTH
2026-03-09 14:01:33.113Z,2.7587,18,SYNTH
2026-03-09 14:01:34.200Z,2.7604,24,SYNTH
2026-03-09 14:01:35.234Z,2.7592,19,SYNTH
2026-03-09 14:01:36.764Z,2.7611,26,SYNTH
2026-03-09 14:01:37.114Z,2.7610,51,SYNTH
2026-03-09 14:01:38.610Z,2.7606,59,SYNTH
2026-03-09 14:01:39.636Z,2.7592,64,SYNTH
2026-03-09 14:01:40.371Z,2.7617,61,SYNTH
2026-03-09 14:01:41.489Z,2.7590,20,SYNTH
2026-03-09 14:01:42.020Z,2.7594,15,SYNTH
2026-03-09 14:01:43.680Z,2.7614,25,SYNTH
2026-03-09 14:01:44.582Z,2.7592,30,SYNTH
2026-03-09 14:01:45.175Z,2.7611,39,SYNTH
2026-03-09 14:01:46.108Z,2.7610,35,SYNTH
2026-03-09 14:01:47.407Z,2.7577,43,SYNTH
2026-03-09 14:01:48.837Z,2.7607,33,SYNTH
2026-03-09 14:01:49.739Z,2.7605,19,SYNTH
2026-03-09 14:01:50.865Z,2.7589,24,SYNTH
2026-03-09 14:01:51.458Z,2.7610,24,SYNTH
2026-03-09 14:01:52.368Z,2.7585,33,SYNTH
2026-03-09 14:01:53.504Z,2.7615,26,SYNTH
2026-03-09 14:01:54.527Z,2.7593,29,SYNTH
2026-03-09 14:01:55.649Z,2.7580,20,SYNTH
2026-03-09 14:01:56.780Z,2.7614,37,SYNTH
2026-03-09 14:01:57.326Z,2.7594,24,SYNTH
2026-03-09 14:01:58.443Z,2.7617,34,SYNTH
2026-03-09 14:01:59.103Z,2.7599,33,SYNTH
2026-03-09 14:03:00.642Z,2.7718,24,SYNTH
2026-03-09 14:03:01.519Z,2.7683,47,SYNTH
2026-03-09 14:03:02.139Z,2.7715,37,SYNTH
2026-03-09 14:03:03.873Z,2.7697,47,SYNTH
2026-03-09 14:03:04.717Z,2.7682,25,SYNTH
2026-03-09 14:03:05.515Z,2.7705,23,SYNTH
2026-03-09 14:03:06.098Z,2.7686,29,SYNTH
2026-03-09 14:03:07.323Z,2.7686,26,SYNTH
2026-03-09 14:03:08.302Z,2.7714,25,SYNTH
2026-03-09 14:03:09.360Z,2.7689,26,SYNTH
2026-03-09 14:03:10.027Z,2.7686,18,SYNTH
2026-03-09 14:03:11.426Z,2.7700,70,SYNTH
2026-03-09 14:03:12.616Z,2.7702,40,SYNTH
2026-03-09 14:03:13.698Z,2.7685,45,SYNTH
2026-03-09 14:03:14.863Z,2.7689,28,SYNTH
2026-03-09 14:03:15.176Z,2.7690,34,SYNTH
2026-03-09 14:03:16.872Z,2.7707,32,SYNTH
2026-03-09 14:03:17.154Z,2.7694,46,SYNTH
2026-03-09 14:03:18.152Z,2.7720,58,SYNTH
2026-03-09 14:03:19.304Z,2.7719,36,SYNTH
2026-03-09 14:03:20.232Z,2.7691,29,SYNTH
2026-03-09 14:03:21.189Z,2.7707,14,SYNTH
2026-03-09 14:03:22.645Z,2.7714,27,SYNTH
2026-03-09 14:03:23.639Z,2.7695,18,SYNTH
2026-03-09 14:03:24.635Z,2.7700,25,SYNTH
2026-03-09 14:03:25.671Z,2.7709,29,SYNTH
2026-03-09 14:03:26.074Z,2.7690,22,SYNTH
2026-03-09 14:03:27.820Z,2.7700,15,SYNTH
2026-03-09 14:03:28.078Z,2.7704,24,SYNTH
2026-03-09 14:03:29.295Z,2.7708,24,SYNTH
2026-03-09 14:03:30.560Z,2.7724,23,SYNTH
2026-03-09 14:03:31.376Z,2.7705,22,SYNTH
2026-03-09 14:03:32.139Z,2.7689,15,SYNTH
2026-03-09 14:03:33.878Z,2.7684,25,SYNTH
2026-03-09 14:03:34.383Z,2.7712,20,SYNTH
2026-03-09 14:03:35.432Z,2.7723,20,SYNTH
2026-03-09 14:03:36.765Z,2.7698,28,SYNTH
2026-03-09 14:03:37.249Z,2.7678,43,SYNTH
2026-03-09 14:03:38.222Z,2.7692,44,SYNTH
2026-03-09 14:03:39.637Z,2.7706,43,SYNTH
2026-03-09 14:03:40.149Z,2.7692,69,SYNTH
2026-03-09 14:03:41.329Z,2.7708,30,SYNTH
2026-03-09 14:03:42.816Z,2.7679,35,SYNTH
2026-03-09 14:03:43.205Z,2.7701,22,SYNTH
2026-03-09 14:03:44.024Z,2.7682,18,SYNTH
2026-03-09 14:03:45.530Z,2.7677,47,SYNTH
2026-03-09 14:03:46.481Z,2.7707,23,SYNTH
2026-03-09 14:03:47.442Z,2.7701,31,SYNTH
2026-03-09 14:03:48.334Z,2.7708,39,SYNTH
2026-03-09 14:03:49.233Z,2.7689,32,SYNTH
2026-03-09 14:03:50.211Z,2.7701,25,SYNTH
2026-03-09 14:03:51.841Z,2.7677,41,SYNTH
2026-03-09 14:03:52.768Z,2.7718,33,SYNTH
2026-03-09 14:03:53.859Z,2.7715,37,SYNTH
2026-03-09 14:03:54.346Z,2.7694,37,SYNTH
2026-03-09 14:03:55.617Z,2.7719,21,SYNTH
2026-03-09 14:03:56.203Z,2.7718,26,SYNTH
2026-03-09 14:03:57.449Z,2.7693,30,SYNTH
2026-03-09 14:03:58.793Z,2.7681,32,SYNTH
2026-03-09 14:03:59.883Z,2.7706,34,SYNTH
2026-03-09 14:05:00.809Z,2.7805,205,SYNTH
2026-03-09 14:05:01.372Z,2.7812,213,SYNTH
2026-03-09 14:05:02.552Z,2.7783,217,SYNTH
2026-03-09 14:05:03.200Z,2.7807,192,SYNTH
2026-03-09 14:05:04.252Z,2.7807,208,SYNTH
2026-03-09 14:05:05.346Z,2.7779,119,SYNTH
2026-03-09 14:05:06.485Z,2.7818,195,SYNTH
2026-03-09 14:05:07.599Z,2.7815,116,SYNTH
2026-03-09 14:05:08.630Z,2.7804,189,SYNTH
2026-03-09 14:05:09.572Z,2.7780,111,SYNTH
2026-03-09 14:05:10.192Z,2.7807,106,SYNTH
2026-03-09 14:05:11.254Z,2.7794,261,SYNTH
2026-03-09 14:05:12.344Z,2.7808,373,SYNTH
2026-03-09 14:05:13.326Z,2.7788,223,SYNTH
2026-03-09 14:05:14.805Z,2.7790,91,SYNTH
2026-03-09 14:05:15.878Z,2.7813,122,SYNTH
2026-03-09 14:05:16.855Z,2.7822,246,SYNTH
2026-03-09 14:05:17.648Z,2.7792,128,SYNTH
2026-03-09 14:05:18.732Z,2.7784,239,SYNTH
2026-03-09 14:05:19.864Z,2.7815,199,SYNTH
2026-03-09 14:05:20.074Z,2.7782,101,SYNTH
2026-03-09 14:05:21.682Z,2.7801,101,SYNTH
2026-03-09 14:05:22.607Z,2.7791,138,SYNTH
2026-03-09 14:05:23.229Z,2.7774,86,SYNTH
2026-03-09 14:05:24.556Z,2.7775,114,SYNTH
2026-03-09 14:05:25.580Z,2.7773,95,SYNTH
2026-03-09 14:05:26.897Z,2.7756,94,SYNTH
2026-03-09 14:05:27.459Z,2.7743,96,SYNTH
2026-03-09 14:05:28.688Z,2.7750,100,SYNTH
2026-03-09 14:05:29.460Z,2.7730,92,SYNTH
2026-03-09 14:05:30.854Z,2.7714,65,SYNTH
2026-03-09 14:05:31.701Z,2.7720,136,SYNTH
2026-03-09 14:05:32.553Z,2.7706,139,SYNTH
2026-03-09 14:05:33.356Z,2.7707,143,SYNTH
2026-03-09 14:05:34.883Z,2.7699,99,SYNTH
2026-03-09 14:05:35.832Z,2.7717,114,SYNTH
2026-03-09 14:05:36.689Z,2.7699,145,SYNTH
2026-03-09 14:05:37.093Z,2.7717,194,SYNTH
2026-03-09 14:05:38.086Z,2.7714,346,SYNTH
2026-03-09 14:05:39.155Z,2.7686,342,SYNTH
2026-03-09 14:05:40.658Z,2.7703,204,SYNTH
2026-03-09 14:05:41.338Z,2.7711,82,SYNTH
2026-03-09 14:05:42.715Z,2.7730,92,SYNTH
2026-03-09 14:05:43.874Z,2.7695,127,SYNTH
2026-03-09 14:05:44.553Z,2.7690,80,SYNTH
2026-03-09 14:05:45.094Z,2.7715,119,SYNTH
2026-03-09 14:05:46.124Z,2.7723,122,SYNTH
2026-03-09 14:05:47.223Z,2.7698,231,SYNTH
2026-03-09 14:05:48.351Z,2.7735,155,SYNTH
2026-03-09 14:05:49.043Z,2.7699,151,SYNTH
2026-03-09 14:05:50.313Z,2.7705,95,SYNTH
2026-03-09 14:05:51.723Z,2.7731,158,SYNTH
2026-03-09 14:05:52.692Z,2.7713,180,SYNTH
2026-03-09 14:05:53.013Z,2.7704,111,SYNTH
2026-03-09 14:05:54.451Z,2.7696,141,SYNTH
2026-03-09 14:05:55.538Z,2.7713,133,SYNTH
2026-03-09 14:05:56.075Z,2.7687,94,SYNTH
2026-03-09 14:05:57.155Z,2.7696,181,SYNTH
2026-03-09 14:05:58.149Z,2.7718,121,SYNTH
2026-03-09 14:05:59.572Z,2.7698,176,SYNTH
2026-03-09 14:06:00.804Z,2.7703,7,SYNTH
2026-03-09 14:06:01.630Z,2.7707,6,SYNTH
2026-03-09 14:06:02.287Z,2.7692,6,SYNTH
2026-03-09 14:06:03.436Z,2.7703,9,SYNTH
2026-03-09 14:06:04.837Z,2.7703,8,SYNTH
2026-03-09 14:06:05.504Z,2.7705,5,SYNTH
2026-03-09 14:06:06.763Z,2.7701,7,SYNTH
2026-03-09 14:06:07.541Z,2.7678,11,SYNTH
2026-03-09 14:06:08.784Z,2.7707,7,SYNTH
2026-03-09 14:06:09.434Z,2.7684,4,SYNTH
2026-03-09 14:06:10.020Z,2.7716,4,SYNTH
2026-03-09 14:06:11.774Z,2.7694,18,SYNTH
2026-03-09 14:06:12.271Z,2.7713,21,SYNTH
2026-03-09 14:06:13.550Z,2.7714,18,SYNTH
2026-03-09 14:06:14.810Z,2.7685,7,SYNTH
2026-03-09 14:06:15.016Z,2.7723,9,SYNTH
2026-03-09 14:06:16.638Z,2.7690,13,SYNTH
2026-03-09 14:06:17.426Z,2.7711,13,SYNTH
2026-03-09 14:06:18.708Z,2.7691,11,SYNTH
2026-03-09 14:06:19.243Z,2.7688,11,SYNTH
2026-03-09 14:06:20.405Z,2.7710,7,SYNTH
2026-03-09 14:06:21.174Z,2.7715,5,SYNTH
2026-03-09 14:06:22.634Z,2.7697,6,SYNTH
2026-03-09 14:06:23.344Z,2.7720,5,SYNTH
2026-03-09 14:06:24.157Z,2.7712,5,SYNTH
2026-03-09 14:06:25.015Z,2.7710,3,SYNTH
2026-03-09 14:06:26.314Z,2.7683,4,SYNTH
2026-03-09 14:06:27.547Z,2.7701,5,SYNTH
2026-03-09 14:06:28.807Z,2.7686,5,SYNTH
2026-03-09 14:06:29.218Z,2.7714,4,SYNTH
2026-03-09 14:06:30.159Z,2.7695,8,SYNTH
2026-03-09 14:06:31.745Z,2.7691,5,SYNTH
2026-03-09 14:06:32.547Z,2.7680,5,SYNTH
2026-03-09 14:06:33.599Z,2.7710,6,SYNTH
2026-03-09 14:06:34.605Z,2.7682,5,SYNTH
2026-03-09 14:06:35.390Z,2.7680,5,SYNTH
2026-03-09 14:06:36.190Z,2.7705,6,SYNTH
2026-03-09 14:06:37.219Z,2.7720,14,SYNTH
2026-03-09 14:06:38.051Z,2.7686,11,SYNTH
2026-03-09 14:06:39.310Z,2.7720,9,SYNTH
2026-03-09 14:06:40.415Z,2.7693,16,SYNTH
2026-03-09 14:06:41.834Z,2.7704,4,SYNTH
2026-03-09 14:06:42.341Z,2.7677,5,SYNTH
2026-03-09 14:06:43.322Z,2.7722,6,SYNTH
2026-03-09 14:06:44.369Z,2.7678,8,SYNTH
2026-03-09 14:06:45.189Z,2.7687,14,SYNTH
2026-03-09 14:06:46.485Z,2.7712,6,SYNTH
2026-03-09 14:06:47.442Z,2.7708,7,SYNTH
2026-03-09 14:06:48.328Z,2.7687,5,SYNTH
2026-03-09 14:06:49.358Z,2.7708,7,SYNTH
2026-03-09 14:06:50.819Z,2.7692,9,SYNTH
2026-03-09 14:06:51.797Z,2.7715,6,SYNTH
2026-03-09 14:06:52.371Z,2.7693,10,SYNTH
2026-03-09 14:06:53.145Z,2.7717,11,SYNTH
2026-03-09 14:06:54.014Z,2.7692,9,SYNTH
2026-03-09 14:06:55.755Z,2.7695,11,SYNTH
2026-03-09 14:06:56.575Z,2.7691,8,SYNTH
2026-03-09 14:06:57.890Z,2.7718,11,SYNTH
2026-03-09 14:06:58.286Z,2.7716,7,SYNTH
2026-03-09 14:06:59.633Z,2.7702,9,SYNTH
2026-03-09 14:07:00.589Z,2.7604,53,SYNTH
2026-03-09 14:07:01.489Z,2.7586,24,SYNTH
2026-03-09 14:07:02.337Z,2.7601,28,SYNTH
2026-03-09 14:07:03.320Z,2.7613,22,SYNTH
2026-03-09 14:07:04.392Z,2.7585,25,SYNTH
2026-03-09 14:07:05.237Z,2.7607,28,SYNTH
2026-03-09 14:07:06.341Z,2.7619,20,SYNTH
2026-03-09 14:07:07.126Z,2.7598,27,SYNTH
2026-03-09 14:07:08.395Z,2.7589,26,SYNTH
2026-03-09 14:07:09.825Z,2.7613,26,SYNTH
2026-03-09 14:07:10.641Z,2.7607,19,SYNTH
2026-03-09 14:07:11.461Z,2.7620,53,SYNTH
2026-03-09 14:07:12.191Z,2.7605,76,SYNTH
2026-03-09 14:07:13.408Z,2.7606,60,SYNTH
2026-03-09 14:07:14.332Z,2.7596,25,SYNTH
2026-03-09 14:07:15.796Z,2.7585,25,SYNTH
2026-03-09 14:07:16.485Z,2.7602,29,SYNTH
2026-03-09 14:07:17.232Z,2.7602,33,SYNTH
2026-03-09 14:07:18.194Z,2.7589,38,SYNTH
2026-03-09 14:07:19.516Z,2.7604,51,SYNTH
2026-03-09 14:07:20.722Z,2.7612,29,SYNTH
2026-03-09 14:07:21.337Z,2.7615,35,SYNTH
2026-03-09 14:07:22.614Z,2.7585,26,SYNTH
2026-03-09 14:07:23.090Z,2.7620,17,SYNTH
2026-03-09 14:07:24.696Z,2.7623,16,SYNTH
2026-03-09 14:07:25.708Z,2.7582,24,SYNTH
2026-03-09 14:07:26.889Z,2.7621,27,SYNTH
2026-03-09 14:07:27.540Z,2.7607,31,SYNTH
2026-03-09 14:07:28.587Z,2.7589,14,SYNTH
2026-03-09 14:07:29.464Z,2.7616,25,SYNTH
2026-03-09 14:07:30.839Z,2.7618,16,SYNTH
2026-03-09 14:07:31.060Z,2.7593,25,SYNTH
2026-03-09 14:07:32.690Z,2.7610,32,SYNTH
2026-03-09 14:07:33.154Z,2.7597,16,SYNTH
2026-03-09 14:07:34.788Z,2.7604,17,SYNTH
2026-03-09 14:07:35.224Z,2.7581,34,SYNTH
2026-03-09 14:07:36.468Z,2.7614,36,SYNTH
2026-03-09 14:07:37.766Z,2.7600,87,SYNTH
2026-03-09 14:07:38.352Z,2.7612,38,SYNTH
2026-03-09 14:07:39.515Z,2.7579,53,SYNTH
2026-03-09 14:07:40.012Z,2.7618,58,SYNTH
2026-03-09 14:07:41.346Z,2.7582,21,SYNTH
2026-03-09 14:07:42.013Z,2.7611,31,SYNTH
2026-03-09 14:07:43.277Z,2.7587,18,SYNTH
2026-03-09 14:07:44.393Z,2.7609,23,SYNTH
2026-03-09 14:07:45.299Z,2.7589,52,SYNTH
2026-03-09 14:07:46.298Z,2.7608,25,SYNTH
2026-03-09 14:07:47.723Z,2.7606,43,SYNTH
2026-03-09 14:07:48.115Z,2.7593,30,SYNTH
2026-03-09 14:07:49.217Z,2.7598,22,SYNTH
2026-03-09 14:07:50.369Z,2.7622,18,SYNTH
2026-03-09 14:07:51.426Z,2.7586,42,SYNTH
2026-03-09 14:07:52.587Z,2.7623,24,SYNTH
2026-03-09 14:07:53.257Z,2.7614,32,SYNTH
2026-03-09 14:07:54.203Z,2.7588,28,SYNTH
2026-03-09 14:07:55.012Z,2.7576,50,SYNTH
2026-03-09 14:07:56.633Z,2.7609,38,SYNTH
2026-03-09 14:07:57.818Z,2.7596,24,SYNTH
2026-03-09 14:07:58.378Z,2.7614,53,SYNTH
2026-03-09 14:07:59.204Z,2.7589,46,SYNTH
2026-03-09 14:08:00.795Z,2.7605,20,SYNTH
2026-03-09 14:08:01.457Z,2.7607,11,SYNTH
2026-03-09 14:08:02.115Z,2.7599,10,SYNTH
2026-03-09 14:08:03.040Z,2.7580,14,SYNTH
2026-03-09 14:08:04.276Z,2.7605,14,SYNTH
2026-03-09 14:08:05.259Z,2.7585,11,SYNTH
2026-03-09 14:08:06.754Z,2.7589,8,SYNTH
2026-03-09 14:08:07.032Z,2.7607,8,SYNTH
2026-03-09 14:08:08.608Z,2.7613,10,SYNTH
2026-03-09 14:08:09.696Z,2.7626,17,SYNTH
2026-03-09 14:08:10.111Z,2.7587,14,SYNTH
2026-03-09 14:08:11.101Z,2.7616,33,SYNTH
2026-03-09 14:08:12.757Z,2.7604,33,SYNTH
2026-03-09 14:08:13.854Z,2.7618,41,SYNTH
2026-03-09 14:08:14.244Z,2.7587,13,SYNTH
2026-03-09 14:08:15.093Z,2.7616,15,SYNTH
2026-03-09 14:08:16.499Z,2.7583,23,SYNTH
2026-03-09 14:08:17.524Z,2.7583,21,SYNTH
2026-03-09 14:08:18.500Z,2.7612,25,SYNTH
2026-03-09 14:08:19.080Z,2.7588,12,SYNTH
2026-03-09 14:08:20.354Z,2.7618,13,SYNTH
2026-03-09 14:08:21.570Z,2.7614,6,SYNTH
2026-03-09 14:08:22.046Z,2.7581,9,SYNTH
2026-03-09 14:08:23.214Z,2.7612,10,SYNTH
2026-03-09 14:08:24.491Z,2.7582,10,SYNTH
2026-03-09 14:08:25.016Z,2.7609,11,SYNTH
2026-03-09 14:08:26.395Z,2.7583,9,SYNTH
2026-03-09 14:08:27.378Z,2.7587,12,SYNTH
2026-03-09 14:08:28.142Z,2.7611,6,SYNTH
2026-03-09 14:08:29.887Z,2.7579,6,SYNTH
2026-03-09 14:08:30.469Z,2.7619,11,SYNTH
2026-03-09 14:08:31.728Z,2.7619,7,SYNTH
2026-03-09 14:08:32.386Z,2.7579,13,SYNTH
2026-03-09 14:08:33.151Z,2.7620,11,SYNTH
2026-03-09 14:08:34.803Z,2.7610,7,SYNTH
2026-03-09 14:08:35.220Z,2.7605,11,SYNTH
2026-03-09 14:08:36.210Z,2.7594,13,SYNTH
2026-03-09 14:08:37.710Z,2.7609,29,SYNTH
2026-03-09 14:08:38.448Z,2.7582,36,SYNTH
2026-03-09 14:08:39.783Z,2.7611,25,SYNTH
2026-03-09 14:08:40.556Z,2.7586,23,SYNTH
2026-03-09 14:08:41.570Z,2.7619,13,SYNTH
2026-03-09 14:08:42.510Z,2.7583,10,SYNTH
2026-03-09 14:08:43.067Z,2.7605,15,SYNTH
2026-03-09 14:08:44.111Z,2.7612,13,SYNTH
2026-03-09 14:08:45.411Z,2.7590,15,SYNTH
2026-03-09 14:08:46.610Z,2.7615,14,SYNTH
2026-03-09 14:08:47.312Z,2.7585,19,SYNTH
2026-03-09 14:08:48.322Z,2.7618,17,SYNTH
2026-03-09 14:08:49.826Z,2.7578,13,SYNTH
2026-03-09 14:08:50.391Z,2.7608,16,SYNTH
2026-03-09 14:08:51.319Z,2.7599,11,SYNTH
2026-03-09 14:08:52.226Z,2.7580,13,SYNTH
2026-03-09 14:08:53.498Z,2.7604,18,SYNTH
2026-03-09 14:08:54.193Z,2.7598,9,SYNTH
2026-03-09 14:08:55.126Z,2.7611,18,SYNTH
2026-03-09 14:08:56.893Z,2.7609,18,SYNTH
2026-03-09 14:08:57.490Z,2.7581,16,SYNTH
2026-03-09 14:08:58.644Z,2.7625,22,SYNTH
2026-03-09 14:08:59.054Z,2.7583,22,SYNTH
2026-03-09 14:09:00.193Z,2.7515,76,SYNTH
2026-03-09 14:09:01.342Z,2.7513,79,SYNTH
2026-03-09 14:09:02.786Z,2.7519,61,SYNTH
2026-03-09 14:09:03.407Z,2.7497,44,SYNTH
2026-03-09 14:09:04.131Z,2.7517,89,SYNTH
2026-03-09 14:09:05.827Z,2.7519,76,SYNTH
2026-03-09 14:09:06.646Z,2.7490,64,SYNTH
2026-03-09 14:09:07.096Z,2.7513,80,SYNTH
2026-03-09 14:09:08.896Z,2.7492,62,SYNTH
2026-03-09 14:09:09.241Z,2.7483,68,SYNTH
2026-03-09 14:09:10.217Z,2.7492,34,SYNTH
2026-03-09 14:09:11.150Z,2.7513,115,SYNTH
2026-03-09 14:09:12.421Z,2.7521,160,SYNTH
2026-03-09 14:09:13.249Z,2.7490,93,SYNTH
2026-03-09 14:09:14.296Z,2.7520,49,SYNTH
2026-03-09 14:09:15.331Z,2.7511,32,SYNTH
2026-03-09 14:09:16.429Z,2.7516,93,SYNTH
2026-03-09 14:09:17.596Z,2.7486,52,SYNTH
2026-03-09 14:09:18.483Z,2.7496,72,SYNTH
2026-03-09 14:09:19.248Z,2.7511,95,SYNTH
2026-03-09 14:09:20.536Z,2.7498,35,SYNTH
2026-03-09 14:09:21.730Z,2.7480,52,SYNTH
2026-03-09 14:09:22.135Z,2.7476,49,SYNTH
2026-03-09 14:09:23.599Z,2.7472,57,SYNTH
2026-03-09 14:09:24.166Z,2.7454,62,SYNTH
2026-03-09 14:09:25.885Z,2.7488,59,SYNTH
2026-03-09 14:09:26.423Z,2.7455,46,SYNTH
2026-03-09 14:09:27.273Z,2.7477,53,SYNTH
2026-03-09 14:09:28.787Z,2.7434,36,SYNTH
2026-03-09 14:09:29.348Z,2.7426,60,SYNTH
2026-03-09 14:09:30.827Z,2.7416,61,SYNTH
2026-03-09 14:09:31.831Z,2.7424,50,SYNTH
2026-03-09 14:09:32.550Z,2.7427,32,SYNTH
2026-03-09 14:09:33.388Z,2.7402,55,SYNTH
2026-03-09 14:09:34.697Z,2.7403,52,SYNTH
2026-03-09 14:09:35.741Z,2.7395,57,SYNTH
2026-03-09 14:09:36.109Z,2.7419,33,SYNTH
2026-03-09 14:09:37.578Z,2.7400,117,SYNTH
2026-03-09 14:09:38.008Z,2.7405,107,SYNTH
2026-03-09 14:09:39.389Z,2.7391,133,SYNTH
2026-03-09 14:09:40.662Z,2.7409,161,SYNTH
2026-03-09 14:09:41.419Z,2.7409,58,SYNTH
2026-03-09 14:09:42.643Z,2.7423,67,SYNTH
2026-03-09 14:09:43.854Z,2.7393,51,SYNTH
2026-03-09 14:09:44.703Z,2.7408,59,SYNTH
2026-03-09 14:09:45.790Z,2.7428,53,SYNTH
2026-03-09 14:09:46.248Z,2.7430,93,SYNTH
2026-03-09 14:09:47.655Z,2.7392,80,SYNTH
2026-03-09 14:09:48.006Z,2.7387,53,SYNTH
2026-03-09 14:09:49.693Z,2.7414,52,SYNTH
2026-03-09 14:09:50.712Z,2.7404,47,SYNTH
2026-03-09 14:09:51.834Z,2.7417,35,SYNTH
2026-03-09 14:09:52.468Z,2.7428,72,SYNTH
2026-03-09 14:09:53.877Z,2.7412,74,SYNTH
2026-03-09 14:09:54.803Z,2.7392,73,SYNTH
2026-03-09 14:09:55.597Z,2.7413,87,SYNTH
2026-03-09 14:09:56.169Z,2.7378,42,SYNTH
2026-03-09 14:09:57.732Z,2.7395,72,SYNTH
2026-03-09 14:09:58.800Z,2.7412,49,SYNTH
2026-03-09 14:09:59.572Z,2.7403,45,SYNTH
2026-03-09 14:11:00.615Z,2.7414,54,SYNTH
2026-03-09 14:11:01.425Z,2.7379,89,SYNTH
2026-03-09 14:11:02.690Z,2.7406,68,SYNTH
2026-03-09 14:11:03.781Z,2.7406,69,SYNTH
2026-03-09 14:11:04.369Z,2.7405,66,SYNTH
2026-03-09 14:11:05.741Z,2.7413,67,SYNTH
2026-03-09 14:11:06.602Z,2.7396,65,SYNTH
2026-03-09 14:11:07.691Z,2.7380,65,SYNTH
2026-03-09 14:11:08.661Z,2.7419,40,SYNTH
2026-03-09 14:11:09.898Z,2.7411,32,SYNTH
2026-03-09 14:11:10.720Z,2.7389,58,SYNTH
2026-03-09 14:11:11.791Z,2.7392,122,SYNTH
2026-03-09 14:11:12.749Z,2.7410,76,SYNTH
2026-03-09 14:11:13.707Z,2.7413,129,SYNTH
2026-03-09 14:11:14.782Z,2.7388,49,SYNTH
2026-03-09 14:11:15.575Z,2.7405,28,SYNTH
2026-03-09 14:11:16.195Z,2.7387,77,SYNTH
2026-03-09 14:11:17.062Z,2.7411,63,SYNTH
2026-03-09 14:11:18.289Z,2.7404,68,SYNTH
2026-03-09 14:11:19.020Z,2.7404,85,SYNTH
2026-03-09 14:11:20.072Z,2.7414,45,SYNTH
2026-03-09 14:11:21.318Z,2.7400,35,SYNTH
2026-03-09 14:11:22.116Z,2.7389,38,SYNTH
2026-03-09 14:11:23.641Z,2.7409,35,SYNTH
2026-03-09 14:11:24.354Z,2.7408,56,SYNTH
2026-03-09 14:11:25.104Z,2.7418,52,SYNTH
2026-03-09 14:11:26.164Z,2.7382,24,SYNTH
2026-03-09 14:11:27.083Z,2.7409,36,SYNTH
2026-03-09 14:11:28.693Z,2.7394,24,SYNTH
2026-03-09 14:11:29.482Z,2.7419,55,SYNTH
2026-03-09 14:11:30.469Z,2.7389,36,SYNTH
2026-03-09 14:11:31.539Z,2.7410,30,SYNTH
2026-03-09 14:11:32.464Z,2.7391,44,SYNTH
2026-03-09 14:11:33.601Z,2.7413,38,SYNTH
2026-03-09 14:11:34.627Z,2.7390,38,SYNTH
2026-03-09 14:11:35.025Z,2.7413,33,SYNTH
2026-03-09 14:11:36.843Z,2.7375,34,SYNTH
2026-03-09 14:11:37.881Z,2.7412,117,SYNTH
2026-03-09 14:11:38.387Z,2.7390,88,SYNTH
2026-03-09 14:11:39.829Z,2.7422,89,SYNTH
2026-03-09 14:11:40.722Z,2.7395,70,SYNTH
2026-03-09 14:11:41.034Z,2.7418,52,SYNTH
2026-03-09 14:11:42.626Z,2.7385,28,SYNTH
2026-03-09 14:11:43.221Z,2.7419,41,SYNTH
2026-03-09 14:11:44.297Z,2.7375,51,SYNTH
2026-03-09 14:11:45.102Z,2.7421,76,SYNTH
2026-03-09 14:11:46.402Z,2.7381,65,SYNTH
2026-03-09 14:11:47.602Z,2.7377,55,SYNTH
2026-03-09 14:11:48.317Z,2.7414,49,SYNTH
2026-03-09 14:11:49.004Z,2.7387,53,SYNTH
2026-03-09 14:11:50.272Z,2.7386,65,SYNTH
2026-03-09 14:11:51.046Z,2.7415,55,SYNTH
2026-03-09 14:11:52.726Z,2.7407,57,SYNTH
2026-03-09 14:11:53.066Z,2.7387,54,SYNTH
2026-03-09 14:11:54.490Z,2.7407,38,SYNTH
2026-03-09 14:11:55.175Z,2.7378,35,SYNTH
2026-03-09 14:11:56.809Z,2.7415,65,SYNTH
2026-03-09 14:11:57.008Z,2.7406,51,SYNTH
2026-03-09 14:11:58.235Z,2.7378,77,SYNTH
2026-03-09 14:11:59.802Z,2.7413,84,SYNTH
2026-03-09 14:12:00.128Z,2.7402,33,SYNTH
2026-03-09 14:12:01.752Z,2.7389,22,SYNTH
2026-03-09 14:12:02.808Z,2.7418,23,SYNTH
2026-03-09 14:12:03.300Z,2.7392,18,SYNTH
2026-03-09 14:12:04.713Z,2.7379,35,SYNTH
2026-03-09 14:12:05.683Z,2.7408,16,SYNTH
2026-03-09 14:12:06.236Z,2.7388,25,SYNTH
2026-03-09 14:12:07.186Z,2.7388,32,SYNTH
2026-03-09 14:12:08.231Z,2.7421,27,SYNTH
2026-03-09 14:12:09.347Z,2.7389,26,SYNTH
2026-03-09 14:12:10.571Z,2.7402,22,SYNTH
2026-03-09 14:12:11.669Z,2.7406,58,SYNTH
2026-03-09 14:12:12.765Z,2.7409,36,SYNTH
2026-03-09 14:12:13.228Z,2.7414,58,SYNTH
2026-03-09 14:12:14.456Z,2.7389,14,SYNTH
2026-03-09 14:12:15.418Z,2.7394,22,SYNTH
2026-03-09 14:12:16.683Z,2.7417,41,SYNTH
2026-03-09 14:12:17.842Z,2.7385,24,SYNTH
2026-03-09 14:12:18.308Z,2.7412,30,SYNTH
2026-03-09 14:12:19.308Z,2.7383,35,SYNTH
2026-03-09 14:12:20.834Z,2.7406,17,SYNTH
2026-03-09 14:12:21.562Z,2.7394,23,SYNTH
2026-03-09 14:12:22.292Z,2.7378,24,SYNTH
2026-03-09 14:12:23.535Z,2.7395,14,SYNTH
2026-03-09 14:12:24.689Z,2.7353,18,SYNTH
2026-03-09 14:12:25.738Z,2.7355,23,SYNTH
2026-03-09 14:12:26.534Z,2.7357,24,SYNTH
2026-03-09 14:12:27.413Z,2.7355,22,SYNTH
2026-03-09 14:12:28.000Z,2.7328,20,SYNTH
2026-03-09 14:12:29.828Z,2.7348,16,SYNTH
2026-03-09 14:12:30.855Z,2.7323,19,SYNTH
2026-03-09 14:12:31.890Z,2.7314,20,SYNTH
2026-03-09 14:12:32.757Z,2.7333,12,SYNTH
2026-03-09 14:12:33.468Z,2.7305,16,SYNTH
2026-03-09 14:12:34.320Z,2.7294,11,SYNTH
2026-03-09 14:12:35.855Z,2.7311,20,SYNTH
2026-03-09 14:12:36.758Z,2.7292,21,SYNTH
2026-03-09 14:12:37.641Z,2.7298,61,SYNTH
2026-03-09 14:12:38.005Z,2.7309,37,SYNTH
2026-03-09 14:12:39.076Z,2.7298,42,SYNTH
2026-03-09 14:12:40.644Z,2.7321,65,SYNTH
2026-03-09 14:12:41.398Z,2.7293,12,SYNTH
2026-03-09 14:12:42.310Z,2.7314,20,SYNTH
2026-03-09 14:12:43.111Z,2.7317,24,SYNTH
2026-03-09 14:12:44.477Z,2.7314,16,SYNTH
2026-03-09 14:12:45.842Z,2.7318,36,SYNTH
2026-03-09 14:12:46.840Z,2.7297,19,SYNTH
2026-03-09 14:12:47.516Z,2.7328,32,SYNTH
2026-03-09 14:12:48.594Z,2.7326,29,SYNTH
2026-03-09 14:12:49.358Z,2.7336,23,SYNTH
2026-03-09 14:12:50.351Z,2.7292,16,SYNTH
2026-03-09 14:12:51.700Z,2.7300,30,SYNTH
2026-03-09 14:12:52.198Z,2.7300,27,SYNTH
2026-03-09 14:12:53.884Z,2.7282,26,SYNTH
2026-03-09 14:12:54.223Z,2.7319,17,SYNTH
2026-03-09 14:12:55.437Z,2.7322,34,SYNTH
2026-03-09 14:12:56.295Z,2.7292,24,SYNTH
2026-03-09 14:12:57.773Z,2.7287,17,SYNTH
2026-03-09 14:12:58.612Z,2.7308,29,SYNTH
2026-03-09 14:12:59.677Z,2.7312,18,SYNTH
2026-03-09 14:13:00.264Z,2.7303,19,SYNTH
2026-03-09 14:13:01.879Z,2.7318,16,SYNTH
2026-03-09 14:13:02.213Z,2.7286,13,SYNTH
2026-03-09 14:13:03.295Z,2.7284,16,SYNTH
2026-03-09 14:13:04.433Z,2.7306,16,SYNTH
2026-03-09 14:13:05.696Z,2.7304,27,SYNTH
2026-03-09 14:13:06.396Z,2.7282,12,SYNTH
2026-03-09 14:13:07.397Z,2.7307,14,SYNTH
2026-03-09 14:13:08.737Z,2.7296,13,SYNTH
2026-03-09 14:13:09.621Z,2.7285,21,SYNTH
2026-03-09 14:13:10.864Z,2.7320,15,SYNTH
2026-03-09 14:13:11.202Z,2.7293,29,SYNTH
2026-03-09 14:13:12.805Z,2.7281,39,SYNTH
2026-03-09 14:13:13.595Z,2.7318,59,SYNTH
2026-03-09 14:13:14.279Z,2.7315,24,SYNTH
2026-03-09 14:13:15.777Z,2.7292,20,SYNTH
2026-03-09 14:13:16.471Z,2.7305,23,SYNTH
2026-03-09 14:13:17.331Z,2.7306,37,SYNTH
2026-03-09 14:13:18.046Z,2.7282,29,SYNTH
2026-03-09 14:13:19.858Z,2.7305,19,SYNTH
2026-03-09 14:13:20.762Z,2.7281,11,SYNTH
2026-03-09 14:13:21.086Z,2.7316,15,SYNTH
2026-03-09 14:13:22.543Z,2.7295,11,SYNTH
2026-03-09 14:13:23.010Z,2.7321,10,SYNTH
2026-03-09 14:13:24.109Z,2.7289,18,SYNTH
2026-03-09 14:13:25.819Z,2.7309,8,SYNTH
2026-03-09 14:13:26.469Z,2.7314,15,SYNTH
2026-03-09 14:13:27.590Z,2.7276,14,SYNTH
2026-03-09 14:13:28.088Z,2.7310,12,SYNTH
2026-03-09 14:13:29.057Z,2.7283,13,SYNTH
2026-03-09 14:13:30.012Z,2.7308,15,SYNTH
2026-03-09 14:13:31.353Z,2.7280,12,SYNTH
2026-03-09 14:13:32.797Z,2.7311,15,SYNTH
2026-03-09 14:13:33.424Z,2.7280,14,SYNTH
2026-03-09 14:13:34.478Z,2.7316,19,SYNTH
2026-03-09 14:13:35.869Z,2.7286,14,SYNTH
2026-03-09 14:13:36.690Z,2.7286,15,SYNTH
2026-03-09 14:13:37.309Z,2.7310,52,SYNTH
2026-03-09 14:13:38.691Z,2.7283,32,SYNTH
2026-03-09 14:13:39.802Z,2.7295,39,SYNTH
2026-03-09 14:13:40.735Z,2.7317,22,SYNTH
2026-03-09 14:13:41.843Z,2.7303,21,SYNTH
2026-03-09 14:13:42.735Z,2.7287,18,SYNTH
2026-03-09 14:13:43.650Z,2.7321,13,SYNTH
2026-03-09 14:13:44.012Z,2.7288,12,SYNTH
2026-03-09 14:13:45.597Z,2.7289,22,SYNTH
2026-03-09 14:13:46.802Z,2.7309,26,SYNTH
2026-03-09 14:13:47.657Z,2.7317,26,SYNTH
2026-03-09 14:13:48.385Z,2.7319,15,SYNTH
2026-03-09 14:13:49.288Z,2.7289,12,SYNTH
2026-03-09 14:13:50.780Z,2.7297,11,SYNTH
2026-03-09 14:13:51.355Z,2.7309,23,SYNTH
2026-03-09 14:13:52.272Z,2.7285,15,SYNTH
2026-03-09 14:13:53.208Z,2.7293,26,SYNTH
2026-03-09 14:13:54.775Z,2.7316,26,SYNTH
2026-03-09 14:13:55.414Z,2.7279,26,SYNTH
2026-03-09 14:13:56.016Z,2.7319,30,SYNTH
2026-03-09 14:13:57.835Z,2.7311,30,SYNTH
2026-03-09 14:13:58.666Z,2.7280,22,SYNTH
2026-03-09 14:13:59.157Z,2.7308,17,SYNTH
2026-03-09 14:14:00.044Z,2.7304,26,SYNTH
2026-03-09 14:14:01.432Z,2.7290,15,SYNTH
2026-03-09 14:14:02.260Z,2.7306,15,SYNTH
2026-03-09 14:14:03.080Z,2.7281,21,SYNTH
2026-03-09 14:14:04.894Z,2.7291,18,SYNTH
2026-03-09 14:14:05.110Z,2.7299,13,SYNTH
2026-03-09 14:14:06.693Z,2.7306,12,SYNTH
2026-03-09 14:14:07.785Z,2.7282,24,SYNTH
2026-03-09 14:14:08.634Z,2.7305,20,SYNTH
2026-03-09 14:14:09.139Z,2.7305,14,SYNTH
2026-03-09 14:14:10.852Z,2.7289,16,SYNTH
2026-03-09 14:14:11.372Z,2.7277,25,SYNTH
2026-03-09 14:14:12.364Z,2.7312,35,SYNTH
2026-03-09 14:14:13.578Z,2.7304,39,SYNTH
2026-03-09 14:14:14.616Z,2.7311,18,SYNTH
2026-03-09 14:14:15.522Z,2.7290,10,SYNTH
2026-03-09 14:14:16.851Z,2.7308,34,SYNTH
2026-03-09 14:14:17.080Z,2.7293,19,SYNTH
2026-03-09 14:14:18.636Z,2.7313,26,SYNTH
2026-03-09 14:14:19.646Z,2.7289,18,SYNTH
2026-03-09 14:14:20.322Z,2.7306,8,SYNTH
2026-03-09 14:14:21.563Z,2.7328,9,SYNTH
2026-03-09 14:14:22.592Z,2.7288,17,SYNTH
2026-03-09 14:14:23.870Z,2.7326,8,SYNTH
2026-03-09 14:14:24.666Z,2.7332,12,SYNTH
2026-03-09 14:14:25.780Z,2.7348,7,SYNTH
2026-03-09 14:14:26.047Z,2.7320,9,SYNTH
2026-03-09 14:14:27.625Z,2.7354,8,SYNTH
2026-03-09 14:14:28.110Z,2.7349,12,SYNTH
2026-03-09 14:14:29.855Z,2.7377,15,SYNTH
2026-03-09 14:14:30.632Z,2.7380,9,SYNTH
2026-03-09 14:14:31.361Z,2.7376,8,SYNTH
2026-03-09 14:14:32.612Z,2.7401,12,SYNTH
2026-03-09 14:14:33.362Z,2.7367,16,SYNTH
2026-03-09 14:14:34.030Z,2.7402,18,SYNTH
2026-03-09 14:14:35.238Z,2.7405,9,SYNTH
2026-03-09 14:14:36.857Z,2.7398,17,SYNTH
2026-03-09 14:14:37.637Z,2.7418,23,SYNTH
2026-03-09 14:14:38.861Z,2.7426,30,SYNTH
2026-03-09 14:14:39.881Z,2.7399,26,SYNTH
2026-03-09 14:14:40.872Z,2.7392,47,SYNTH
2026-03-09 14:14:41.332Z,2.7382,19,SYNTH
2026-03-09 14:14:42.563Z,2.7408,13,SYNTH
2026-03-09 14:14:43.704Z,2.7379,10,SYNTH
2026-03-09 14:14:44.500Z,2.7377,16,SYNTH
2026-03-09 14:14:45.237Z,2.7375,18,SYNTH
2026-03-09 14:14:46.568Z,2.7406,13,SYNTH
2026-03-09 14:14:47.780Z,2.7374,23,SYNTH
2026-03-09 14:14:48.151Z,2.7394,11,SYNTH
2026-03-09 14:14:49.201Z,2.7367,16,SYNTH
2026-03-09 14:14:50.814Z,2.7391,21,SYNTH
2026-03-09 14:14:51.822Z,2.7398,9,SYNTH
2026-03-09 14:14:52.073Z,2.7385,24,SYNTH
2026-03-09 14:14:53.082Z,2.7413,23,SYNTH
2026-03-09 14:14:54.884Z,2.7398,12,SYNTH
2026-03-09 14:14:55.624Z,2.7406,21,SYNTH
2026-03-09 14:14:56.396Z,2.7390,17,SYNTH
2026-03-09 14:14:57.014Z,2.7416,14,SYNTH
2026-03-09 14:14:58.360Z,2.7385,15,SYNTH
2026-03-09 14:14:59.455Z,2.7405,20,SYNTH
2026-03-09 14:15:00.122Z,2.7309,5,SYNTH
2026-03-09 14:15:01.170Z,2.7324,3,SYNTH
2026-03-09 14:15:02.498Z,2.7292,3,SYNTH
2026-03-09 14:15:03.011Z,2.7314,5,SYNTH
2026-03-09 14:15:04.569Z,2.7313,3,SYNTH
2026-03-09 14:15:05.760Z,2.7287,3,SYNTH
2026-03-09 14:15:06.317Z,2.7319,3,SYNTH
2026-03-09 14:15:07.183Z,2.7311,6,SYNTH
2026-03-09 14:15:08.351Z,2.7308,5,SYNTH
2026-03-09 14:15:09.775Z,2.7293,5,SYNTH
2026-03-09 14:15:10.230Z,2.7315,3,SYNTH
2026-03-09 14:15:11.769Z,2.7313,11,SYNTH
2026-03-09 14:15:12.800Z,2.7286,11,SYNTH
2026-03-09 14:15:13.493Z,2.7317,12,SYNTH
2026-03-09 14:15:14.400Z,2.7281,3,SYNTH
2026-03-09 14:15:15.278Z,2.7309,3,SYNTH
2026-03-09 14:15:16.007Z,2.7310,5,SYNTH
2026-03-09 14:15:17.789Z,2.7307,6,SYNTH
2026-03-09 14:15:18.211Z,2.7298,4,SYNTH
2026-03-09 14:15:19.553Z,2.7298,4,SYNTH
2026-03-09 14:15:20.200Z,2.7281,4,SYNTH
2026-03-09 14:15:21.460Z,2.7308,2,SYNTH
2026-03-09 14:15:22.427Z,2.7288,3,SYNTH
2026-03-09 14:15:23.303Z,2.7312,3,SYNTH
2026-03-09 14:15:24.571Z,2.7305,4,SYNTH
2026-03-09 14:15:25.042Z,2.7290,4,SYNTH
2026-03-09 14:15:26.487Z,2.7311,5,SYNTH
2026-03-09 14:15:27.125Z,2.7297,2,SYNTH
2026-03-09 14:15:28.446Z,2.7290,4,SYNTH
2026-03-09 14:15:29.218Z,2.7280,4,SYNTH
2026-03-09 14:15:30.197Z,2.7302,2,SYNTH
2026-03-09 14:15:31.125Z,2.7303,2,SYNTH
2026-03-09 14:15:32.627Z,2.7317,5,SYNTH
2026-03-09 14:15:33.737Z,2.7283,5,SYNTH
2026-03-09 14:15:34.369Z,2.7302,5,SYNTH
2026-03-09 14:15:35.631Z,2.7304,3,SYNTH
2026-03-09 14:15:36.243Z,2.7281,4,SYNTH
2026-03-09 14:15:37.796Z,2.7301,10,SYNTH
2026-03-09 14:15:38.485Z,2.7301,12,SYNTH
2026-03-09 14:15:39.431Z,2.7292,6,SYNTH
2026-03-09 14:15:40.707Z,2.7315,7,SYNTH
2026-03-09 14:15:41.340Z,2.7315,4,SYNTH
2026-03-09 14:15:42.538Z,2.7295,2,SYNTH
2026-03-09 14:15:43.104Z,2.7307,5,SYNTH
2026-03-09 14:15:44.071Z,2.7294,5,SYNTH
2026-03-09 14:15:45.051Z,2.7314,8,SYNTH
2026-03-09 14:15:46.251Z,2.7308,4,SYNTH
2026-03-09 14:15:47.351Z,2.7303,7,SYNTH
2026-03-09 14:15:48.154Z,2.7290,3,SYNTH
2026-03-09 14:15:49.871Z,2.7274,6,SYNTH
2026-03-09 14:15:50.607Z,2.7314,4,SYNTH
2026-03-09 14:15:51.162Z,2.7320,4,SYNTH
2026-03-09 14:15:52.552Z,2.7282,6,SYNTH
2026-03-09 14:15:53.201Z,2.7288,3,SYNTH
2026-03-09 14:15:54.420Z,2.7293,6,SYNTH
2026-03-09 14:15:55.274Z,2.7319,4,SYNTH
2026-03-09 14:15:56.742Z,2.7303,7,SYNTH
2026-03-09 14:15:57.182Z,2.7309,6,SYNTH
2026-03-09 14:15:58.786Z,2.7284,7,SYNTH
2026-03-09 14:15:59.418Z,2.7309,5,SYNTH
2026-03-09 14:16:00.016Z,2.7302,14,SYNTH
2026-03-09 14:16:01.861Z,2.7291,7,SYNTH
2026-03-09 14:16:02.893Z,2.7321,12,SYNTH
2026-03-09 14:16:03.694Z,2.7291,12,SYNTH
2026-03-09 14:16:04.585Z,2.7288,12,SYNTH
2026-03-09 14:16:05.209Z,2.7316,11,SYNTH
2026-03-09 14:16:06.426Z,2.7312,6,SYNTH
2026-03-09 14:16:07.857Z,2.7318,13,SYNTH
2026-03-09 14:16:08.576Z,2.7282,6,SYNTH
2026-03-09 14:16:09.582Z,2.7303,6,SYNTH
2026-03-09 14:16:10.237Z,2.7308,7,SYNTH
2026-03-09 14:16:11.606Z,2.7323,27,SYNTH
2026-03-09 14:16:12.044Z,2.7275,27,SYNTH
2026-03-09 14:16:13.225Z,2.7302,15,SYNTH
2026-03-09 14:16:14.520Z,2.7322,8,SYNTH
2026-03-09 14:16:15.543Z,2.7281,11,SYNTH
2026-03-09 14:16:16.531Z,2.7314,18,SYNTH
2026-03-09 14:16:17.790Z,2.7292,8,SYNTH
2026-03-09 14:16:18.154Z,2.7312,13,SYNTH
2026-03-09 14:16:19.696Z,2.7303,17,SYNTH
2026-03-09 14:16:20.307Z,2.7316,6,SYNTH
2026-03-09 14:16:21.595Z,2.7322,8,SYNTH
2026-03-09 14:16:22.425Z,2.7289,8,SYNTH
2026-03-09 14:16:23.656Z,2.7307,7,SYNTH
2026-03-09 14:16:24.034Z,2.7298,5,SYNTH
2026-03-09 14:16:25.310Z,2.7307,8,SYNTH
2026-03-09 14:16:26.747Z,2.7295,7,SYNTH
2026-03-09 14:16:27.059Z,2.7279,5,SYNTH
2026-03-09 14:16:28.458Z,2.7313,8,SYNTH
2026-03-09 14:16:29.795Z,2.7282,8,SYNTH
2026-03-09 14:16:30.774Z,2.7303,10,SYNTH
2026-03-09 14:16:31.129Z,2.7315,6,SYNTH
2026-03-09 14:16:32.591Z,2.7304,10,SYNTH
