TimestampUtc,Price,Size,Exchange
2026-03-09 13:30:00.781Z,3.3102,78,SYNTH
2026-03-09 13:30:01.840Z,3.3114,61,SYNTH
2026-03-09 13:30:02.483Z,3.3126,62,SYNTH
2026-03-09 13:30:03.170Z,3.3082,62,SYNTH
2026-03-09 13:30:04.895Z,3.3083,41,SYNTH
2026-03-09 13:30:05.092Z,3.3083,69,SYNTH
2026-03-09 13:30:06.153Z,3.3101,70,SYNTH
2026-03-09 13:30:07.473Z,3.3108,41,SYNTH
2026-03-09 13:30:08.380Z,3.3095,48,SYNTH
2026-03-09 13:30:09.781Z,3.3082,31,SYNTH
2026-03-09 13:30:10.232Z,3.3102,41,SYNTH
2026-03-09 13:30:11.080Z,3.3094,131,SYNTH
2026-03-09 13:30:12.803Z,3.3108,128,SYNTH
2026-03-09 13:30:13.547Z,3.3107,97,SYNTH
2026-03-09 13:30:14.068Z,3.3123,35,SYNTH
2026-03-09 13:30:15.397Z,3.3120,28,SYNTH
2026-03-09 13:30:16.460Z,3.3091,85,SYNTH
2026-03-09 13:30:17.872Z,3.3079,104,SYNTH
2026-03-09 13:30:18.202Z,3.3102,95,SYNTH
2026-03-09 13:30:19.877Z,3.3104,50,SYNTH
2026-03-09 13:30:20.725Z,3.3086,49,SYNTH
2026-03-09 13:30:21.279Z,3.3121,26,SYNTH
2026-03-09 13:30:22.378Z,3.3116,23,SYNTH
2026-03-09 13:30:23.386Z,3.3092,54,SYNTH
2026-03-09 13:30:24.292Z,3.3080,26,SYNTH
2026-03-09 13:30:25.870Z,3.3118,23,SYNTH
2026-03-09 13:30:26.864Z,3.3091,53,SYNTH
2026-03-09 13:30:27.663Z,3.3123,28,SYNTH
2026-03-09 13:30:28.500Z,3.3091,47,SYNTH
2026-03-09 13:30:29.116Z,3.3119,35,SYNTH
2026-03-09 13:30:30.494Z,3.3122,21,SYNTH
2026-03-09 13:30:31.388Z,3.3091,34,SYNTH
2026-03-09 13:30:32.285Z,3.3091,25,SYNTH
2026-03-09 13:30:33.218Z,3.3090,26,SYNTH
2026-03-09 13:30:34.843Z,3.3089,30,SYNTH
2026-03-09 13:30:35.662Z,3.3106,45,SYNTH
2026-03-09 13:30:36.144Z,3.3086,41,SYNTH
2026-03-09 13:30:37.570Z,3.3082,100,SYNTH
2026-03-09 13:30:38.414Z,3.3114,111,SYNTH
2026-03-09 13:30:39.322Z,3.3083,61,SYNTH
2026-03-09 13:30:40.360Z,3.3112,79,SYNTH
2026-03-09 13:30:41.369Z,3.3077,44,SYNTH
2026-03-09 13:30:42.107Z,3.3101,45,SYNTH
2026-03-09 13:30:43.235Z,3.3109,48,SYNTH
2026-03-09 13:30:44.147Z,3.3113,60,SYNTH
2026-03-09 13:30:45.815Z,3.3084,92,SYNTH
2026-03-09 13:30:46.043Z,3.3118,41,SYNTH
2026-03-09 13:30:47.106Z,3.3089,51,SYNTH
2026-03-09 13:30:48.889Z,3.3109,57,SYNTH
2026-03-09 13:30:49.075Z,3.3084,39,SYNTH
2026-03-09 13:30:50.259Z,3.3108,67,SYNTH
2026-03-09 13:30:51.554Z,3.3122,66,SYNTH
2026-03-09 13:30:52.867Z,3.3082,45,SYNTH
2026-03-09 13:30:53.001Z,3.3076,73,SYNTH
2026-03-09 13:30:54.814Z,3.3102,62,SYNTH
2026-03-09 13:30:55.638Z,3.3106,66,SYNTH
2026-03-09 13:30:56.451Z,3.3110,58,SYNTH
2026-03-09 13:30:57.170Z,3.3095,63,SYNTH
2026-03-09 13:30:58.134Z,3.3091,58,SYNTH
2026-03-09 13:30:59.025Z,3.3105,42,SYNTH
2026-03-09 13:32:00.063Z,3.3107,4,SYNTH
2026-03-09 13:32:01.083Z,3.3114,4,SYNTH
2026-03-09 13:32:02.439Z,3.3084,4,SYNTH
2026-03-09 13:32:03.148Z,3.3089,2,SYNTH
2026-03-09 13:32:04.570Z,3.3101,4,SYNTH
2026-03-09 13:32:05.036Z,3.3113,4,SYNTH
2026-03-09 13:32:06.890Z,3.3094,3,SYNTH
2026-03-09 13:32:07.505Z,3.3107,2,SYNTH
2026-03-09 13:32:08.794Z,3.3077,3,SYNTH
2026-03-09 13:32:09.342Z,3.3118,3,SYNTH
2026-03-09 13:32:10.713Z,3.3086,2,SYNTH
2026-03-09 13:32:11.688Z,3.3112,9,SYNTH
2026-03-09 13:32:12.188Z,3.3092,11,SYNTH
2026-03-09 13:32:13.447Z,3.3116,7,SYNTH
2026-03-09 13:32:14.028Z,3.3128,2,SYNTH
2026-03-09 13:32:15.228Z,3.3091,3,SYNTH
2026-03-09 13:32:16.202Z,3.3120,4,SYNTH
2026-03-09 13:32:17.888Z,3.3124,4,SYNTH
2026-03-09 13:32:18.436Z,3.3080,7,SYNTH
2026-03-09 13:32:19.852Z,3.3119,6,SYNTH
2026-03-09 13:32:20.054Z,3.3090,2,SYNTH
2026-03-09 13:32:21.283Z,3.3115,3,SYNTH
2026-03-09 13:32:22.539Z,3.3074,2,SYNTH
2026-03-09 13:32:23.211Z,3.3113,3,SYNTH
2026-03-09 13:32:24.353Z,3.3105,3,SYNTH
2026-03-09 13:32:25.066Z,3.3075,2,SYNTH
2026-03-09 13:32:26.443Z,3.3087,3,SYNTH
2026-03-09 13:32:27.654Z,3.3102,3,SYNTH
2026-03-09 13:32:28.067Z,3.3078,2,SYNTH
2026-03-09 13:32:29.145Z,3.3110,2,SYNTH
2026-03-09 13:32:30.398Z,3.3112,2,SYNTH
2026-03-09 13:32:31.329Z,3.3094,1,SYNTH
2026-03-09 13:32:32.226Z,3.3116,3,SYNTH
2026-03-09 13:32:33.801Z,3.3084,3,SYNTH
2026-03-09 13:32:34.525Z,3.3088,2,SYNTH
2026-03-09 13:32:35.274Z,3.3101,2,SYNTH
2026-03-09 13:32:36.657Z,3.3085,2,SYNTH
2026-03-09 13:32:37.504Z,3.3102,7,SYNTH
2026-03-09 13:32:38.198Z,3.3109,5,SYNTH
2026-03-09 13:32:39.215Z,3.3115,8,SYNTH
2026-03-09 13:32:40.242Z,3.3090,6,SYNTH
2026-03-09 13:32:41.455Z,3.3099,4,SYNTH
2026-03-09 13:32:42.616Z,3.3106,3,SYNTH
2026-03-09 13:32:43.260Z,3.3089,3,SYNTH
2026-03-09 13:32:44.603Z,3.3081,3,SYNTH
2026-03-09 13:32:45.492Z,3.3114,5,SYNTH
2026-03-09 13:32:46.393Z,3.3087,5,SYNTH
2026-03-09 13:32:47.029Z,3.3097,4,SYNTH
2026-03-09 13:32:48.460Z,3.3087,4,SYNTH
2026-03-09 13:32:49.640Z,3.3117,3,SYNTH
2026-03-09 13:32:50.487Z,3.3093,4,SYNTH
2026-03-09 13:32:51.198Z,3.3117,2,SYNTH
2026-03-09 13:32:52.415Z,3.3114,2,SYNTH
2026-03-09 13:32:53.396Z,3.3106,4,SYNTH
2026-03-09 13:32:54.769Z,3.3088,2,SYNTH
2026-03-09 13:32:55.328Z,3.3102,4,SYNTH
2026-03-09 13:32:56.625Z,3.3117,3,SYNTH
2026-03-09 13:32:57.741Z,3.3084,2,SYNTH
2026-03-09 13:32:58.187Z,3.3111,4,SYNTH
2026-03-09 13:32:59.155Z,3.3105,3,SYNTH
2026-03-09 13:45:00.805Z,3.3704,4,SYNTH
2026-03-09 13:45:01.028Z,3.3682,5,SYNTH
2026-03-09 13:45:02.600Z,3.3687,7,SYNTH
2026-03-09 13:45:03.503Z,3.3703,5,SYNTH
2026-03-09 13:45:04.799Z,3.3680,4,SYNTH
2026-03-09 13:45:05.188Z,3.3702,5,SYNTH
2026-03-09 13:45:06.085Z,3.3690,6,SYNTH
2026-03-09 13:45:07.531Z,3.3708,3,SYNTH
2026-03-09 13:45:08.648Z,3.3681,3,SYNTH
2026-03-09 13:45:09.238Z,3.3714,4,SYNTH
2026-03-09 13:45:10.334Z,3.3716,4,SYNTH
2026-03-09 13:45:11.391Z,3.3693,7,SYNTH
2026-03-09 13:45:12.458Z,3.3678,14,SYNTH
2026-03-09 13:45:13.589Z,3.3706,9,SYNTH
2026-03-09 13:45:14.472Z,3.3715,5,SYNTH
2026-03-09 13:45:15.579Z,3.3709,5,SYNTH
2026-03-09 13:45:16.513Z,3.3695,9,SYNTH
2026-03-09 13:45:17.794Z,3.3710,6,SYNTH
2026-03-09 13:45:18.221Z,3.3702,7,SYNTH
2026-03-09 13:45:19.647Z,3.3718,4,SYNTH
2026-03-09 13:45:20.039Z,3.3723,4,SYNTH
2026-03-09 13:45:21.683Z,3.3695,3,SYNTH
2026-03-09 13:45:22.678Z,3.3713,3,SYNTH
2026-03-09 13:45:23.047Z,3.3692,4,SYNTH
2026-03-09 13:45:24.637Z,3.3691,5,SYNTH
2026-03-09 13:45:25.366Z,3.3717,4,SYNTH
2026-03-09 13:45:26.764Z,3.3677,4,SYNTH
2026-03-09 13:45:27.460Z,3.3720,5,SYNTH
2026-03-09 13:45:28.770Z,3.3694,2,SYNTH
2026-03-09 13:45:29.055Z,3.3723,3,SYNTH
2026-03-09 13:45:30.157Z,3.3682,2,SYNTH
2026-03-09 13:45:31.207Z,3.3686,3,SYNTH
2026-03-09 13:45:32.608Z,3.3699,3,SYNTH
2026-03-09 13:45:33.412Z,3.3726,3,SYNTH
2026-03-09 13:45:34.698Z,3.3690,5,SYNTH
2026-03-09 13:45:35.231Z,3.3716,3,SYNTH
2026-03-09 13:45:36.514Z,3.3714,3,SYNTH
2026-03-09 13:45:37.662Z,3.3696,6,SYNTH
2026-03-09 13:45:38.810Z,3.3708,6,SYNTH
2026-03-09 13:45:39.079Z,3.3680,11,SYNTH
2026-03-09 13:45:40.095Z,3.3711,8,SYNTH
2026-03-09 13:45:41.686Z,3.3723,5,SYNTH
2026-03-09 13:45:42.139Z,3.3698,5,SYNTH
2026-03-09 13:45:43.683Z,3.3685,3,SYNTH
2026-03-09 13:45:44.731Z,3.3696,4,SYNTH
2026-03-09 13:45:45.172Z,3.3681,7,SYNTH
2026-03-09 13:45:46.669Z,3.3707,8,SYNTH
2026-03-09 13:45:47.113Z,3.3726,5,SYNTH
2026-03-09 13:45:48.410Z,3.3691,5,SYNTH
2026-03-09 13:45:49.468Z,3.3716,3,SYNTH
2026-03-09 13:45:50.054Z,3.3693,3,SYNTH
2026-03-09 13:45:51.766Z,3.3725,6,SYNTH
2026-03-09 13:45:52.068Z,3.3683,6,SYNTH
2026-03-09 13:45:53.864Z,3.3694,4,SYNTH
2026-03-09 13:45:54.611Z,3.3725,3,SYNTH
2026-03-09 13:45:55.880Z,3.3682,7,SYNTH
2026-03-09 13:45:56.418Z,3.3705,4,SYNTH
2026-03-09 13:45:57.511Z,3.3694,4,SYNTH
2026-03-09 13:45:58.184Z,3.3713,5,SYNTH
2026-03-09 13:45:59.605Z,3.3714,5,SYNTH
2026-03-09 13:52:00.262Z,3.3012,4,SYNTH
2026-03-09 13:52:01.162Z,3.3003,4,SYNTH
2026-03-09 13:52:02.234Z,3.3017,2,SYNTH
2026-03-09 13:52:03.259Z,3.2975,5,SYNTH
2026-03-09 13:52:04.261Z,3.3006,2,SYNTH
2026-03-09 13:52:05.427Z,3.3017,2,SYNTH
2026-03-09 13:52:06.049Z,3.3023,4,SYNTH
2026-03-09 13:52:07.573Z,3.2993,3,SYNTH
2026-03-09 13:52:08.737Z,3.2982,3,SYNTH
2026-03-09 13:52:09.386Z,3.3017,2,SYNTH
2026-03-09 13:52:10.862Z,3.2981,3,SYNTH
2026-03-09 13:52:11.355Z,3.2977,9,SYNTH
2026-03-09 13:52:12.897Z,3.3001,5,SYNTH
2026-03-09 13:52:13.686Z,3.3020,5,SYNTH
2026-03-09 13:52:14.158Z,3.3008,3,SYNTH
2026-03-09 13:52:15.363Z,3.2974,2,SYNTH
2026-03-09 13:52:16.642Z,3.2994,4,SYNTH
2026-03-09 13:52:17.811Z,3.3008,6,SYNTH
2026-03-09 13:52:18.348Z,3.3014,5,SYNTH
2026-03-09 13:52:19.215Z,3.2982,3,SYNTH
2026-03-09 13:52:20.518Z,3.3021,3,SYNTH
2026-03-09 13:52:21.447Z,3.3021,2,SYNTH
2026-03-09 13:52:22.689Z,3.2990,2,SYNTH
2026-03-09 13:52:23.607Z,3.3010,3,SYNTH
2026-03-09 13:52:24.677Z,3.2989,2,SYNTH
2026-03-09 13:52:25.357Z,3.3020,3,SYNTH
2026-03-09 13:52:26.612Z,3.3011,3,SYNTH
2026-03-09 13:52:27.052Z,3.2985,1,SYNTH
2026-03-09 13:52:28.811Z,3.3010,2,SYNTH
2026-03-09 13:52:29.319Z,3.2998,3,SYNTH
2026-03-09 13:52:30.314Z,3.3012,2,SYNTH
2026-03-09 13:52:31.828Z,3.2981,2,SYNTH
2026-03-09 13:52:32.748Z,3.3016,2,SYNTH
2026-03-09 13:52:33.545Z,3.3014,2,SYNTH
2026-03-09 13:52:34.527Z,3.2979,2,SYNTH
2026-03-09 13:52:35.131Z,3.3004,2,SYNTH
2026-03-09 13:52:36.287Z,3.2991,3,SYNTH
2026-03-09 13:52:37.506Z,3.2988,6,SYNTH
2026-03-09 13:52:38.346Z,3.3011,6,SYNTH
2026-03-09 13:52:39.869Z,3.2976,4,SYNTH
2026-03-09 13:52:40.220Z,3.3007,6,SYNTH
2026-03-09 13:52:41.891Z,3.3018,2,SYNTH
2026-03-09 13:52:42.026Z,3.3000,3,SYNTH
2026-03-09 13:52:43.714Z,3.3013,3,SYNTH
2026-03-09 13:52:44.120Z,3.2997,3,SYNTH
2026-03-09 13:52:45.478Z,3.3004,3,SYNTH
2026-03-09 13:52:46.540Z,3.3026,4,SYNTH
2026-03-09 13:52:47.710Z,3.2989,2,SYNTH
2026-03-09 13:52:48.160Z,3.3019,3,SYNTH
2026-03-09 13:52:49.222Z,3.3000,3,SYNTH
2026-03-09 13:52:50.385Z,3.2991,2,SYNTH
2026-03-09 13:52:51.836Z,3.3021,2,SYNTH
2026-03-09 13:52:52.506Z,3.2996,3,SYNTH
2026-03-09 13:52:53.418Z,3.2979,4,SYNTH
2026-03-09 13:52:54.653Z,3.3006,2,SYNTH
2026-03-09 13:52:55.082Z,3.2995,3,SYNTH
2026-03-09 13:52:56.872Z,3.3025,3,SYNTH
2026-03-09 13:52:57.757Z,3.2987,3,SYNTH
2026-03-09 13:52:58.339Z,3.2986,4,SYNTH
2026-03-09 13:52:59.846Z,3.2982,3,SYNTH
2026-03-09 14:17:00.172Z,3.3054,53,SYNTH
2026-03-09 14:17:01.709Z,3.3044,55,SYNTH
2026-03-09 14:17:02.805Z,3.3033,77,SYNTH
2026-03-09 14:17:03.888Z,3.3068,56,SYNTH
2026-03-09 14:17:04.885Z,3.3039,65,SYNTH
2026-03-09 14:17:05.326Z,3.3038,73,SYNTH
2026-03-09 14:17:06.486Z,3.3067,32,SYNTH
2026-03-09 14:17:07.314Z,3.3066,53,SYNTH
2026-03-09 14:17:08.553Z,3.3041,66,SYNTH
2026-03-09 14:17:09.791Z,3.3031,53,SYNTH
2026-03-09 14:17:10.598Z,3.3050,54,SYNTH
2026-03-09 14:17:11.233Z,3.3069,146,SYNTH
2026-03-09 14:17:12.671Z,3.3062,70,SYNTH
2026-03-09 14:17:13.086Z,3.3034,141,SYNTH
2026-03-09 14:17:14.849Z,3.3072,49,SYNTH
2026-03-09 14:17:15.810Z,3.3033,50,SYNTH
2026-03-09 14:17:16.329Z,3.3070,102,SYNTH
2026-03-09 14:17:17.611Z,3.3032,78,SYNTH
2026-03-09 14:17:18.264Z,3.3065,90,SYNTH
2026-03-09 14:17:19.131Z,3.3060,72,SYNTH
2026-03-09 14:17:20.703Z,3.3020,32,SYNTH
2026-03-09 14:17:21.239Z,3.2998,43,SYNTH
2026-03-09 14:17:22.531Z,3.2989,25,SYNTH
2026-03-09 14:17:23.552Z,3.2961,52,SYNTH
2026-03-09 14:17:24.653Z,3.2938,34,SYNTH
2026-03-09 14:17:25.223Z,3.2897,43,SYNTH
2026-03-09 14:17:26.248Z,3.2859,46,SYNTH
2026-03-09 14:17:27.047Z,3.2827,31,SYNTH
2026-03-09 14:17:28.806Z,3.2806,31,SYNTH
2026-03-09 14:17:29.093Z,3.2743,23,SYNTH
2026-03-09 14:17:30.020Z,3.2725,35,SYNTH
2026-03-09 14:17:31.790Z,3.2680,50,SYNTH
2026-03-09 14:17:32.891Z,3.2666,40,SYNTH
2026-03-09 14:17:33.091Z,3.2624,36,SYNTH
2026-03-09 14:17:34.080Z,3.2609,30,SYNTH
2026-03-09 14:17:35.658Z,3.2576,51,SYNTH
2026-03-09 14:17:36.449Z,3.2568,49,SYNTH
2026-03-09 14:17:37.279Z,3.2561,136,SYNTH
2026-03-09 14:17:38.113Z,3.2540,96,SYNTH
2026-03-09 14:17:39.547Z,3.2572,127,SYNTH
2026-03-09 14:17:40.131Z,3.2561,67,SYNTH
2026-03-09 14:17:41.779Z,3.2594,34,SYNTH
2026-03-09 14:17:42.385Z,3.2595,42,SYNTH
2026-03-09 14:17:43.584Z,3.2601,45,SYNTH
2026-03-09 14:17:44.482Z,3.2613,36,SYNTH
2026-03-09 14:17:45.226Z,3.2585,85,SYNTH
2026-03-09 14:17:46.761Z,3.2629,76,SYNTH
2026-03-09 14:17:47.634Z,3.2607,87,SYNTH
2026-03-09 14:17:48.540Z,3.2591,50,SYNTH
2026-03-09 14:17:49.443Z,3.2595,43,SYNTH
2026-03-09 14:17:50.622Z,3.2605,61,SYNTH
2026-03-09 14:17:51.283Z,3.2595,31,SYNTH
2026-03-09 14:17:52.034Z,3.2572,65,SYNTH
2026-03-09 14:17:53.400Z,3.2575,65,SYNTH
2026-03-09 14:17:54.585Z,3.2548,45,SYNTH
2026-03-09 14:17:55.178Z,3.2588,66,SYNTH
2026-03-09 14:17:56.864Z,3.2552,48,SYNTH
2026-03-09 14:17:57.879Z,3.2545,33,SYNTH
2026-03-09 14:17:58.498Z,3.2549,41,SYNTH
2026-03-09 14:17:59.802Z,3.2572,38,SYNTH
2026-03-09 14:18:00.549Z,3.3053,58,SYNTH
2026-03-09 14:18:01.146Z,3.3058,68,SYNTH
2026-03-09 14:18:02.075Z,3.3040,102,SYNTH
2026-03-09 14:18:03.295Z,3.3069,50,SYNTH
2026-03-09 14:18:04.726Z,3.3074,87,SYNTH
2026-03-09 14:18:05.779Z,3.3051,47,SYNTH
2026-03-09 14:18:06.691Z,3.3048,84,SYNTH
2026-03-09 14:18:07.574Z,3.3062,42,SYNTH
2026-03-09 14:18:08.142Z,3.3041,83,SYNTH
2026-03-09 14:18:09.744Z,3.3059,66,SYNTH
2026-03-09 14:18:10.028Z,3.3059,83,SYNTH
2026-03-09 14:18:11.487Z,3.3038,110,SYNTH
2026-03-09 14:18:12.027Z,3.3066,83,SYNTH
2026-03-09 14:18:13.089Z,3.3032,164,SYNTH
2026-03-09 14:18:14.778Z,3.3044,73,SYNTH
2026-03-09 14:18:15.561Z,3.3057,51,SYNTH
2026-03-09 14:18:16.105Z,3.3039,78,SYNTH
2026-03-09 14:18:17.430Z,3.3050,110,SYNTH
2026-03-09 14:18:18.090Z,3.3057,92,SYNTH
2026-03-09 14:18:19.886Z,3.3075,87,SYNTH
2026-03-09 14:18:20.888Z,3.3069,51,SYNTH
2026-03-09 14:18:21.686Z,3.3052,41,SYNTH
2026-03-09 14:18:22.895Z,3.3076,51,SYNTH
2026-03-09 14:18:23.486Z,3.3081,53,SYNTH
2026-03-09 14:18:24.244Z,3.3112,64,SYNTH
2026-03-09 14:18:25.647Z,3.3137,65,SYNTH
2026-03-09 14:18:26.700Z,3.3133,50,SYNTH
2026-03-09 14:18:27.221Z,3.3140,57,SYNTH
2026-03-09 14:18:28.837Z,3.3177,42,SYNTH
2026-03-09 14:18:29.186Z,3.3200,33,SYNTH
2026-03-09 14:18:30.101Z,3.3197,45,SYNTH
2026-03-09 14:18:31.379Z,3.3226,59,SYNTH
2026-03-09 14:18:32.255Z,3.3244,47,SYNTH
2026-03-09 14:18:33.726Z,3.3261,31,SYNTH
2026-03-09 14:18:34.485Z,3.3255,58,SYNTH
2026-03-09 14:18:35.549Z,3.3279,54,SYNTH
2026-03-09 14:18:36.311Z,3.3290,43,SYNTH
2026-03-09 14:18:37.769Z,3.3293,161,SYNTH
2026-03-09 14:18:38.358Z,3.3263,163,SYNTH
2026-03-09 14:18:39.518Z,3.3293,122,SYNTH
2026-03-09 14:18:40.474Z,3.3248,153,SYNTH
2026-03-09 14:18:41.330Z,3.3286,38,SYNTH
2026-03-09 14:18:42.603Z,3.3244,47,SYNTH
2026-03-09 14:18:43.737Z,3.3283,75,SYNTH
2026-03-09 14:18:44.526Z,3.3251,49,SYNTH
2026-03-09 14:18:45.175Z,3.3248,109,SYNTH
2026-03-09 14:18:46.293Z,3.3238,56,SYNTH
2026-03-09 14:18:47.870Z,3.3239,84,SYNTH
2026-03-09 14:18:48.671Z,3.3278,42,SYNTH
2026-03-09 14:18:49.180Z,3.3254,83,SYNTH
2026-03-09 14:18:50.028Z,3.3253,47,SYNTH
2026-03-09 14:18:51.573Z,3.3274,67,SYNTH
2026-03-09 14:18:52.487Z,3.3270,72,SYNTH
2026-03-09 14:18:53.116Z,3.3266,90,SYNTH
2026-03-09 14:18:54.611Z,3.3270,67,SYNTH
2026-03-09 14:18:55.844Z,3.3278,94,SYNTH
2026-03-09 14:18:56.000Z,3.3259,92,SYNTH
2026-03-09 14:18:57.256Z,3.3261,64,SYNTH
2026-03-09 14:18:58.273Z,3.3291,61,SYNTH
2026-03-09 14:18:59.838Z,3.3293,102,SYNTH
2026-03-09 14:27:00.786Z,3.2716,6,SYNTH
2026-03-09 14:27:01.381Z,3.2688,9,SYNTH
2026-03-09 14:27:02.713Z,3.2705,10,SYNTH
2026-03-09 14:27:03.692Z,3.2707,7,SYNTH
2026-03-09 14:27:04.169Z,3.2725,10,SYNTH
2026-03-09 14:27:05.863Z,3.2725,5,SYNTH
2026-03-09 14:27:06.296Z,3.2696,6,SYNTH
2026-03-09 14:27:07.586Z,3.2720,10,SYNTH
2026-03-09 14:27:08.331Z,3.2677,5,SYNTH
2026-03-09 14:27:09.257Z,3.2715,8,SYNTH
2026-03-09 14:27:10.630Z,3.2690,7,SYNTH
2026-03-09 14:27:11.865Z,3.2719,20,SYNTH
2026-03-09 14:27:12.322Z,3.2716,20,SYNTH
2026-03-09 14:27:13.662Z,3.2692,17,SYNTH
2026-03-09 14:27:14.418Z,3.2720,7,SYNTH
2026-03-09 14:27:15.377Z,3.2688,4,SYNTH
2026-03-09 14:27:16.740Z,3.2703,8,SYNTH
2026-03-09 14:27:17.431Z,3.2688,6,SYNTH
2026-03-09 14:27:18.005Z,3.2712,8,SYNTH
2026-03-09 14:27:19.730Z,3.2680,6,SYNTH
2026-03-09 14:27:20.385Z,3.2703,8,SYNTH
2026-03-09 14:27:21.042Z,3.2708,3,SYNTH
2026-03-09 14:27:22.803Z,3.2708,3,SYNTH
2026-03-09 14:27:23.513Z,3.2706,6,SYNTH
2026-03-09 14:27:24.271Z,3.2702,6,SYNTH
2026-03-09 14:27:25.798Z,3.2693,7,SYNTH
2026-03-09 14:27:26.452Z,3.2708,4,SYNTH
2026-03-09 14:27:27.319Z,3.2679,5,SYNTH
2026-03-09 14:27:28.674Z,3.2710,3,SYNTH
2026-03-09 14:27:29.105Z,3.2719,5,SYNTH
2026-03-09 14:27:30.298Z,3.2681,7,SYNTH
2026-03-09 14:27:31.209Z,3.2686,4,SYNTH
2026-03-09 14:27:32.471Z,3.2713,6,SYNTH
2026-03-09 14:27:33.107Z,3.2721,7,SYNTH
2026-03-09 14:27:34.740Z,3.2678,4,SYNTH
2026-03-09 14:27:35.443Z,3.2687,7,SYNTH
2026-03-09 14:27:36.841Z,3.2713,4,SYNTH
2026-03-09 14:27:37.197Z,3.2703,8,SYNTH
2026-03-09 14:27:38.048Z,3.2693,9,SYNTH
2026-03-09 14:27:39.378Z,3.2689,13,SYNTH
2026-03-09 14:27:40.016Z,3.2716,14,SYNTH
2026-03-09 14:27:41.266Z,3.2684,4,SYNTH
2026-03-09 14:27:42.713Z,3.2711,6,SYNTH
2026-03-09 14:27:43.106Z,3.2719,5,SYNTH
2026-03-09 14:27:44.296Z,3.2693,4,SYNTH
2026-03-09 14:27:45.443Z,3.2721,9,SYNTH
2026-03-09 14:27:46.489Z,3.2690,11,SYNTH
2026-03-09 14:27:47.761Z,3.2708,8,SYNTH
2026-03-09 14:27:48.716Z,3.2679,5,SYNTH
2026-03-09 14:27:49.639Z,3.2713,9,SYNTH
2026-03-09 14:27:50.708Z,3.2682,6,SYNTH
2026-03-09 14:27:51.660Z,3.2708,4,SYNTH
2026-03-09 14:27:52.842Z,3.2707,5,SYNTH
2026-03-09 14:27:53.118Z,3.2723,4,SYNTH
2026-03-09 14:27:54.073Z,3.2723,9,SYNTH
2026-03-09 14:27:55.355Z,3.2701,6,SYNTH
2026-03-09 14:27:56.618Z,3.2673,8,SYNTH
2026-03-09 14:27:57.312Z,3.2718,6,SYNTH
2026-03-09 14:27:58.809Z,3.2679,10,SYNTH
2026-03-09 14:27:59.019Z,3.2702,11,SYNTH
2026-03-09 14:47:00.634Z,3.3392,3,SYNTH
2026-03-09 14:47:01.282Z,3.3397,3,SYNTH
2026-03-09 14:47:02.899Z,3.3388,2,SYNTH
2026-03-09 14:47:03.488Z,3.3396,3,SYNTH
2026-03-09 14:47:04.694Z,3.3375,2,SYNTH
2026-03-09 14:47:05.322Z,3.3374,4,SYNTH
2026-03-09 14:47:06.417Z,3.3375,3,SYNTH
2026-03-09 14:47:07.644Z,3.3410,3,SYNTH
2026-03-09 14:47:08.195Z,3.3375,3,SYNTH
2026-03-09 14:47:09.291Z,3.3404,2,SYNTH
2026-03-09 14:47:10.571Z,3.3367,1,SYNTH
2026-03-09 14:47:11.851Z,3.3406,7,SYNTH
2026-03-09 14:47:12.779Z,3.3405,4,SYNTH
2026-03-09 14:47:13.133Z,3.3370,8,SYNTH
2026-03-09 14:47:14.515Z,3.3410,2,SYNTH
2026-03-09 14:47:15.745Z,3.3384,1,SYNTH
2026-03-09 14:47:16.567Z,3.3411,5,SYNTH
2026-03-09 14:47:17.182Z,3.3386,6,SYNTH
2026-03-09 14:47:18.127Z,3.3413,4,SYNTH
2026-03-09 14:47:19.053Z,3.3364,3,SYNTH
2026-03-09 14:47:20.562Z,3.3399,2,SYNTH
2026-03-09 14:47:21.864Z,3.3392,2,SYNTH
2026-03-09 14:47:22.040Z,3.3398,2,SYNTH
2026-03-09 14:47:23.483Z,3.3381,3,SYNTH
2026-03-09 14:47:24.739Z,3.3397,2,SYNTH
2026-03-09 14:47:25.751Z,3.3386,2,SYNTH
2026-03-09 14:47:26.770Z,3.3396,1,SYNTH
2026-03-09 14:47:27.307Z,3.3409,1,SYNTH
2026-03-09 14:47:28.750Z,3.3409,2,SYNTH
2026-03-09 14:47:29.150Z,3.3368,2,SYNTH
2026-03-09 14:47:30.231Z,3.3399,2,SYNTH
2026-03-09 14:47:31.375Z,3.3386,2,SYNTH
2026-03-09 14:47:32.411Z,3.3406,1,SYNTH
2026-03-09 14:47:33.822Z,3.3379,2,SYNTH
2026-03-09 14:47:34.776Z,3.3399,2,SYNTH
2026-03-09 14:47:35.039Z,3.3384,2,SYNTH
2026-03-09 14:47:36.039Z,3.3399,1,SYNTH
2026-03-09 14:47:37.550Z,3.3379,7,SYNTH
2026-03-09 14:47:38.756Z,3.3398,6,SYNTH
2026-03-09 14:47:39.383Z,3.3412,5,SYNTH
2026-03-09 14:47:40.226Z,3.3381,4,SYNTH
2026-03-09 14:47:41.152Z,3.3368,3,SYNTH
2026-03-09 14:47:42.775Z,3.3406,2,SYNTH
2026-03-09 14:47:43.350Z,3.3413,3,SYNTH
2026-03-09 14:47:44.222Z,3.3383,1,SYNTH
2026-03-09 14:47:45.092Z,3.3396,4,SYNTH
2026-03-09 14:47:46.644Z,3.3379,4,SYNTH
2026-03-09 14:47:47.008Z,3.3370,3,SYNTH
2026-03-09 14:47:48.564Z,3.3403,2,SYNTH
2026-03-09 14:47:49.719Z,3.3381,2,SYNTH
2026-03-09 14:47:50.176Z,3.3396,2,SYNTH
2026-03-09 14:47:51.291Z,3.3397,4,SYNTH
2026-03-09 14:47:52.266Z,3.3375,2,SYNTH
2026-03-09 14:47:53.827Z,3.3412,4,SYNTH
2026-03-09 14:47:54.143Z,3.3371,4,SYNTH
2026-03-09 14:47:55.497Z,3.3365,4,SYNTH
2026-03-09 14:47:56.176Z,3.3396,4,SYNTH
2026-03-09 14:47:57.073Z,3.3381,2,SYNTH
2026-03-09 14:47:58.731Z,3.3362,4,SYNTH
2026-03-09 14:47:59.326Z,3.3408,4,SYNTH
2026-03-09 14:49:00.557Z,3.2619,8,SYNTH
2026-03-09 14:49:01.825Z,3.2620,8,SYNTH
2026-03-09 14:49:02.371Z,3.2623,4,SYNTH
2026-03-09 14:49:03.371Z,3.2592,7,SYNTH
2026-03-09 14:49:04.058Z,3.2615,3,SYNTH
2026-03-09 14:49:05.193Z,3.2623,7,SYNTH
2026-03-09 14:49:06.620Z,3.2616,3,SYNTH
2026-03-09 14:49:07.505Z,3.2640,4,SYNTH
2026-03-09 14:49:08.826Z,3.2605,6,SYNTH
2026-03-09 14:49:09.107Z,3.2597,6,SYNTH
2026-03-09 14:49:10.818Z,3.2636,4,SYNTH
2026-03-09 14:49:11.887Z,3.2601,10,SYNTH
2026-03-09 14:49:12.780Z,3.2598,12,SYNTH
2026-03-09 14:49:13.527Z,3.2600,8,SYNTH
2026-03-09 14:49:14.078Z,3.2614,2,SYNTH
2026-03-09 14:49:15.270Z,3.2621,6,SYNTH
2026-03-09 14:49:16.376Z,3.2592,10,SYNTH
2026-03-09 14:49:17.783Z,3.2631,6,SYNTH
2026-03-09 14:49:18.548Z,3.2588,7,SYNTH
2026-03-09 14:49:19.679Z,3.2632,7,SYNTH
2026-03-09 14:49:20.265Z,3.2607,5,SYNTH
2026-03-09 14:49:21.140Z,3.2601,2,SYNTH
2026-03-09 14:49:22.560Z,3.2600,4,SYNTH
2026-03-09 14:49:23.103Z,3.2631,4,SYNTH
2026-03-09 14:49:24.697Z,3.2620,5,SYNTH
2026-03-09 14:49:25.139Z,3.2604,3,SYNTH
2026-03-09 14:49:26.614Z,3.2605,3,SYNTH
2026-03-09 14:49:27.318Z,3.2620,3,SYNTH
2026-03-09 14:49:28.382Z,3.2602,3,SYNTH
2026-03-09 14:49:29.067Z,3.2606,5,SYNTH
2026-03-09 14:49:30.552Z,3.2639,4,SYNTH
2026-03-09 14:49:31.222Z,3.2592,3,SYNTH
2026-03-09 14:49:32.811Z,3.2635,4,SYNTH
2026-03-09 14:49:33.247Z,3.2626,3,SYNTH
2026-03-09 14:49:34.406Z,3.2594,5,SYNTH
2026-03-09 14:49:35.156Z,3.2630,5,SYNTH
2026-03-09 14:49:36.131Z,3.2629,4,SYNTH
2026-03-09 14:49:37.400Z,3.2633,10,SYNTH
2026-03-09 14:49:38.830Z,3.2622,11,SYNTH
2026-03-09 14:49:39.341Z,3.2640,9,SYNTH
2026-03-09 14:49:40.006Z,3.2608,8,SYNTH
2026-03-09 14:49:41.408Z,3.2632,4,SYNTH
2026-03-09 14:49:42.379Z,3.2595,3,SYNTH
2026-03-09 14:49:43.585Z,3.2625,3,SYNTH
2026-03-09 14:49:44.765Z,3.2598,5,SYNTH
2026-03-09 14:49:45.488Z,3.2627,8,SYNTH
2026-03-09 14:49:46.019Z,3.2637,5,SYNTH
2026-03-09 14:49:47.178Z,3.2631,7,SYNTH
2026-03-09 14:49:48.198Z,3.2593,4,SYNTH
2026-03-09 14:49:49.443Z,3.2618,5,SYNTH
2026-03-09 14:49:50.356Z,3.2591,5,SYNTH
2026-03-09 14:49:51.005Z,3.2637,4,SYNTH
2026-03-09 14:49:52.220Z,3.2633,4,SYNTH
2026-03-09 14:49:53.684Z,3.2612,6,SYNTH
2026-03-09 14:49:54.716Z,3.2617,7,SYNTH
2026-03-09 14:49:55.242Z,3.2611,7,SYNTH
2026-03-09 14:49:56.273Z,3.2624,4,SYNTH
2026-03-09 14:49:57.434Z,3.2639,7,SYNTH
2026-03-09 14:49:58.256Z,3.2595,8,SYNTH
2026-03-09 14:49:59.802Z,3.2623,7,SYNTH
2026-03-09 14:55:00.431Z,3.3158,2,SYNTH
2026-03-09 14:55:01.831Z,3.3130,1,SYNTH
2026-03-09 14:55:02.583Z,3.3172,2,SYNTH
2026-03-09 14:55:03.201Z,3.3147,3,SYNTH
2026-03-09 14:55:04.683Z,3.3145,2,SYNTH
2026-03-09 14:55:05.323Z,3.3154,2,SYNTH
2026-03-09 14:55:06.628Z,3.3165,1,SYNTH
2026-03-09 14:55:07.146Z,3.3175,3,SYNTH
2026-03-09 14:55:08.783Z,3.3154,1,SYNTH
2026-03-09 14:55:09.362Z,3.3130,2,SYNTH
2026-03-09 14:55:10.171Z,3.3156,2,SYNTH
2026-03-09 14:55:11.260Z,3.3157,3,SYNTH
2026-03-09 14:55:12.008Z,3.3144,6,SYNTH
2026-03-09 14:55:13.842Z,3.3171,4,SYNTH
2026-03-09 14:55:14.785Z,3.3130,1,SYNTH
2026-03-09 14:55:15.330Z,3.3139,1,SYNTH
2026-03-09 14:55:16.257Z,3.3128,2,SYNTH
2026-03-09 14:55:17.305Z,3.3156,3,SYNTH
2026-03-09 14:55:18.839Z,3.3142,3,SYNTH
2026-03-09 14:55:19.482Z,3.3153,2,SYNTH
2026-03-09 14:55:20.594Z,3.3138,1,SYNTH
2026-03-09 14:55:21.070Z,3.3142,1,SYNTH
2026-03-09 14:55:22.850Z,3.3167,2,SYNTH
2026-03-09 14:55:23.418Z,3.3133,1,SYNTH
2026-03-09 14:55:24.003Z,3.3170,2,SYNTH
2026-03-09 14:55:25.039Z,3.3165,1,SYNTH
2026-03-09 14:55:26.801Z,3.3148,2,SYNTH
2026-03-09 14:55:27.220Z,3.3127,1,SYNTH
2026-03-09 14:55:28.590Z,3.3164,1,SYNTH
2026-03-09 14:55:29.634Z,3.3166,1,SYNTH
2026-03-09 14:55:30.276Z,3.3158,1,SYNTH
2026-03-09 14:55:31.820Z,3.3132,1,SYNTH
2026-03-09 14:55:32.007Z,3.3170,1,SYNTH
2026-03-09 14:55:33.850Z,3.3162,2,SYNTH
2026-03-09 14:55:34.785Z,3.3165,2,SYNTH
2026-03-09 14:55:35.421Z,3.3157,1,SYNTH
2026-03-09 14:55:36.697Z,3.3160,2,SYNTH
2026-03-09 14:55:37.215Z,3.3176,3,SYNTH
2026-03-09 14:55:38.537Z,3.3127,4,SYNTH
2026-03-09 14:55:39.311Z,3.3163,3,SYNTH
2026-03-09 14:55:40.183Z,3.3138,3,SYNTH
2026-03-09 14:55:41.337Z,3.3135,2,SYNTH
2026-03-09 14:55:42.034Z,3.3154,1,SYNTH
2026-03-09 14:55:43.416Z,3.3135,2,SYNTH
2026-03-09 14:55:44.877Z,3.3172,2,SYNTH
2026-03-09 14:55:45.350Z,3.3134,3,SYNTH
2026-03-09 14:55:46.793Z,3.3174,3,SYNTH
2026-03-09 14:55:47.124Z,3.3144,3,SYNTH
2026-03-09 14:55:48.594Z,3.3167,1,SYNTH
2026-03-09 14:55:49.456Z,3.3141,2,SYNTH
2026-03-09 14:55:50.785Z,3.3138,1,SYNTH
2026-03-09 14:55:51.382Z,3.3155,2,SYNTH
2026-03-09 14:55:52.697Z,3.3142,2,SYNTH
2026-03-09 14:55:53.389Z,3.3159,2,SYNTH
2026-03-09 14:55:54.714Z,3.3123,2,SYNTH
2026-03-09 14:55:55.743Z,3.3157,2,SYNTH
2026-03-09 14:55:56.725Z,3.3158,2,SYNTH
2026-03-09 14:55:57.238Z,3.3136,1,SYNTH
2026-03-09 14:55:58.208Z,3.3155,1,SYNTH
2026-03-09 14:55:59.624Z,3.3140,3,SYNTH
2026-03-09 15:01:00.599Z,3.3320,46,SYNTH
2026-03-09 15:01:01.471Z,3.3325,51,SYNTH
2026-03-09 15:01:02.192Z,3.3320,36,SYNTH
2026-03-09 15:01:03.600Z,3.3302,42,SYNTH
2026-03-09 15:01:04.374Z,3.3300,43,SYNTH
2026-03-09 15:01:05.653Z,3.3309,23,SYNTH
2026-03-09 15:01:06.197Z,3.3311,28,SYNTH
2026-03-09 15:01:07.689Z,3.3317,40,SYNTH
2026-03-09 15:01:08.223Z,3.3334,23,SYNTH
2026-03-09 15:01:09.272Z,3.3296,22,SYNTH
2026-03-09 15:01:10.561Z,3.3307,33,SYNTH
2026-03-09 15:01:11.692Z,3.3328,77,SYNTH
2026-03-09 15:01:12.621Z,3.3298,52,SYNTH
2026-03-09 15:01:13.066Z,3.3322,54,SYNTH
2026-03-09 15:01:14.476Z,3.3299,38,SYNTH
2026-03-09 15:01:15.811Z,3.3298,31,SYNTH
2026-03-09 15:01:16.223Z,3.3324,63,SYNTH
2026-03-09 15:01:17.820Z,3.3298,45,SYNTH
2026-03-09 15:01:18.136Z,3.3320,37,SYNTH
2026-03-09 15:01:19.101Z,3.3297,62,SYNTH
2026-03-09 15:01:20.103Z,3.3327,28,SYNTH
2026-03-09 15:01:21.845Z,3.3308,18,SYNTH
2026-03-09 15:01:22.856Z,3.3294,34,SYNTH
2026-03-09 15:01:23.691Z,3.3318,18,SYNTH
2026-03-09 15:01:24.528Z,3.3323,30,SYNTH
2026-03-09 15:01:25.229Z,3.3299,24,SYNTH
2026-03-09 15:01:26.265Z,3.3321,24,SYNTH
2026-03-09 15:01:27.573Z,3.3298,21,SYNTH
2026-03-09 15:01:28.504Z,3.3318,33,SYNTH
2026-03-09 15:01:29.464Z,3.3298,19,SYNTH
2026-03-09 15:01:30.296Z,3.3316,28,SYNTH
2026-03-09 15:01:31.649Z,3.3296,16,SYNTH
2026-03-09 15:01:32.498Z,3.3322,32,SYNTH
2026-03-09 15:01:33.757Z,3.3329,27,SYNTH
2026-03-09 15:01:34.582Z,3.3290,29,SYNTH
2026-03-09 15:01:35.144Z,3.3299,19,SYNTH
2026-03-09 15:01:36.584Z,3.3316,23,SYNTH
2026-03-09 15:01:37.230Z,3.3301,78,SYNTH
2026-03-09 15:01:38.124Z,3.3306,86,SYNTH
2026-03-09 15:01:39.155Z,3.3323,85,SYNTH
2026-03-09 15:01:40.892Z,3.3303,75,SYNTH
2026-03-09 15:01:41.143Z,3.3336,37,SYNTH
2026-03-09 15:01:42.608Z,3.3308,19,SYNTH
2026-03-09 15:01:43.095Z,3.3323,20,SYNTH
2026-03-09 15:01:44.509Z,3.3298,29,SYNTH
2026-03-09 15:01:45.623Z,3.3299,56,SYNTH
2026-03-09 15:01:46.497Z,3.3330,27,SYNTH
2026-03-09 15:01:47.202Z,3.3288,46,SYNTH
2026-03-09 15:01:48.204Z,3.3310,18,SYNTH
2026-03-09 15:01:49.883Z,3.3303,43,SYNTH
2026-03-09 15:01:50.236Z,3.3311,27,SYNTH
2026-03-09 15:01:51.254Z,3.3291,44,SYNTH
2026-03-09 15:01:52.129Z,3.3323,26,SYNTH
2026-03-09 15:01:53.040Z,3.3331,29,SYNTH
2026-03-09 15:01:54.664Z,3.3296,47,SYNTH
2026-03-09 15:01:55.738Z,3.3300,37,SYNTH
2026-03-09 15:01:56.711Z,3.3321,20,SYNTH
2026-03-09 15:01:57.096Z,3.3320,30,SYNTH
2026-03-09 15:01:58.545Z,3.3304,51,SYNTH
2026-03-09 15:01:59.155Z,3.3311,31,SYNTH
2026-03-09 16:45:00.202Z,3.3752,6,SYNTH
2026-03-09 16:45:01.152Z,3.3759,8,SYNTH
2026-03-09 16:45:02.221Z,3.3743,13,SYNTH
2026-03-09 16:45:03.783Z,3.3748,5,SYNTH
2026-03-09 16:45:04.120Z,3.3738,11,SYNTH
2026-03-09 16:45:05.036Z,3.3766,6,SYNTH
2026-03-09 16:45:06.343Z,3.3748,8,SYNTH
2026-03-09 16:45:07.654Z,3.3745,11,SYNTH
2026-03-09 16:45:08.439Z,3.3732,8,SYNTH
2026-03-09 16:45:09.365Z,3.3749,10,SYNTH
2026-03-09 16:45:10.578Z,3.3723,8,SYNTH
2026-03-09 16:45:11.240Z,3.3745,18,SYNTH
2026-03-09 16:45:12.412Z,3.3750,13,SYNTH
2026-03-09 16:45:13.513Z,3.3757,10,SYNTH
2026-03-09 16:45:14.184Z,3.3739,5,SYNTH
2026-03-09 16:45:15.655Z,3.3764,5,SYNTH
2026-03-09 16:45:16.350Z,3.3772,7,SYNTH
2026-03-09 16:45:17.137Z,3.3741,13,SYNTH
2026-03-09 16:45:18.375Z,3.3732,7,SYNTH
2026-03-09 16:45:19.640Z,3.3765,9,SYNTH
2026-03-09 16:45:20.859Z,3.3747,9,SYNTH
2026-03-09 16:45:21.696Z,3.3756,6,SYNTH
2026-03-09 16:45:22.177Z,3.3735,4,SYNTH
2026-03-09 16:45:23.540Z,3.3766,7,SYNTH
2026-03-09 16:45:24.618Z,3.3740,8,SYNTH
2026-03-09 16:45:25.102Z,3.3777,7,SYNTH
2026-03-09 16:45:26.410Z,3.3745,8,SYNTH
2026-03-09 16:45:27.501Z,3.3723,8,SYNTH
2026-03-09 16:45:28.117Z,3.3757,6,SYNTH
2026-03-09 16:45:29.210Z,3.3740,8,SYNTH
2026-03-09 16:45:30.497Z,3.3752,7,SYNTH
2026-03-09 16:45:31.655Z,3.3775,6,SYNTH
2026-03-09 16:45:32.013Z,3.3751,5,SYNTH
2026-03-09 16:45:33.355Z,3.3732,4,SYNTH
2026-03-09 16:45:34.608Z,3.3738,8,SYNTH
2026-03-09 16:45:35.838Z,3.3759,7,SYNTH
2026-03-09 16:45:36.190Z,3.3733,4,SYNTH
2026-03-09 16:45:37.490Z,3.3762,13,SYNTH
2026-03-09 16:45:38.251Z,3.3723,16,SYNTH
2026-03-09 16:45:39.429Z,3.3724,11,SYNTH
2026-03-09 16:45:40.082Z,3.3747,13,SYNTH
2026-03-09 16:45:41.379Z,3.3727,4,SYNTH
2026-03-09 16:45:42.349Z,3.3762,8,SYNTH
2026-03-09 16:45:43.792Z,3.3755,9,SYNTH
2026-03-09 16:45:44.049Z,3.3744,4,SYNTH
2026-03-09 16:45:45.409Z,3.3761,12,SYNTH
2026-03-09 16:45:46.065Z,3.3732,11,SYNTH
2026-03-09 16:45:47.892Z,3.3765,15,SYNTH
2026-03-09 16:45:48.208Z,3.3764,8,SYNTH
2026-03-09 16:45:49.561Z,3.3736,9,SYNTH
2026-03-09 16:45:50.022Z,3.3726,5,SYNTH
2026-03-09 16:45:51.740Z,3.3768,10,SYNTH
2026-03-09 16:45:52.502Z,3.3762,9,SYNTH
2026-03-09 16:45:53.492Z,3.3749,10,SYNTH
2026-03-09 16:45:54.295Z,3.3760,5,SYNTH
2026-03-09 16:45:55.362Z,3.3728,8,SYNTH
2026-03-09 16:45:56.179Z,3.3755,7,SYNTH
2026-03-09 16:45:57.646Z,3.3769,8,SYNTH
2026-03-09 16:45:58.123Z,3.3731,6,SYNTH
2026-03-09 16:45:59.585Z,3.3766,7,SYNTH
2026-03-09 16:46:00.386Z,3.3767,29,SYNTH
2026-03-09 16:46:01.451Z,3.3769,15,SYNTH
2026-03-09 16:46:02.688Z,3.3773,28,SYNTH
2026-03-09 16:46:03.854Z,3.3740,23,SYNTH
2026-03-09 16:46:04.438Z,3.3737,13,SYNTH
2026-03-09 16:46:05.138Z,3.3751,12,SYNTH
2026-03-09 16:46:06.643Z,3.3762,16,SYNTH
2026-03-09 16:46:07.530Z,3.3759,14,SYNTH
2026-03-09 16:46:08.378Z,3.3735,18,SYNTH
2026-03-09 16:46:09.672Z,3.3764,24,SYNTH
2026-03-09 16:46:10.053Z,3.3737,17,SYNTH
2026-03-09 16:46:11.890Z,3.3736,32,SYNTH
2026-03-09 16:46:12.201Z,3.3755,52,SYNTH
2026-03-09 16:46:13.365Z,3.3762,36,SYNTH
2026-03-09 16:46:14.301Z,3.3740,9,SYNTH
2026-03-09 16:46:15.398Z,3.3767,19,SYNTH
2026-03-09 16:46:16.575Z,3.3775,24,SYNTH
2026-03-09 16:46:17.504Z,3.3740,38,SYNTH
2026-03-09 16:46:18.645Z,3.3728,16,SYNTH
2026-03-09 16:46:19.734Z,3.3751,26,SYNTH
2026-03-09 16:46:20.338Z,3.3760,17,SYNTH
2026-03-09 16:46:21.651Z,3.3760,20,SYNTH
2026-03-09 16:46:22.296Z,3.3732,18,SYNTH
2026-03-09 16:46:23.559Z,3.3736,12,SYNTH
2026-03-09 16:46:24.224Z,3.3760,17,SYNTH
2026-03-09 16:46:25.222Z,3.3756,8,SYNTH
2026-03-09 16:46:26.186Z,3.3744,15,SYNTH
2026-03-09 16:46:27.112Z,3.3734,12,SYNTH
2026-03-09 16:46:28.712Z,3.3757,9,SYNTH
2026-03-09 16:46:29.565Z,3.3738,18,SYNTH
2026-03-09 16:46:30.602Z,3.3749,9,SYNTH
2026-03-09 16:46:31.351Z,3.3726,8,SYNTH
2026-03-09 16:46:32.894Z,3.3771,10,SYNTH
2026-03-09 16:46:33.077Z,3.3745,11,SYNTH
2026-03-09 16:46:34.122Z,3.3765,19,SYNTH
2026-03-09 16:46:35.188Z,3.3743,9,SYNTH
2026-03-09 16:46:36.637Z,3.3763,8,SYNTH
2026-03-09 16:46:37.643Z,3.3735,49,SYNTH
2026-03-09 16:46:38.636Z,3.3757,35,SYNTH
2026-03-09 16:46:39.265Z,3.3758,50,SYNTH
2026-03-09 16:46:40.231Z,3.3733,38,SYNTH
2026-03-09 16:46:41.350Z,3.3774,18,SYNTH
2026-03-09 16:46:42.060Z,3.3739,10,SYNTH
2026-03-09 16:46:43.850Z,3.3756,17,SYNTH
2026-03-09 16:46:44.795Z,3.3726,20,SYNTH
2026-03-09 16:46:45.667Z,3.3769,22,SYNTH
2026-03-09 16:46:46.298Z,3.3737,25,SYNTH
2026-03-09 16:46:47.899Z,3.3753,18,SYNTH
2026-03-09 16:46:48.196Z,3.3755,14,SYNTH
2026-03-09 16:46:49.532Z,3.3735,16,SYNTH
2026-03-09 16:46:50.011Z,3.3757,12,SYNTH
2026-03-09 16:46:51.202Z,3.3741,25,SYNTH
2026-03-09 16:46:52.001Z,3.3760,22,SYNTH
2026-03-09 16:46:53.696Z,3.3734,24,SYNTH
2026-03-09 16:46:54.227Z,3.3744,21,SYNTH
2026-03-09 16:46:55.557Z,3.3762,26,SYNTH
2026-03-09 16:46:56.550Z,3.3769,17,SYNTH
2026-03-09 16:46:57.158Z,3.3745,23,SYNTH
2026-03-09 16:46:58.367Z,3.3728,29,SYNTH
2026-03-09 16:46:59.030Z,3.3757,13,SYNTH
2026-03-09 17:04:00.141Z,3.3842,11,SYNTH
2026-03-09 17:04:01.029Z,3.3862,14,SYNTH
2026-03-09 17:04:02.422Z,3.3827,8,SYNTH
2026-03-09 17:04:03.360Z,3.3850,14,SYNTH
2026-03-09 17:04:04.062Z,3.3824,12,SYNTH
2026-03-09 17:04:05.822Z,3.3851,12,SYNTH
2026-03-09 17:04:06.462Z,3.3849,10,SYNTH
2026-03-09 17:04:07.552Z,3.3827,14,SYNTH
2026-03-09 17:04:08.580Z,3.3827,11,SYNTH
2026-03-09 17:04:09.833Z,3.3837,7,SYNTH
2026-03-09 17:04:10.881Z,3.3833,7,SYNTH
2026-03-09 17:04:11.241Z,3.3839,23,SYNTH
2026-03-09 17:04:12.462Z,3.3816,24,SYNTH
2026-03-09 17:04:13.876Z,3.3842,20,SYNTH
2026-03-09 17:04:14.407Z,3.3827,12,SYNTH
2026-03-09 17:04:15.668Z,3.3847,6,SYNTH
2026-03-09 17:04:16.324Z,3.3826,12,SYNTH
2026-03-09 17:04:17.250Z,3.3835,20,SYNTH
2026-03-09 17:04:18.708Z,3.3851,16,SYNTH
2026-03-09 17:04:19.412Z,3.3863,10,SYNTH
2026-03-09 17:04:20.427Z,3.3823,10,SYNTH
2026-03-09 17:04:21.148Z,3.3846,9,SYNTH
2026-03-09 17:04:22.854Z,3.3864,5,SYNTH
2026-03-09 17:04:23.432Z,3.3843,10,SYNTH
2026-03-09 17:04:24.139Z,3.3818,7,SYNTH
2026-03-09 17:04:25.693Z,3.3838,8,SYNTH
2026-03-09 17:04:26.610Z,3.3830,7,SYNTH
2026-03-09 17:04:27.872Z,3.3853,9,SYNTH
2026-03-09 17:04:28.020Z,3.3819,7,SYNTH
2026-03-09 17:04:29.652Z,3.3820,10,SYNTH
2026-03-09 17:04:30.687Z,3.3856,4,SYNTH
2026-03-09 17:04:31.218Z,3.3837,5,SYNTH
2026-03-09 17:04:32.796Z,3.3853,10,SYNTH
2026-03-09 17:04:33.631Z,3.3829,7,SYNTH
2026-03-09 17:04:34.105Z,3.3863,7,SYNTH
2026-03-09 17:04:35.708Z,3.3823,5,SYNTH
2026-03-09 17:04:36.895Z,3.3846,9,SYNTH
2026-03-09 17:04:37.886Z,3.3856,20,SYNTH
2026-03-09 17:04:38.281Z,3.3832,17,SYNTH
2026-03-09 17:04:39.487Z,3.3852,19,SYNTH
2026-03-09 17:04:40.514Z,3.3850,17,SYNTH
2026-03-09 17:04:41.810Z,3.3843,7,SYNTH
2026-03-09 17:04:42.806Z,3.3834,10,SYNTH
2026-03-09 17:04:43.014Z,3.3821,9,SYNTH
2026-03-09 17:04:44.546Z,3.3844,7,SYNTH
2026-03-09 17:04:45.603Z,3.3854,9,SYNTH
2026-03-09 17:04:46.414Z,3.3818,13,SYNTH
2026-03-09 17:04:47.573Z,3.3849,15,SYNTH
2026-03-09 17:04:48.333Z,3.3859,12,SYNTH
2026-03-09 17:04:49.159Z,3.3829,8,SYNTH
2026-03-09 17:04:50.484Z,3.3857,10,SYNTH
2026-03-09 17:04:51.418Z,3.3823,6,SYNTH
2026-03-09 17:04:52.545Z,3.3820,11,SYNTH
2026-03-09 17:04:53.295Z,3.3849,11,SYNTH
2026-03-09 17:04:54.288Z,3.3821,10,SYNTH
2026-03-09 17:04:55.149Z,3.3854,13,SYNTH
2026-03-09 17:04:56.451Z,3.3828,12,SYNTH
2026-03-09 17:04:57.089Z,3.3847,8,SYNTH
2026-03-09 17:04:58.834Z,3.3862,10,SYNTH
2026-03-09 17:04:59.337Z,3.3826,7,SYNTH
2026-03-09 17:20:00.418Z,3.4270,2,SYNTH
2026-03-09 17:20:01.636Z,3.4236,1,SYNTH
2026-03-09 17:20:02.263Z,3.4226,1,SYNTH
2026-03-09 17:20:03.825Z,3.4258,1,SYNTH
2026-03-09 17:20:04.861Z,3.4231,2,SYNTH
2026-03-09 17:20:05.476Z,3.4241,1,SYNTH
2026-03-09 17:20:06.726Z,3.4269,2,SYNTH
2026-03-09 17:20:07.858Z,3.4249,2,SYNTH
2026-03-09 17:20:08.572Z,3.4237,1,SYNTH
2026-03-09 17:20:09.003Z,3.4257,1,SYNTH
2026-03-09 17:20:10.231Z,3.4236,2,SYNTH
2026-03-09 17:20:11.515Z,3.4235,3,SYNTH
2026-03-09 17:20:12.487Z,3.4232,3,SYNTH
2026-03-09 17:20:13.066Z,3.4248,3,SYNTH
2026-03-09 17:20:14.066Z,3.4271,2,SYNTH
2026-03-09 17:20:15.555Z,3.4230,2,SYNTH
2026-03-09 17:20:16.294Z,3.4264,3,SYNTH
2026-03-09 17:20:17.469Z,3.4247,2,SYNTH
2026-03-09 17:20:18.423Z,3.4263,3,SYNTH
2026-03-09 17:20:19.730Z,3.4238,2,SYNTH
2026-03-09 17:20:20.637Z,3.4271,1,SYNTH
2026-03-09 17:20:21.840Z,3.4265,1,SYNTH
2026-03-09 17:20:22.505Z,3.4229,1,SYNTH
2026-03-09 17:20:23.555Z,3.4225,2,SYNTH
2026-03-09 17:20:24.751Z,3.4263,1,SYNTH
2026-03-09 17:20:25.669Z,3.4271,1,SYNTH
2026-03-09 17:20:26.860Z,3.4234,1,SYNTH
2026-03-09 17:20:27.267Z,3.4270,1,SYNTH
2026-03-09 17:20:28.659Z,3.4236,1,SYNTH
2026-03-09 17:20:29.785Z,3.4238,1,SYNTH
2026-03-09 17:20:30.636Z,3.4258,1,SYNTH
2026-03-09 17:20:31.031Z,3.4232,1,SYNTH
2026-03-09 17:20:32.464Z,3.4261,1,SYNTH
2026-03-09 17:20:33.213Z,3.4245,1,SYNTH
2026-03-09 17:20:34.536Z,3.4261,1,SYNTH
2026-03-09 17:20:35.044Z,3.4246,1,SYNTH
2026-03-09 17:20:36.026Z,3.4227,1,SYNTH
2026-03-09 17:20:37.482Z,3.4256,4,SYNTH
2026-03-09 17:20:38.895Z,3.4260,3,SYNTH
2026-03-09 17:20:39.843Z,3.4231,4,SYNTH
2026-03-09 17:20:40.575Z,3.4255,3,SYNTH
2026-03-09 17:20:41.685Z,3.4263,1,SYNTH
2026-03-09 17:20:42.528Z,3.4226,1,SYNTH
2026-03-09 17:20:43.233Z,3.4241,2,SYNTH
2026-03-09 17:20:44.065Z,3.4264,1,SYNTH
2026-03-09 17:20:45.095Z,3.4230,2,SYNTH
2026-03-09 17:20:46.428Z,3.4248,2,SYNTH
2026-03-09 17:20:47.273Z,3.4259,3,SYNTH
2026-03-09 17:20:48.772Z,3.4247,1,SYNTH
2026-03-09 17:20:49.389Z,3.4269,2,SYNTH
2026-03-09 17:20:50.692Z,3.4226,2,SYNTH
2026-03-09 17:20:51.230Z,3.4240,2,SYNTH
2026-03-09 17:20:52.041Z,3.4268,1,SYNTH
2026-03-09 17:20:53.676Z,3.4243,2,SYNTH
2026-03-09 17:20:54.878Z,3.4252,2,SYNTH
2026-03-09 17:20:55.242Z,3.4260,2,SYNTH
2026-03-09 17:20:56.154Z,3.4235,2,SYNTH
2026-03-09 17:20:57.492Z,3.4275,1,SYNTH
2026-03-09 17:20:58.348Z,3.4229,1,SYNTH
2026-03-09 17:20:59.560Z,3.4254,1,SYNTH
2026-03-09 17:23:00.642Z,3.4043,6,SYNTH
2026-03-09 17:23:01.733Z,3.4023,6,SYNTH
2026-03-09 17:23:02.720Z,3.4046,4,SYNTH
2026-03-09 17:23:03.892Z,3.4032,4,SYNTH
2026-03-09 17:23:04.655Z,3.4052,5,SYNTH
2026-03-09 17:23:05.411Z,3.4042,2,SYNTH
2026-03-09 17:23:06.252Z,3.4021,5,SYNTH
2026-03-09 17:23:07.788Z,3.4047,4,SYNTH
2026-03-09 17:23:08.175Z,3.4016,4,SYNTH
2026-03-09 17:23:09.189Z,3.4043,4,SYNTH
2026-03-09 17:23:10.744Z,3.4021,3,SYNTH
2026-03-09 17:23:11.471Z,3.4010,8,SYNTH
2026-03-09 17:23:12.431Z,3.4047,9,SYNTH
2026-03-09 17:23:13.624Z,3.4019,5,SYNTH
2026-03-09 17:23:14.070Z,3.4052,2,SYNTH
2026-03-09 17:23:15.714Z,3.4017,2,SYNTH
2026-03-09 17:23:16.826Z,3.4037,7,SYNTH
2026-03-09 17:23:17.101Z,3.4031,7,SYNTH
2026-03-09 17:23:18.885Z,3.4041,6,SYNTH
2026-03-09 17:23:19.734Z,3.4025,5,SYNTH
2026-03-09 17:23:20.682Z,3.4013,4,SYNTH
2026-03-09 17:23:21.078Z,3.4049,2,SYNTH
2026-03-09 17:23:22.431Z,3.4055,3,SYNTH
2026-03-09 17:23:23.172Z,3.4058,2,SYNTH
2026-03-09 17:23:24.743Z,3.4081,3,SYNTH
2026-03-09 17:23:25.346Z,3.4099,3,SYNTH
2026-03-09 17:23:26.410Z,3.4116,2,SYNTH
2026-03-09 17:23:27.026Z,3.4110,3,SYNTH
2026-03-09 17:23:28.639Z,3.4123,3,SYNTH
2026-03-09 17:23:29.858Z,3.4138,3,SYNTH
2026-03-09 17:23:30.498Z,3.4147,2,SYNTH
2026-03-09 17:23:31.812Z,3.4168,3,SYNTH
2026-03-09 17:23:32.420Z,3.4161,3,SYNTH
2026-03-09 17:23:33.763Z,3.4184,3,SYNTH
2026-03-09 17:23:34.243Z,3.4197,2,SYNTH
2026-03-09 17:23:35.711Z,3.4171,2,SYNTH
2026-03-09 17:23:36.335Z,3.4203,2,SYNTH
2026-03-09 17:23:37.533Z,3.4223,10,SYNTH
2026-03-09 17:23:38.514Z,3.4223,8,SYNTH
2026-03-09 17:23:39.036Z,3.4222,6,SYNTH
2026-03-09 17:23:40.720Z,3.4188,5,SYNTH
2026-03-09 17:23:41.652Z,3.4222,4,SYNTH
2026-03-09 17:23:42.515Z,3.4179,2,SYNTH
2026-03-09 17:23:43.422Z,3.4181,4,SYNTH
2026-03-09 17:23:44.307Z,3.4178,3,SYNTH
2026-03-09 17:23:45.115Z,3.4173,6,SYNTH
2026-03-09 17:23:46.242Z,3.4204,6,SYNTH
2026-03-09 17:23:47.044Z,3.4204,3,SYNTH
2026-03-09 17:23:48.231Z,3.4176,3,SYNTH
2026-03-09 17:23:49.832Z,3.4201,2,SYNTH
2026-03-09 17:23:50.282Z,3.4174,2,SYNTH
2026-03-09 17:23:51.870Z,3.4200,4,SYNTH
2026-03-09 17:23:52.131Z,3.4179,3,SYNTH
2026-03-09 17:23:53.517Z,3.4201,4,SYNTH
2026-03-09 17:23:54.399Z,3.4175,3,SYNTH
2026-03-09 17:23:55.021Z,3.4216,5,SYNTH
2026-03-09 17:23:56.715Z,3.4210,3,SYNTH
2026-03-09 17:23:57.761Z,3.4223,3,SYNTH
2026-03-09 17:23:58.128Z,3.4181,5,SYNTH
2026-03-09 17:23:59.265Z,3.4216,3,SYNTH
2026-03-09 17:26:00.538Z,3.4219,6,SYNTH
2026-03-09 17:26:01.439Z,3.4179,7,SYNTH
2026-03-09 17:26:02.545Z,3.4219,6,SYNTH
2026-03-09 17:26:03.438Z,3.4218,6,SYNTH
2026-03-09 17:26:04.659Z,3.4191,5,SYNTH
2026-03-09 17:26:05.812Z,3.4199,5,SYNTH
2026-03-09 17:26:06.454Z,3.4219,4,SYNTH
2026-03-09 17:26:07.404Z,3.4184,6,SYNTH
2026-03-09 17:26:08.012Z,3.4219,7,SYNTH
2026-03-09 17:26:09.363Z,3.4210,3,SYNTH
2026-03-09 17:26:10.472Z,3.4211,7,SYNTH
2026-03-09 17:26:11.816Z,3.4176,11,SYNTH
2026-03-09 17:26:12.510Z,3.4215,8,SYNTH
2026-03-09 17:26:13.130Z,3.4177,14,SYNTH
2026-03-09 17:26:14.037Z,3.4207,3,SYNTH
2026-03-09 17:26:15.366Z,3.4210,4,SYNTH
2026-03-09 17:26:16.655Z,3.4219,11,SYNTH
2026-03-09 17:26:17.004Z,3.4224,11,SYNTH
2026-03-09 17:26:18.570Z,3.4187,10,SYNTH
2026-03-09 17:26:19.865Z,3.4222,9,SYNTH
2026-03-09 17:26:20.724Z,3.4188,4,SYNTH
2026-03-09 17:26:21.222Z,3.4189,4,SYNTH
2026-03-09 17:26:22.594Z,3.4201,2,SYNTH
2026-03-09 17:26:23.630Z,3.4213,3,SYNTH
2026-03-09 17:26:24.611Z,3.4216,4,SYNTH
2026-03-09 17:26:25.383Z,3.4183,4,SYNTH
2026-03-09 17:26:26.531Z,3.4220,5,SYNTH
2026-03-09 17:26:27.600Z,3.4217,4,SYNTH
2026-03-09 17:26:28.571Z,3.4192,3,SYNTH
2026-03-09 17:26:29.158Z,3.4174,4,SYNTH
2026-03-09 17:26:30.087Z,3.4199,3,SYNTH
2026-03-09 17:26:31.421Z,3.4215,4,SYNTH
2026-03-09 17:26:32.471Z,3.4177,4,SYNTH
2026-03-09 17:26:33.409Z,3.4206,4,SYNTH
2026-03-09 17:26:34.323Z,3.4213,2,SYNTH
2026-03-09 17:26:35.143Z,3.4202,3,SYNTH
2026-03-09 17:26:36.761Z,3.4212,5,SYNTH
2026-03-09 17:26:37.463Z,3.4183,12,SYNTH
2026-03-09 17:26:38.879Z,3.4223,14,SYNTH
2026-03-09 17:26:39.394Z,3.4195,10,SYNTH
2026-03-09 17:26:40.080Z,3.4218,7,SYNTH
2026-03-09 17:26:41.632Z,3.4196,6,SYNTH
2026-03-09 17:26:42.423Z,3.4191,4,SYNTH
2026-03-09 17:26:43.398Z,3.4211,6,SYNTH
2026-03-09 17:26:44.547Z,3.4219,6,SYNTH
2026-03-09 17:26:45.864Z,3.4184,4,SYNTH
2026-03-09 17:26:46.260Z,3.4205,9,SYNTH
2026-03-09 17:26:47.211Z,3.4191,5,SYNTH
2026-03-09 17:26:48.500Z,3.4223,5,SYNTH
2026-03-09 17:26:49.633Z,3.4193,5,SYNTH
2026-03-09 17:26:50.677Z,3.4185,6,SYNTH
2026-03-09 17:26:51.821Z,3.4221,4,SYNTH
2026-03-09 17:26:52.475Z,3.4196,5,SYNTH
2026-03-09 17:26:53.391Z,3.4196,5,SYNTH
2026-03-09 17:26:54.724Z,3.4210,6,SYNTH
2026-03-09 17:26:55.816Z,3.4201,7,SYNTH
2026-03-09 17:26:56.195Z,3.4188,6,SYNTH
2026-03-09 17:26:57.745Z,3.4202,5,SYNTH
2026-03-09 17:26:58.517Z,3.4176,9,SYNTH
2026-03-09 17:26:59.728Z,3.4207,9,SYNTH
2026-03-09 17:43:00.428Z,3.4157,13,SYNTH
2026-03-09 17:43:01.060Z,3.4136,10,SYNTH
2026-03-09 17:43:02.348Z,3.4159,7,SYNTH
2026-03-09 17:43:03.277Z,3.4138,8,SYNTH
2026-03-09 17:43:04.277Z,3.4166,9,SYNTH
2026-03-09 17:43:05.397Z,3.4170,8,SYNTH
2026-03-09 17:43:06.392Z,3.4177,9,SYNTH
2026-03-09 17:43:07.308Z,3.4138,10,SYNTH
2026-03-09 17:43:08.816Z,3.4125,6,SYNTH
2026-03-09 17:43:09.220Z,3.4166,10,SYNTH
2026-03-09 17:43:10.555Z,3.4140,5,SYNTH
2026-03-09 17:43:11.115Z,3.4167,15,SYNTH
2026-03-09 17:43:12.298Z,3.4169,19,SYNTH
2026-03-09 17:43:13.476Z,3.4171,15,SYNTH
2026-03-09 17:43:14.543Z,3.4140,6,SYNTH
2026-03-09 17:43:15.845Z,3.4133,4,SYNTH
2026-03-09 17:43:16.518Z,3.4151,10,SYNTH
2026-03-09 17:43:17.442Z,3.4172,10,SYNTH
2026-03-09 17:43:18.651Z,3.4133,15,SYNTH
2026-03-09 17:43:19.877Z,3.4137,11,SYNTH
2026-03-09 17:43:20.862Z,3.4185,8,SYNTH
2026-03-09 17:43:21.362Z,3.4182,6,SYNTH
2026-03-09 17:43:22.321Z,3.4177,4,SYNTH
2026-03-09 17:43:23.462Z,3.4204,6,SYNTH
2026-03-09 17:43:24.632Z,3.4204,8,SYNTH
2026-03-09 17:43:25.045Z,3.4224,6,SYNTH
2026-03-09 17:43:26.474Z,3.4257,8,SYNTH
2026-03-09 17:43:27.618Z,3.4267,8,SYNTH
2026-03-09 17:43:28.039Z,3.4277,4,SYNTH
2026-03-09 17:43:29.001Z,3.4309,6,SYNTH
2026-03-09 17:43:30.877Z,3.4325,6,SYNTH
2026-03-09 17:43:31.588Z,3.4351,3,SYNTH
2026-03-09 17:43:32.768Z,3.4355,7,SYNTH
2026-03-09 17:43:33.772Z,3.4374,7,SYNTH
2026-03-09 17:43:34.198Z,3.4379,5,SYNTH
2026-03-09 17:43:35.596Z,3.4392,9,SYNTH
2026-03-09 17:43:36.152Z,3.4373,7,SYNTH
2026-03-09 17:43:37.587Z,3.4408,19,SYNTH
2026-03-09 17:43:38.287Z,3.4412,11,SYNTH
2026-03-09 17:43:39.782Z,3.4385,15,SYNTH
2026-03-09 17:43:40.801Z,3.4409,11,SYNTH
2026-03-09 17:43:41.136Z,3.4403,6,SYNTH
2026-03-09 17:43:42.505Z,3.4375,6,SYNTH
2026-03-09 17:43:43.353Z,3.4397,6,SYNTH
2026-03-09 17:43:44.388Z,3.4368,8,SYNTH
2026-03-09 17:43:45.796Z,3.4366,10,SYNTH
2026-03-09 17:43:46.342Z,3.4354,8,SYNTH
2026-03-09 17:43:47.065Z,3.4380,12,SYNTH
2026-03-09 17:43:48.697Z,3.4354,8,SYNTH
2026-03-09 17:43:49.713Z,3.4387,8,SYNTH
2026-03-09 17:43:50.056Z,3.4386,9,SYNTH
2026-03-09 17:43:51.526Z,3.4397,5,SYNTH
2026-03-09 17:43:52.891Z,3.4408,6,SYNTH
2026-03-09 17:43:53.349Z,3.4372,5,SYNTH
2026-03-09 17:43:54.843Z,3.4408,11,SYNTH
2026-03-09 17:43:55.524Z,3.4375,9,SYNTH
2026-03-09 17:43:56.368Z,3.4403,9,SYNTH
2026-03-09 17:43:57.476Z,3.4385,12,SYNTH
2026-03-09 17:43:58.680Z,3.4406,10,SYNTH
2026-03-09 17:43:59.158Z,3.4418,6,SYNTH
2026-03-09 17:45:00.230Z,3.4211,6,SYNTH
2026-03-09 17:45:01.632Z,3.4197,4,SYNTH
2026-03-09 17:45:02.524Z,3.4215,7,SYNTH
2026-03-09 17:45:03.075Z,3.4193,5,SYNTH
2026-03-09 17:45:04.785Z,3.4191,4,SYNTH
2026-03-09 17:45:05.748Z,3.4205,6,SYNTH
2026-03-09 17:45:06.551Z,3.4189,5,SYNTH
2026-03-09 17:45:07.231Z,3.4209,6,SYNTH
2026-03-09 17:45:08.323Z,3.4206,6,SYNTH
2026-03-09 17:45:09.671Z,3.4189,5,SYNTH
2026-03-09 17:45:10.833Z,3.4224,3,SYNTH
2026-03-09 17:45:11.284Z,3.4193,7,SYNTH
2026-03-09 17:45:12.172Z,3.4180,6,SYNTH
2026-03-09 17:45:13.186Z,3.4205,13,SYNTH
2026-03-09 17:45:14.441Z,3.4207,2,SYNTH
2026-03-09 17:45:15.020Z,3.4204,3,SYNTH
2026-03-09 17:45:16.684Z,3.4180,4,SYNTH
2026-03-09 17:45:17.678Z,3.4208,6,SYNTH
2026-03-09 17:45:18.051Z,3.4200,6,SYNTH
2026-03-09 17:45:19.058Z,3.4219,8,SYNTH
2026-03-09 17:45:20.343Z,3.4178,3,SYNTH
2026-03-09 17:45:21.412Z,3.4219,5,SYNTH
2026-03-09 17:45:22.642Z,3.4236,4,SYNTH
2026-03-09 17:45:23.250Z,3.4202,3,SYNTH
2026-03-09 17:45:24.704Z,3.4233,5,SYNTH
2026-03-09 17:45:25.782Z,3.4234,3,SYNTH
2026-03-09 17:45:26.201Z,3.4240,3,SYNTH
2026-03-09 17:45:27.446Z,3.4259,4,SYNTH
2026-03-09 17:45:28.858Z,3.4269,3,SYNTH
2026-03-09 17:45:29.258Z,3.4271,5,SYNTH
2026-03-09 17:45:30.132Z,3.4259,2,SYNTH
2026-03-09 17:45:31.409Z,3.4267,3,SYNTH
2026-03-09 17:45:32.048Z,3.4297,3,SYNTH
2026-03-09 17:45:33.289Z,3.4269,3,SYNTH
2026-03-09 17:45:34.473Z,3.4296,4,SYNTH
2026-03-09 17:45:35.188Z,3.4300,2,SYNTH
2026-03-09 17:45:36.609Z,3.4304,4,SYNTH
2026-03-09 17:45:37.342Z,3.4276,9,SYNTH
2026-03-09 17:45:38.527Z,3.4309,6,SYNTH
2026-03-09 17:45:39.268Z,3.4307,6,SYNTH
2026-03-09 17:45:40.886Z,3.4307,6,SYNTH
2026-03-09 17:45:41.006Z,3.4319,3,SYNTH
2026-03-09 17:45:42.667Z,3.4280,3,SYNTH
2026-03-09 17:45:43.459Z,3.4300,3,SYNTH
2026-03-09 17:45:44.166Z,3.4316,2,SYNTH
2026-03-09 17:45:45.027Z,3.4281,4,SYNTH
2026-03-09 17:45:46.501Z,3.4268,6,SYNTH
2026-03-09 17:45:47.218Z,3.4291,6,SYNTH
2026-03-09 17:45:48.434Z,3.4305,3,SYNTH
2026-03-09 17:45:49.441Z,3.4270,5,SYNTH
2026-03-09 17:45:50.740Z,3.4296,3,SYNTH
2026-03-09 17:45:51.622Z,3.4304,3,SYNTH
2026-03-09 17:45:52.458Z,3.4282,6,SYNTH
2026-03-09 17:45:53.365Z,3.4276,6,SYNTH
2026-03-09 17:45:54.221Z,3.4285,5,SYNTH
2026-03-09 17:45:55.059Z,3.4302,5,SYNTH
2026-03-09 17:45:56.634Z,3.4310,5,SYNTH
2026-03-09 17:45:57.700Z,3.4286,4,SYNTH
2026-03-09 17:45:58.885Z,3.4320,5,SYNTH
2026-03-09 17:45:59.663Z,3.4280,6,SYNTH
2026-03-09 17:48:00.066Z,3.3812,78,SYNTH
2026-03-09 17:48:01.031Z,3.3828,68,SYNTH
2026-03-09 17:48:02.090Z,3.3798,78,SYNTH
2026-03-09 17:48:03.047Z,3.3775,70,SYNTH
2026-03-09 17:48:04.684Z,3.3820,66,SYNTH
2026-03-09 17:48:05.681Z,3.3782,74,SYNTH
2026-03-09 17:48:06.548Z,3.3815,42,SYNTH
2026-03-09 17:48:07.572Z,3.3779,60,SYNTH
2026-03-09 17:48:08.693Z,3.3801,64,SYNTH
2026-03-09 17:48:09.292Z,3.3817,68,SYNTH
2026-03-09 17:48:10.759Z,3.3820,49,SYNTH
2026-03-09 17:48:11.621Z,3.3793,154,SYNTH
2026-03-09 17:48:12.288Z,3.3810,103,SYNTH
2026-03-09 17:48:13.051Z,3.3821,139,SYNTH
2026-03-09 17:48:14.116Z,3.3813,28,SYNTH
2026-03-09 17:48:15.157Z,3.3784,36,SYNTH
2026-03-09 17:48:16.761Z,3.3801,64,SYNTH
2026-03-09 17:48:17.346Z,3.3819,52,SYNTH
2026-03-09 17:48:18.527Z,3.3822,65,SYNTH
2026-03-09 17:48:19.147Z,3.3784,46,SYNTH
2026-03-09 17:48:20.312Z,3.3786,28,SYNTH
2026-03-09 17:48:21.228Z,3.3786,45,SYNTH
2026-03-09 17:48:22.315Z,3.3797,30,SYNTH
2026-03-09 17:48:23.611Z,3.3826,48,SYNTH
2026-03-09 17:48:24.524Z,3.3792,41,SYNTH
2026-03-09 17:48:25.884Z,3.3810,31,SYNTH
2026-03-09 17:48:26.606Z,3.3787,50,SYNTH
2026-03-09 17:48:27.461Z,3.3774,36,SYNTH
2026-03-09 17:48:28.018Z,3.3809,40,SYNTH
2026-03-09 17:48:29.669Z,3.3807,32,SYNTH
2026-03-09 17:48:30.855Z,3.3781,32,SYNTH
2026-03-09 17:48:31.320Z,3.3817,38,SYNTH
2026-03-09 17:48:32.772Z,3.3789,29,SYNTH
2026-03-09 17:48:33.726Z,3.3818,38,SYNTH
2026-03-09 17:48:34.005Z,3.3806,34,SYNTH
2026-03-09 17:48:35.222Z,3.3819,25,SYNTH
2026-03-09 17:48:36.279Z,3.3785,29,SYNTH
2026-03-09 17:48:37.015Z,3.3797,80,SYNTH
2026-03-09 17:48:38.360Z,3.3779,102,SYNTH
2026-03-09 17:48:39.019Z,3.3788,116,SYNTH
2026-03-09 17:48:40.798Z,3.3805,105,SYNTH
2026-03-09 17:48:41.385Z,3.3775,27,SYNTH
2026-03-09 17:48:42.603Z,3.3811,34,SYNTH
2026-03-09 17:48:43.628Z,3.3791,62,SYNTH
2026-03-09 17:48:44.106Z,3.3803,32,SYNTH
2026-03-09 17:48:45.065Z,3.3823,62,SYNTH
2026-03-09 17:48:46.387Z,3.3818,69,SYNTH
2026-03-09 17:48:47.736Z,3.3789,67,SYNTH
2026-03-09 17:48:48.371Z,3.3812,52,SYNTH
2026-03-09 17:48:49.600Z,3.3793,35,SYNTH
2026-03-09 17:48:50.822Z,3.3787,44,SYNTH
2026-03-09 17:48:51.712Z,3.3807,53,SYNTH
2026-03-09 17:48:52.200Z,3.3789,64,SYNTH
2026-03-09 17:48:53.733Z,3.3809,39,SYNTH
2026-03-09 17:48:54.071Z,3.3787,61,SYNTH
2026-03-09 17:48:55.350Z,3.3811,42,SYNTH
2026-03-09 17:48:56.156Z,3.3804,55,SYNTH
2026-03-09 17:48:57.578Z,3.3791,41,SYNTH
2026-03-09 17:48:58.568Z,3.3807,46,SYNTH
2026-03-09 17:48:59.479Z,3.3808,60,SYNTH
2026-03-09 17:56:00.673Z,3.4201,6,SYNTH
2026-03-09 17:56:01.581Z,3.4209,8,SYNTH
2026-03-09 17:56:02.550Z,3.4181,5,SYNTH
2026-03-09 17:56:03.022Z,3.4212,7,SYNTH
2026-03-09 17:56:04.466Z,3.4177,7,SYNTH
2026-03-09 17:56:05.095Z,3.4211,3,SYNTH
2026-03-09 17:56:06.308Z,3.4223,4,SYNTH
2026-03-09 17:56:07.883Z,3.4186,5,SYNTH
2026-03-09 17:56:08.681Z,3.4197,4,SYNTH
2026-03-09 17:56:09.182Z,3.4218,5,SYNTH
2026-03-09 17:56:10.710Z,3.4187,4,SYNTH
2026-03-09 17:56:11.635Z,3.4217,15,SYNTH
2026-03-09 17:56:12.658Z,3.4222,12,SYNTH
2026-03-09 17:56:13.482Z,3.4185,11,SYNTH
2026-03-09 17:56:14.491Z,3.4190,5,SYNTH
2026-03-09 17:56:15.074Z,3.4191,4,SYNTH
2026-03-09 17:56:16.146Z,3.4216,7,SYNTH
2026-03-09 17:56:17.193Z,3.4177,8,SYNTH
2026-03-09 17:56:18.113Z,3.4217,7,SYNTH
2026-03-09 17:56:19.098Z,3.4185,7,SYNTH
2026-03-09 17:56:20.074Z,3.4209,5,SYNTH
2026-03-09 17:56:21.182Z,3.4185,4,SYNTH
2026-03-09 17:56:22.780Z,3.4219,4,SYNTH
2026-03-09 17:56:23.548Z,3.4187,4,SYNTH
2026-03-09 17:56:24.868Z,3.4175,3,SYNTH
2026-03-09 17:56:25.017Z,3.4208,5,SYNTH
2026-03-09 17:56:26.548Z,3.4223,3,SYNTH
2026-03-09 17:56:27.691Z,3.4222,5,SYNTH
2026-03-09 17:56:28.550Z,3.4213,3,SYNTH
2026-03-09 17:56:29.408Z,3.4182,5,SYNTH
2026-03-09 17:56:30.099Z,3.4215,4,SYNTH
2026-03-09 17:56:31.411Z,3.4179,4,SYNTH
2026-03-09 17:56:32.719Z,3.4213,4,SYNTH
2026-03-09 17:56:33.853Z,3.4217,4,SYNTH
2026-03-09 17:56:34.250Z,3.4195,4,SYNTH
2026-03-09 17:56:35.125Z,3.4216,4,SYNTH
2026-03-09 17:56:36.062Z,3.4214,5,SYNTH
2026-03-09 17:56:37.053Z,3.4185,12,SYNTH
2026-03-09 17:56:38.501Z,3.4220,6,SYNTH
2026-03-09 17:56:39.807Z,3.4215,11,SYNTH
2026-03-09 17:56:40.419Z,3.4197,8,SYNTH
2026-03-09 17:56:41.893Z,3.4183,5,SYNTH
2026-03-09 17:56:42.015Z,3.4208,5,SYNTH
2026-03-09 17:56:43.308Z,3.4189,4,SYNTH
2026-03-09 17:56:44.585Z,3.4212,3,SYNTH
2026-03-09 17:56:45.822Z,3.4184,4,SYNTH
2026-03-09 17:56:46.098Z,3.4182,5,SYNTH
2026-03-09 17:56:47.779Z,3.4181,5,SYNTH
2026-03-09 17:56:48.620Z,3.4203,4,SYNTH
2026-03-09 17:56:49.630Z,3.4212,5,SYNTH
2026-03-09 17:56:50.178Z,3.4222,6,SYNTH
2026-03-09 17:56:51.228Z,3.4186,5,SYNTH
2026-03-09 17:56:52.039Z,3.4213,6,SYNTH
2026-03-09 17:56:53.006Z,3.4181,3,SYNTH
2026-03-09 17:56:54.422Z,3.4199,7,SYNTH
2026-03-09 17:56:55.403Z,3.4211,6,SYNTH
2026-03-09 17:56:56.006Z,3.4192,4,SYNTH
2026-03-09 17:56:57.112Z,3.4213,7,SYNTH
2026-03-09 17:56:58.137Z,3.4210,5,SYNTH
2026-03-09 17:56:59.025Z,3.4188,4,SYNTH
2026-03-09 18:18:00.078Z,3.4419,3,SYNTH
2026-03-09 18:18:01.095Z,3.4419,3,SYNTH
2026-03-09 18:18:02.021Z,3.4378,2,SYNTH
2026-03-09 18:18:03.317Z,3.4421,2,SYNTH
2026-03-09 18:18:04.425Z,3.4424,3,SYNTH
2026-03-09 18:18:05.086Z,3.4379,3,SYNTH
2026-03-09 18:18:06.423Z,3.4408,2,SYNTH
2026-03-09 18:18:07.518Z,3.4396,2,SYNTH
2026-03-09 18:18:08.134Z,3.4426,2,SYNTH
2026-03-09 18:18:09.187Z,3.4380,2,SYNTH
2026-03-09 18:18:10.321Z,3.4402,3,SYNTH
2026-03-09 18:18:11.883Z,3.4421,6,SYNTH
2026-03-09 18:18:12.112Z,3.4374,6,SYNTH
2026-03-09 18:18:13.886Z,3.4406,5,SYNTH
2026-03-09 18:18:14.896Z,3.4411,2,SYNTH
2026-03-09 18:18:15.790Z,3.4417,2,SYNTH
2026-03-09 18:18:16.198Z,3.4424,2,SYNTH
2026-03-09 18:18:17.304Z,3.4377,2,SYNTH
2026-03-09 18:18:18.648Z,3.4390,2,SYNTH
2026-03-09 18:18:19.517Z,3.4428,4,SYNTH
2026-03-09 18:18:20.636Z,3.4396,2,SYNTH
2026-03-09 18:18:21.390Z,3.4385,1,SYNTH
2026-03-09 18:18:22.827Z,3.4407,1,SYNTH
2026-03-09 18:18:23.028Z,3.4411,2,SYNTH
2026-03-09 18:18:24.799Z,3.4424,1,SYNTH
2026-03-09 18:18:25.714Z,3.4382,2,SYNTH
2026-03-09 18:18:26.813Z,3.4399,2,SYNTH
2026-03-09 18:18:27.727Z,3.4381,1,SYNTH
2026-03-09 18:18:28.254Z,3.4409,2,SYNTH
2026-03-09 18:18:29.790Z,3.4393,2,SYNTH
2026-03-09 18:18:30.865Z,3.4377,2,SYNTH
2026-03-09 18:18:31.042Z,3.4387,2,SYNTH
2026-03-09 18:18:32.239Z,3.4413,2,SYNTH
2026-03-09 18:18:33.283Z,3.4415,2,SYNTH
2026-03-09 18:18:34.881Z,3.4415,2,SYNTH
2026-03-09 18:18:35.893Z,3.4380,2,SYNTH
2026-03-09 18:18:36.883Z,3.4409,2,SYNTH
2026-03-09 18:18:37.676Z,3.4395,4,SYNTH
2026-03-09 18:18:38.885Z,3.4400,3,SYNTH
2026-03-09 18:18:39.883Z,3.4419,3,SYNTH
2026-03-09 18:18:40.821Z,3.4398,5,SYNTH
2026-03-09 18:18:41.223Z,3.4376,1,SYNTH
2026-03-09 18:18:42.608Z,3.4421,2,SYNTH
2026-03-09 18:18:43.876Z,3.4392,1,SYNTH
2026-03-09 18:18:44.333Z,3.4411,1,SYNTH
2026-03-09 18:18:45.200Z,3.4418,2,SYNTH
2026-03-09 18:18:46.370Z,3.4387,3,SYNTH
2026-03-09 18:18:47.697Z,3.4396,3,SYNTH
2026-03-09 18:18:48.047Z,3.4411,2,SYNTH
2026-03-09 18:18:49.412Z,3.4411,3,SYNTH
2026-03-09 18:18:50.660Z,3.4382,3,SYNTH
2026-03-09 18:18:51.427Z,3.4408,2,SYNTH
2026-03-09 18:18:52.241Z,3.4410,3,SYNTH
2026-03-09 18:18:53.222Z,3.4415,3,SYNTH
2026-03-09 18:18:54.620Z,3.4421,3,SYNTH
2026-03-09 18:18:55.573Z,3.4415,2,SYNTH
2026-03-09 18:18:56.181Z,3.4400,2,SYNTH
2026-03-09 18:18:57.072Z,3.4420,3,SYNTH
2026-03-09 18:18:58.429Z,3.4399,2,SYNTH
2026-03-09 18:18:59.063Z,3.4381,3,SYNTH
2026-03-09 18:22:00.710Z,3.4206,3,SYNTH
2026-03-09 18:22:01.749Z,3.4184,2,SYNTH
2026-03-09 18:22:02.274Z,3.4200,2,SYNTH
2026-03-09 18:22:03.219Z,3.4205,3,SYNTH
2026-03-09 18:22:04.529Z,3.4182,4,SYNTH
2026-03-09 18:22:05.668Z,3.4217,5,SYNTH
2026-03-09 18:22:06.231Z,3.4223,4,SYNTH
2026-03-09 18:22:07.487Z,3.4220,2,SYNTH
2026-03-09 18:22:08.463Z,3.4190,4,SYNTH
2026-03-09 18:22:09.529Z,3.4216,4,SYNTH
2026-03-09 18:22:10.200Z,3.4199,4,SYNTH
2026-03-09 18:22:11.179Z,3.4214,7,SYNTH
2026-03-09 18:22:12.847Z,3.4183,9,SYNTH
2026-03-09 18:22:13.657Z,3.4216,9,SYNTH
2026-03-09 18:22:14.301Z,3.4188,3,SYNTH
2026-03-09 18:22:15.029Z,3.4215,3,SYNTH
2026-03-09 18:22:16.794Z,3.4188,5,SYNTH
2026-03-09 18:22:17.540Z,3.4216,6,SYNTH
2026-03-09 18:22:18.401Z,3.4218,6,SYNTH
2026-03-09 18:22:19.800Z,3.4217,5,SYNTH
2026-03-09 18:22:20.332Z,3.4207,2,SYNTH
2026-03-09 18:22:21.266Z,3.4197,3,SYNTH
2026-03-09 18:22:22.783Z,3.4191,2,SYNTH
2026-03-09 18:22:23.835Z,3.4212,2,SYNTH
2026-03-09 18:22:24.779Z,3.4209,3,SYNTH
2026-03-09 18:22:25.003Z,3.4193,2,SYNTH
2026-03-09 18:22:26.135Z,3.4183,2,SYNTH
2026-03-09 18:22:27.620Z,3.4207,3,SYNTH
2026-03-09 18:22:28.619Z,3.4201,2,SYNTH
2026-03-09 18:22:29.496Z,3.4194,3,SYNTH
2026-03-09 18:22:30.439Z,3.4212,3,SYNTH
2026-03-09 18:22:31.168Z,3.4202,3,SYNTH
2026-03-09 18:22:32.105Z,3.4219,2,SYNTH
2026-03-09 18:22:33.112Z,3.4194,3,SYNTH
2026-03-09 18:22:34.493Z,3.4225,2,SYNTH
2026-03-09 18:22:35.420Z,3.4189,2,SYNTH
2026-03-09 18:22:36.027Z,3.4210,2,SYNTH
2026-03-09 18:22:37.076Z,3.4176,6,SYNTH
2026-03-09 18:22:38.663Z,3.4205,8,SYNTH
2026-03-09 18:22:39.479Z,3.4220,7,SYNTH
2026-03-09 18:22:40.375Z,3.4181,6,SYNTH
2026-03-09 18:22:41.659Z,3.4202,4,SYNTH
2026-03-09 18:22:42.805Z,3.4208,4,SYNTH
2026-03-09 18:22:43.339Z,3.4193,3,SYNTH
2026-03-09 18:22:44.634Z,3.4208,3,SYNTH
2026-03-09 18:22:45.237Z,3.4187,4,SYNTH
2026-03-09 18:22:46.039Z,3.4177,4,SYNTH
2026-03-09 18:22:47.681Z,3.4215,5,SYNTH
2026-03-09 18:22:48.034Z,3.4188,2,SYNTH
2026-03-09 18:22:49.456Z,3.4189,3,SYNTH
2026-03-09 18:22:50.724Z,3.4206,3,SYNTH
2026-03-09 18:22:51.190Z,3.4177,4,SYNTH
2026-03-09 18:22:52.096Z,3.4202,2,SYNTH
2026-03-09 18:22:53.025Z,3.4210,2,SYNTH
2026-03-09 18:22:54.039Z,3.4187,4,SYNTH
2026-03-09 18:22:55.428Z,3.4187,4,SYNTH
2026-03-09 18:22:56.345Z,3.4217,5,SYNTH
2026-03-09 18:22:57.834Z,3.4225,4,SYNTH
2026-03-09 18:22:58.198Z,3.4190,5,SYNTH
2026-03-09 18:22:59.243Z,3.4183,4,SYNTH
2026-03-09 18:23:00.333Z,3.4307,3,SYNTH
2026-03-09 18:23:01.141Z,3.4294,1,SYNTH
2026-03-09 18:23:02.744Z,3.4312,1,SYNTH
2026-03-09 18:23:03.654Z,3.4275,2,SYNTH
2026-03-09 18:23:04.339Z,3.4296,1,SYNTH
2026-03-09 18:23:05.647Z,3.4303,1,SYNTH
2026-03-09 18:23:06.407Z,3.4313,2,SYNTH
2026-03-09 18:23:07.348Z,3.4317,2,SYNTH
2026-03-09 18:23:08.538Z,3.4275,1,SYNTH
2026-03-09 18:23:09.340Z,3.4304,1,SYNTH
2026-03-09 18:23:10.771Z,3.4315,2,SYNTH
2026-03-09 18:23:11.471Z,3.4290,4,SYNTH
2026-03-09 18:23:12.067Z,3.4308,4,SYNTH
2026-03-09 18:23:13.117Z,3.4306,5,SYNTH
2026-03-09 18:23:14.382Z,3.4284,1,SYNTH
2026-03-09 18:23:15.071Z,3.4314,1,SYNTH
2026-03-09 18:23:16.432Z,3.4316,2,SYNTH
2026-03-09 18:23:17.827Z,3.4279,2,SYNTH
2026-03-09 18:23:18.061Z,3.4311,1,SYNTH
2026-03-09 18:23:19.809Z,3.4319,2,SYNTH
2026-03-09 18:23:20.003Z,3.4314,2,SYNTH
2026-03-09 18:23:21.613Z,3.4282,1,SYNTH
2026-03-09 18:23:22.096Z,3.4295,1,SYNTH
2026-03-09 18:23:23.409Z,3.4302,1,SYNTH
2026-03-09 18:23:24.161Z,3.4306,1,SYNTH
2026-03-09 18:23:25.800Z,3.4292,1,SYNTH
2026-03-09 18:23:26.066Z,3.4292,1,SYNTH
2026-03-09 18:23:27.346Z,3.4293,1,SYNTH
2026-03-09 18:23:28.005Z,3.4278,2,SYNTH
2026-03-09 18:23:29.586Z,3.4308,1,SYNTH
2026-03-09 18:23:30.279Z,3.4295,1,SYNTH
2026-03-09 18:23:31.646Z,3.4319,1,SYNTH
2026-03-09 18:23:32.371Z,3.4288,1,SYNTH
2026-03-09 18:23:33.869Z,3.4322,1,SYNTH
2026-03-09 18:23:34.025Z,3.4284,1,SYNTH
2026-03-09 18:23:35.897Z,3.4283,1,SYNTH
2026-03-09 18:23:36.234Z,3.4312,1,SYNTH
2026-03-09 18:23:37.306Z,3.4298,3,SYNTH
2026-03-09 18:23:38.326Z,3.4311,3,SYNTH
2026-03-09 18:23:39.590Z,3.4280,2,SYNTH
2026-03-09 18:23:40.398Z,3.4303,4,SYNTH
2026-03-09 18:23:41.310Z,3.4315,1,SYNTH
2026-03-09 18:23:42.690Z,3.4318,1,SYNTH
2026-03-09 18:23:43.437Z,3.4285,1,SYNTH
2026-03-09 18:23:44.359Z,3.4282,2,SYNTH
2026-03-09 18:23:45.611Z,3.4316,1,SYNTH
2026-03-09 18:23:46.288Z,3.4304,3,SYNTH
2026-03-09 18:23:47.610Z,3.4322,3,SYNTH
2026-03-09 18:23:48.531Z,3.4276,2,SYNTH
2026-03-09 18:23:49.753Z,3.4319,2,SYNTH
2026-03-09 18:23:50.851Z,3.4295,1,SYNTH
2026-03-09 18:23:51.120Z,3.4288,1,SYNTH
2026-03-09 18:23:52.566Z,3.4316,2,SYNTH
2026-03-09 18:23:53.845Z,3.4303,1,SYNTH
2026-03-09 18:23:54.889Z,3.4318,2,SYNTH
2026-03-09 18:23:55.432Z,3.4286,1,SYNTH
2026-03-09 18:23:56.311Z,3.4314,2,SYNTH
2026-03-09 18:23:57.132Z,3.4317,2,SYNTH
2026-03-09 18:23:58.089Z,3.4304,1,SYNTH
2026-03-09 18:23:59.337Z,3.4305,3,SYNTH
2026-03-09 18:27:00.438Z,3.4406,5,SYNTH
2026-03-09 18:27:01.632Z,3.4410,7,SYNTH
2026-03-09 18:27:02.102Z,3.4388,7,SYNTH
2026-03-09 18:27:03.578Z,3.4385,5,SYNTH
2026-03-09 18:27:04.870Z,3.4399,7,SYNTH
2026-03-09 18:27:05.787Z,3.4373,4,SYNTH
2026-03-09 18:27:06.875Z,3.4418,5,SYNTH
2026-03-09 18:27:07.828Z,3.4379,4,SYNTH
2026-03-09 18:27:08.631Z,3.4421,5,SYNTH
2026-03-09 18:27:09.340Z,3.4421,7,SYNTH
2026-03-09 18:27:10.205Z,3.4385,6,SYNTH
2026-03-09 18:27:11.243Z,3.4385,11,SYNTH
2026-03-09 18:27:12.191Z,3.4378,15,SYNTH
2026-03-09 18:27:13.864Z,3.4399,14,SYNTH
2026-03-09 18:27:14.415Z,3.4409,4,SYNTH
2026-03-09 18:27:15.108Z,3.4390,6,SYNTH
2026-03-09 18:27:16.134Z,3.4415,12,SYNTH
2026-03-09 18:27:17.065Z,3.4388,9,SYNTH
2026-03-09 18:27:18.441Z,3.4395,9,SYNTH
2026-03-09 18:27:19.271Z,3.4424,6,SYNTH
2026-03-09 18:27:20.837Z,3.4391,5,SYNTH
2026-03-09 18:27:21.867Z,3.4391,6,SYNTH
2026-03-09 18:27:22.238Z,3.4411,4,SYNTH
2026-03-09 18:27:23.770Z,3.4409,3,SYNTH
2026-03-09 18:27:24.792Z,3.4394,3,SYNTH
2026-03-09 18:27:25.344Z,3.4382,5,SYNTH
2026-03-09 18:27:26.728Z,3.4420,5,SYNTH
2026-03-09 18:27:27.762Z,3.4391,3,SYNTH
2026-03-09 18:27:28.720Z,3.4408,4,SYNTH
2026-03-09 18:27:29.403Z,3.4383,4,SYNTH
2026-03-09 18:27:30.841Z,3.4391,4,SYNTH
2026-03-09 18:27:31.099Z,3.4420,6,SYNTH
2026-03-09 18:27:32.682Z,3.4410,6,SYNTH
2026-03-09 18:27:33.340Z,3.4381,5,SYNTH
2026-03-09 18:27:34.187Z,3.4412,4,SYNTH
2026-03-09 18:27:35.674Z,3.4387,3,SYNTH
2026-03-09 18:27:36.575Z,3.4408,5,SYNTH
2026-03-09 18:27:37.434Z,3.4385,14,SYNTH
2026-03-09 18:27:38.485Z,3.4406,12,SYNTH
2026-03-09 18:27:39.824Z,3.4400,10,SYNTH
2026-03-09 18:27:40.514Z,3.4421,7,SYNTH
2026-03-09 18:27:41.720Z,3.4377,6,SYNTH
2026-03-09 18:27:42.221Z,3.4399,6,SYNTH
2026-03-09 18:27:43.370Z,3.4410,7,SYNTH
2026-03-09 18:27:44.323Z,3.4416,7,SYNTH
2026-03-09 18:27:45.356Z,3.4406,5,SYNTH
2026-03-09 18:27:46.365Z,3.4384,9,SYNTH
2026-03-09 18:27:47.272Z,3.4399,7,SYNTH
2026-03-09 18:27:48.828Z,3.4413,5,SYNTH
2026-03-09 18:27:49.682Z,3.4393,7,SYNTH
2026-03-09 18:27:50.414Z,3.4389,6,SYNTH
2026-03-09 18:27:51.621Z,3.4408,6,SYNTH
2026-03-09 18:27:52.669Z,3.4424,5,SYNTH
2026-03-09 18:27:53.666Z,3.4384,8,SYNTH
2026-03-09 18:27:54.367Z,3.4396,6,SYNTH
2026-03-09 18:27:55.753Z,3.4382,6,SYNTH
2026-03-09 18:27:56.751Z,3.4392,5,SYNTH
2026-03-09 18:27:57.723Z,3.4427,6,SYNTH
2026-03-09 18:27:58.368Z,3.4386,5,SYNTH
2026-03-09 18:27:59.764Z,3.4412,4,SYNTH
2026-03-09 18:45:00.197Z,3.4416,6,SYNTH
2026-03-09 18:45:01.634Z,3.4421,11,SYNTH
2026-03-09 18:45:02.683Z,3.4381,5,SYNTH
2026-03-09 18:45:03.756Z,3.4417,7,SYNTH
2026-03-09 18:45:04.049Z,3.4388,7,SYNTH
2026-03-09 18:45:05.198Z,3.4405,8,SYNTH
2026-03-09 18:45:06.245Z,3.4423,7,SYNTH
2026-03-09 18:45:07.449Z,3.4392,8,SYNTH
2026-03-09 18:45:08.550Z,3.4422,7,SYNTH
2026-03-09 18:45:09.106Z,3.4380,9,SYNTH
2026-03-09 18:45:10.873Z,3.4417,6,SYNTH
2026-03-09 18:45:11.707Z,3.4391,18,SYNTH
2026-03-09 18:45:12.376Z,3.4411,11,SYNTH
2026-03-09 18:45:13.595Z,3.4419,12,SYNTH
2026-03-09 18:45:14.202Z,3.4398,5,SYNTH
2026-03-09 18:45:15.711Z,3.4416,3,SYNTH
2026-03-09 18:45:16.809Z,3.4405,8,SYNTH
2026-03-09 18:45:17.138Z,3.4371,9,SYNTH
2026-03-09 18:45:18.602Z,3.4414,5,SYNTH
2026-03-09 18:45:19.280Z,3.4374,9,SYNTH
2026-03-09 18:45:20.574Z,3.4399,7,SYNTH
2026-03-09 18:45:21.648Z,3.4395,6,SYNTH
2026-03-09 18:45:22.641Z,3.4415,5,SYNTH
2026-03-09 18:45:23.530Z,3.4410,7,SYNTH
2026-03-09 18:45:24.774Z,3.4377,5,SYNTH
2026-03-09 18:45:25.320Z,3.4419,6,SYNTH
2026-03-09 18:45:26.303Z,3.4381,5,SYNTH
2026-03-09 18:45:27.153Z,3.4413,6,SYNTH
2026-03-09 18:45:28.708Z,3.4387,4,SYNTH
2026-03-09 18:45:29.544Z,3.4385,6,SYNTH
2026-03-09 18:45:30.149Z,3.4409,3,SYNTH
2026-03-09 18:45:31.892Z,3.4385,6,SYNTH
2026-03-09 18:45:32.664Z,3.4418,4,SYNTH
2026-03-09 18:45:33.216Z,3.4396,6,SYNTH
2026-03-09 18:45:34.003Z,3.4383,5,SYNTH
2026-03-09 18:45:35.808Z,3.4410,6,SYNTH
2026-03-09 18:45:36.194Z,3.4384,4,SYNTH
2026-03-09 18:45:37.242Z,3.4409,12,SYNTH
2026-03-09 18:45:38.527Z,3.4397,15,SYNTH
2026-03-09 18:45:39.190Z,3.4406,7,SYNTH
2026-03-09 18:45:40.479Z,3.4391,10,SYNTH
2026-03-09 18:45:41.811Z,3.4386,4,SYNTH
2026-03-09 18:45:42.416Z,3.4381,4,SYNTH
2026-03-09 18:45:43.577Z,3.4399,4,SYNTH
2026-03-09 18:45:44.585Z,3.4423,4,SYNTH
2026-03-09 18:45:45.403Z,3.4410,5,SYNTH
2026-03-09 18:45:46.272Z,3.4426,10,SYNTH
2026-03-09 18:45:47.795Z,3.4395,6,SYNTH
2026-03-09 18:45:48.151Z,3.4389,8,SYNTH
2026-03-09 18:45:49.476Z,3.4420,6,SYNTH
2026-03-09 18:45:50.123Z,3.4413,4,SYNTH
2026-03-09 18:45:51.834Z,3.4427,9,SYNTH
2026-03-09 18:45:52.254Z,3.4380,6,SYNTH
2026-03-09 18:45:53.804Z,3.4385,5,SYNTH
2026-03-09 18:45:54.069Z,3.4402,4,SYNTH
2026-03-09 18:45:55.489Z,3.4386,7,SYNTH
2026-03-09 18:45:56.003Z,3.4400,6,SYNTH
2026-03-09 18:45:57.006Z,3.4419,5,SYNTH
2026-03-09 18:45:58.610Z,3.4407,5,SYNTH
2026-03-09 18:45:59.242Z,3.4394,9,SYNTH
2026-03-09 18:51:00.493Z,3.4015,13,SYNTH
2026-03-09 18:51:01.799Z,3.4024,6,SYNTH
2026-03-09 18:51:02.285Z,3.4023,12,SYNTH
2026-03-09 18:51:03.444Z,3.3992,6,SYNTH
2026-03-09 18:51:04.557Z,3.3994,13,SYNTH
2026-03-09 18:51:05.825Z,3.4011,9,SYNTH
2026-03-09 18:51:06.049Z,3.4004,13,SYNTH
2026-03-09 18:51:07.131Z,3.4026,6,SYNTH
2026-03-09 18:51:08.157Z,3.4003,10,SYNTH
2026-03-09 18:51:09.749Z,3.3982,11,SYNTH
2026-03-09 18:51:10.097Z,3.4002,10,SYNTH
2026-03-09 18:51:11.712Z,3.4016,18,SYNTH
2026-03-09 18:51:12.231Z,3.4026,23,SYNTH
2026-03-09 18:51:13.687Z,3.3994,12,SYNTH
2026-03-09 18:51:14.555Z,3.3975,8,SYNTH
2026-03-09 18:51:15.135Z,3.4019,5,SYNTH
2026-03-09 18:51:16.843Z,3.3986,15,SYNTH
2026-03-09 18:51:17.677Z,3.3974,14,SYNTH
2026-03-09 18:51:18.480Z,3.4015,17,SYNTH
2026-03-09 18:51:19.861Z,3.3977,9,SYNTH
2026-03-09 18:51:20.256Z,3.4015,5,SYNTH
2026-03-09 18:51:21.002Z,3.4026,6,SYNTH
2026-03-09 18:51:22.695Z,3.4003,7,SYNTH
2026-03-09 18:51:23.385Z,3.3986,6,SYNTH
2026-03-09 18:51:24.845Z,3.3985,8,SYNTH
2026-03-09 18:51:25.325Z,3.4011,5,SYNTH
2026-03-09 18:51:26.766Z,3.3981,9,SYNTH
2026-03-09 18:51:27.613Z,3.4007,8,SYNTH
2026-03-09 18:51:28.073Z,3.3979,6,SYNTH
2026-03-09 18:51:29.208Z,3.4009,8,SYNTH
2026-03-09 18:51:30.566Z,3.3985,5,SYNTH
2026-03-09 18:51:31.685Z,3.3975,9,SYNTH
2026-03-09 18:51:32.771Z,3.4002,4,SYNTH
2026-03-09 18:51:33.273Z,3.4009,7,SYNTH
2026-03-09 18:51:34.741Z,3.4007,7,SYNTH
2026-03-09 18:51:35.235Z,3.3992,7,SYNTH
2026-03-09 18:51:36.471Z,3.3984,9,SYNTH
2026-03-09 18:51:37.826Z,3.4010,12,SYNTH
2026-03-09 18:51:38.623Z,3.4002,14,SYNTH
2026-03-09 18:51:39.233Z,3.4000,16,SYNTH
2026-03-09 18:51:40.756Z,3.4012,15,SYNTH
2026-03-09 18:51:41.652Z,3.4021,8,SYNTH
2026-03-09 18:51:42.466Z,3.3989,4,SYNTH
2026-03-09 18:51:43.085Z,3.4000,6,SYNTH
2026-03-09 18:51:44.265Z,3.4016,10,SYNTH
2026-03-09 18:51:45.856Z,3.3993,11,SYNTH
2026-03-09 18:51:46.793Z,3.4007,12,SYNTH
2026-03-09 18:51:47.058Z,3.4000,8,SYNTH
2026-03-09 18:51:48.060Z,3.3979,6,SYNTH
2026-03-09 18:51:49.429Z,3.4006,6,SYNTH
2026-03-09 18:51:50.337Z,3.4020,7,SYNTH
2026-03-09 18:51:51.077Z,3.3987,7,SYNTH
2026-03-09 18:51:52.862Z,3.3976,7,SYNTH
2026-03-09 18:51:53.021Z,3.4015,5,SYNTH
2026-03-09 18:51:54.502Z,3.3982,10,SYNTH
2026-03-09 18:51:55.671Z,3.4008,9,SYNTH
2026-03-09 18:51:56.567Z,3.3995,10,SYNTH
2026-03-09 18:51:57.230Z,3.3974,8,SYNTH
2026-03-09 18:51:58.159Z,3.4014,8,SYNTH
2026-03-09 18:51:59.157Z,3.4002,12,SYNTH
2026-03-09 19:05:00.546Z,3.3917,8,SYNTH
2026-03-09 19:05:01.748Z,3.3913,5,SYNTH
2026-03-09 19:05:02.899Z,3.3899,5,SYNTH
2026-03-09 19:05:03.096Z,3.3924,6,SYNTH
2026-03-09 19:05:04.551Z,3.3920,5,SYNTH
2026-03-09 19:05:05.800Z,3.3888,4,SYNTH
2026-03-09 19:05:06.192Z,3.3888,8,SYNTH
2026-03-09 19:05:07.351Z,3.3926,5,SYNTH
2026-03-09 19:05:08.755Z,3.3896,7,SYNTH
2026-03-09 19:05:09.410Z,3.3877,8,SYNTH
2026-03-09 19:05:10.276Z,3.3908,4,SYNTH
2026-03-09 19:05:11.498Z,3.3894,13,SYNTH
2026-03-09 19:05:12.189Z,3.3909,14,SYNTH
2026-03-09 19:05:13.484Z,3.3919,12,SYNTH
2026-03-09 19:05:14.220Z,3.3882,5,SYNTH
2026-03-09 19:05:15.132Z,3.3877,5,SYNTH
2026-03-09 19:05:16.270Z,3.3890,13,SYNTH
2026-03-09 19:05:17.583Z,3.3910,8,SYNTH
2026-03-09 19:05:18.403Z,3.3891,7,SYNTH
2026-03-09 19:05:19.564Z,3.3901,12,SYNTH
2026-03-09 19:05:20.606Z,3.3922,5,SYNTH
2026-03-09 19:05:21.193Z,3.3876,4,SYNTH
2026-03-09 19:05:22.031Z,3.3880,4,SYNTH
2026-03-09 19:05:23.256Z,3.3897,3,SYNTH
2026-03-09 19:05:24.603Z,3.3863,5,SYNTH
2026-03-09 19:05:25.807Z,3.3856,3,SYNTH
2026-03-09 19:05:26.309Z,3.3850,5,SYNTH
2026-03-09 19:05:27.539Z,3.3879,4,SYNTH
2026-03-09 19:05:28.309Z,3.3841,5,SYNTH
2026-03-09 19:05:29.696Z,3.3829,3,SYNTH
2026-03-09 19:05:30.591Z,3.3852,3,SYNTH
2026-03-09 19:05:31.223Z,3.3825,4,SYNTH
2026-03-09 19:05:32.117Z,3.3801,5,SYNTH
2026-03-09 19:05:33.333Z,3.3821,5,SYNTH
2026-03-09 19:05:34.858Z,3.3792,5,SYNTH
2026-03-09 19:05:35.852Z,3.3794,3,SYNTH
2026-03-09 19:05:36.563Z,3.3793,5,SYNTH
2026-03-09 19:05:37.043Z,3.3811,17,SYNTH
2026-03-09 19:05:38.593Z,3.3788,16,SYNTH
2026-03-09 19:05:39.167Z,3.3824,11,SYNTH
2026-03-09 19:05:40.102Z,3.3785,18,SYNTH
2026-03-09 19:05:41.196Z,3.3813,5,SYNTH
2026-03-09 19:05:42.450Z,3.3790,5,SYNTH
2026-03-09 19:05:43.383Z,3.3781,7,SYNTH
2026-03-09 19:05:44.709Z,3.3820,7,SYNTH
2026-03-09 19:05:45.302Z,3.3837,9,SYNTH
2026-03-09 19:05:46.562Z,3.3801,8,SYNTH
2026-03-09 19:05:47.062Z,3.3834,8,SYNTH
2026-03-09 19:05:48.000Z,3.3814,7,SYNTH
2026-03-09 19:05:49.678Z,3.3800,7,SYNTH
2026-03-09 19:05:50.633Z,3.3819,6,SYNTH
2026-03-09 19:05:51.597Z,3.3800,4,SYNTH
2026-03-09 19:05:52.614Z,3.3810,7,SYNTH
2026-03-09 19:05:53.240Z,3.3785,5,SYNTH
2026-03-09 19:05:54.005Z,3.3777,5,SYNTH
2026-03-09 19:05:55.190Z,3.3814,5,SYNTH
2026-03-09 19:05:56.669Z,3.3806,9,SYNTH
2026-03-09 19:05:57.343Z,3.3818,10,SYNTH
2026-03-09 19:05:58.241Z,3.3791,9,SYNTH
2026-03-09 19:05:59.847Z,3.3810,5,SYNTH
2026-03-09 19:07:00.638Z,3.3609,3,SYNTH
2026-03-09 19:07:01.613Z,3.3610,2,SYNTH
2026-03-09 19:07:02.869Z,3.3583,3,SYNTH
2026-03-09 19:07:03.805Z,3.3612,2,SYNTH
2026-03-09 19:07:04.183Z,3.3582,3,SYNTH
2026-03-09 19:07:05.685Z,3.3607,3,SYNTH
2026-03-09 19:07:06.771Z,3.3620,3,SYNTH
2026-03-09 19:07:07.809Z,3.3614,1,SYNTH
2026-03-09 19:07:08.775Z,3.3601,2,SYNTH
2026-03-09 19:07:09.530Z,3.3591,2,SYNTH
2026-03-09 19:07:10.738Z,3.3588,2,SYNTH
2026-03-09 19:07:11.001Z,3.3613,6,SYNTH
2026-03-09 19:07:12.009Z,3.3590,3,SYNTH
2026-03-09 19:07:13.174Z,3.3615,5,SYNTH
2026-03-09 19:07:14.480Z,3.3624,2,SYNTH
2026-03-09 19:07:15.286Z,3.3591,1,SYNTH
2026-03-09 19:07:16.113Z,3.3611,4,SYNTH
2026-03-09 19:07:17.741Z,3.3596,2,SYNTH
2026-03-09 19:07:18.569Z,3.3585,3,SYNTH
2026-03-09 19:07:19.438Z,3.3619,2,SYNTH
2026-03-09 19:07:20.771Z,3.3596,1,SYNTH
2026-03-09 19:07:21.570Z,3.3603,2,SYNTH
2026-03-09 19:07:22.650Z,3.3583,1,SYNTH
2026-03-09 19:07:23.759Z,3.3609,1,SYNTH
2026-03-09 19:07:24.854Z,3.3590,1,SYNTH
2026-03-09 19:07:25.650Z,3.3606,1,SYNTH
2026-03-09 19:07:26.204Z,3.3605,1,SYNTH
2026-03-09 19:07:27.881Z,3.3590,1,SYNTH
2026-03-09 19:07:28.161Z,3.3596,1,SYNTH
2026-03-09 19:07:29.892Z,3.3607,2,SYNTH
2026-03-09 19:07:30.460Z,3.3615,2,SYNTH
2026-03-09 19:07:31.043Z,3.3584,1,SYNTH
2026-03-09 19:07:32.584Z,3.3597,1,SYNTH
2026-03-09 19:07:33.089Z,3.3589,2,SYNTH
2026-03-09 19:07:34.024Z,3.3612,2,SYNTH
2026-03-09 19:07:35.584Z,3.3619,1,SYNTH
2026-03-09 19:07:36.879Z,3.3592,1,SYNTH
2026-03-09 19:07:37.853Z,3.3604,3,SYNTH
2026-03-09 19:07:38.588Z,3.3582,5,SYNTH
2026-03-09 19:07:39.437Z,3.3601,4,SYNTH
2026-03-09 19:07:40.524Z,3.3583,5,SYNTH
2026-03-09 19:07:41.688Z,3.3593,1,SYNTH
2026-03-09 19:07:42.097Z,3.3610,2,SYNTH
2026-03-09 19:07:43.597Z,3.3603,2,SYNTH
2026-03-09 19:07:44.770Z,3.3598,1,SYNTH
2026-03-09 19:07:45.229Z,3.3607,2,SYNTH
2026-03-09 19:07:46.121Z,3.3584,2,SYNTH
2026-03-09 19:07:47.437Z,3.3576,3,SYNTH
2026-03-09 19:07:48.395Z,3.3626,2,SYNTH
2026-03-09 19:07:49.539Z,3.3619,2,SYNTH
2026-03-09 19:07:50.774Z,3.3578,1,SYNTH
2026-03-09 19:07:51.718Z,3.3601,1,SYNTH
2026-03-09 19:07:52.899Z,3.3615,2,SYNTH
2026-03-09 19:07:53.265Z,3.3612,1,SYNTH
2026-03-09 19:07:54.487Z,3.3584,2,SYNTH
2026-03-09 19:07:55.527Z,3.3612,2,SYNTH
2026-03-09 19:07:56.310Z,3.3586,2,SYNTH
2026-03-09 19:07:57.747Z,3.3584,2,SYNTH
2026-03-09 19:07:58.144Z,3.3600,2,SYNTH
2026-03-09 19:07:59.796Z,3.3612,3,SYNTH
2026-03-09 19:10:00.290Z,3.3806,10,SYNTH
2026-03-09 19:10:01.661Z,3.3822,11,SYNTH
2026-03-09 19:10:02.351Z,3.3787,10,SYNTH
2026-03-09 19:10:03.687Z,3.3819,7,SYNTH
2026-03-09 19:10:04.463Z,3.3780,6,SYNTH
2026-03-09 19:10:05.661Z,3.3803,13,SYNTH
2026-03-09 19:10:06.306Z,3.3786,12,SYNTH
2026-03-09 19:10:07.125Z,3.3803,11,SYNTH
2026-03-09 19:10:08.116Z,3.3818,9,SYNTH
2026-03-09 19:10:09.892Z,3.3778,9,SYNTH
2026-03-09 19:10:10.448Z,3.3811,9,SYNTH
2026-03-09 19:10:11.325Z,3.3784,18,SYNTH
2026-03-09 19:10:12.409Z,3.3819,18,SYNTH
2026-03-09 19:10:13.175Z,3.3799,16,SYNTH
2026-03-09 19:10:14.879Z,3.3784,10,SYNTH
2026-03-09 19:10:15.223Z,3.3781,6,SYNTH
2026-03-09 19:10:16.780Z,3.3819,13,SYNTH
2026-03-09 19:10:17.413Z,3.3777,15,SYNTH
2026-03-09 19:10:18.694Z,3.3816,11,SYNTH
2026-03-09 19:10:19.812Z,3.3793,9,SYNTH
2026-03-09 19:10:20.012Z,3.3808,8,SYNTH
2026-03-09 19:10:21.535Z,3.3784,8,SYNTH
2026-03-09 19:10:22.700Z,3.3816,9,SYNTH
2026-03-09 19:10:23.193Z,3.3775,8,SYNTH
2026-03-09 19:10:24.713Z,3.3816,6,SYNTH
2026-03-09 19:10:25.782Z,3.3811,4,SYNTH
2026-03-09 19:10:26.141Z,3.3812,7,SYNTH
2026-03-09 19:10:27.785Z,3.3787,7,SYNTH
2026-03-09 19:10:28.529Z,3.3781,8,SYNTH
2026-03-09 19:10:29.480Z,3.3807,4,SYNTH
2026-03-09 19:10:30.396Z,3.3789,6,SYNTH
2026-03-09 19:10:31.472Z,3.3807,8,SYNTH
2026-03-09 19:10:32.764Z,3.3776,8,SYNTH
2026-03-09 19:10:33.577Z,3.3810,4,SYNTH
2026-03-09 19:10:34.092Z,3.3808,10,SYNTH
2026-03-09 19:10:35.304Z,3.3807,4,SYNTH
2026-03-09 19:10:36.666Z,3.3804,9,SYNTH
2026-03-09 19:10:37.240Z,3.3792,20,SYNTH
2026-03-09 19:10:38.342Z,3.3812,23,SYNTH
2026-03-09 19:10:39.414Z,3.3793,23,SYNTH
2026-03-09 19:10:40.146Z,3.3809,17,SYNTH
2026-03-09 19:10:41.636Z,3.3787,10,SYNTH
2026-03-09 19:10:42.570Z,3.3819,8,SYNTH
2026-03-09 19:10:43.474Z,3.3824,5,SYNTH
2026-03-09 19:10:44.802Z,3.3794,10,SYNTH
2026-03-09 19:10:45.358Z,3.3777,14,SYNTH
2026-03-09 19:10:46.556Z,3.3806,13,SYNTH
2026-03-09 19:10:47.427Z,3.3782,14,SYNTH
2026-03-09 19:10:48.718Z,3.3806,9,SYNTH
2026-03-09 19:10:49.239Z,3.3795,6,SYNTH
2026-03-09 19:10:50.438Z,3.3791,11,SYNTH
2026-03-09 19:10:51.416Z,3.3826,10,SYNTH
2026-03-09 19:10:52.435Z,3.3825,9,SYNTH
2026-03-09 19:10:53.887Z,3.3783,8,SYNTH
2026-03-09 19:10:54.192Z,3.3780,13,SYNTH
2026-03-09 19:10:55.661Z,3.3779,11,SYNTH
2026-03-09 19:10:56.711Z,3.3786,12,SYNTH
2026-03-09 19:10:57.752Z,3.3819,12,SYNTH
2026-03-09 19:10:58.679Z,3.3798,14,SYNTH
2026-03-09 19:10:59.260Z,3.3804,6,SYNTH
2026-03-09 19:20:00.207Z,3.4105,2,SYNTH
2026-03-09 19:20:01.489Z,3.4109,2,SYNTH
2026-03-09 19:20:02.184Z,3.4094,2,SYNTH
2026-03-09 19:20:03.356Z,3.4121,2,SYNTH
2026-03-09 19:20:04.086Z,3.4095,2,SYNTH
2026-03-09 19:20:05.090Z,3.4078,2,SYNTH
2026-03-09 19:20:06.832Z,3.4097,2,SYNTH
2026-03-09 19:20:07.434Z,3.4088,2,SYNTH
2026-03-09 19:20:08.449Z,3.4115,3,SYNTH
2026-03-09 19:20:09.761Z,3.4084,1,SYNTH
2026-03-09 19:20:10.390Z,3.4120,3,SYNTH
2026-03-09 19:20:11.821Z,3.4078,5,SYNTH
2026-03-09 19:20:12.199Z,3.4079,4,SYNTH
2026-03-09 19:20:13.674Z,3.4108,5,SYNTH
2026-03-09 19:20:14.117Z,3.4084,2,SYNTH
2026-03-09 19:20:15.879Z,3.4105,2,SYNTH
2026-03-09 19:20:16.554Z,3.4090,2,SYNTH
2026-03-09 19:20:17.434Z,3.4076,3,SYNTH
2026-03-09 19:20:18.301Z,3.4106,2,SYNTH
2026-03-09 19:20:19.276Z,3.4118,4,SYNTH
2026-03-09 19:20:20.087Z,3.4116,2,SYNTH
2026-03-09 19:20:21.112Z,3.4088,2,SYNTH
2026-03-09 19:20:22.353Z,3.4107,2,SYNTH
2026-03-09 19:20:23.009Z,3.4091,2,SYNTH
2026-03-09 19:20:24.567Z,3.4117,1,SYNTH
2026-03-09 19:20:25.748Z,3.4126,2,SYNTH
2026-03-09 19:20:26.161Z,3.4127,1,SYNTH
2026-03-09 19:20:27.767Z,3.4097,2,SYNTH
2026-03-09 19:20:28.599Z,3.4121,2,SYNTH
2026-03-09 19:20:29.720Z,3.4088,1,SYNTH
2026-03-09 19:20:30.140Z,3.4107,2,SYNTH
2026-03-09 19:20:31.880Z,3.4088,1,SYNTH
2026-03-09 19:20:32.489Z,3.4113,1,SYNTH
2026-03-09 19:20:33.530Z,3.4117,1,SYNTH
2026-03-09 19:20:34.037Z,3.4109,1,SYNTH
2026-03-09 19:20:35.136Z,3.4096,2,SYNTH
2026-03-09 19:20:36.213Z,3.4121,1,SYNTH
2026-03-09 19:20:37.175Z,3.4103,4,SYNTH
2026-03-09 19:20:38.795Z,3.4082,3,SYNTH
2026-03-09 19:20:39.089Z,3.4105,3,SYNTH
2026-03-09 19:20:40.122Z,3.4116,3,SYNTH
2026-03-09 19:20:41.230Z,3.4081,1,SYNTH
2026-03-09 19:20:42.511Z,3.4115,1,SYNTH
2026-03-09 19:20:43.007Z,3.4090,2,SYNTH
2026-03-09 19:20:44.192Z,3.4124,1,SYNTH
2026-03-09 19:20:45.573Z,3.4085,3,SYNTH
2026-03-09 19:20:46.077Z,3.4095,3,SYNTH
2026-03-09 19:20:47.811Z,3.4083,2,SYNTH
2026-03-09 19:20:48.875Z,3.4114,1,SYNTH
2026-03-09 19:20:49.419Z,3.4077,2,SYNTH
2026-03-09 19:20:50.829Z,3.4093,2,SYNTH
2026-03-09 19:20:51.341Z,3.4088,2,SYNTH
2026-03-09 19:20:52.515Z,3.4125,1,SYNTH
2026-03-09 19:20:53.790Z,3.4116,2,SYNTH
2026-03-09 19:20:54.719Z,3.4081,3,SYNTH
2026-03-09 19:20:55.581Z,3.4108,2,SYNTH
2026-03-09 19:20:56.821Z,3.4081,2,SYNTH
2026-03-09 19:20:57.595Z,3.4087,3,SYNTH
2026-03-09 19:20:58.505Z,3.4095,3,SYNTH
2026-03-09 19:20:59.076Z,3.4111,3,SYNTH
2026-03-09 19:30:00.521Z,3.4215,1,SYNTH
2026-03-09 19:30:01.840Z,3.4214,2,SYNTH
2026-03-09 19:30:02.557Z,3.4187,2,SYNTH
2026-03-09 19:30:03.867Z,3.4212,1,SYNTH
2026-03-09 19:30:04.223Z,3.4186,1,SYNTH
2026-03-09 19:30:05.381Z,3.4206,2,SYNTH
2026-03-09 19:30:06.235Z,3.4178,2,SYNTH
2026-03-09 19:30:07.241Z,3.4208,2,SYNTH
2026-03-09 19:30:08.576Z,3.4219,1,SYNTH
2026-03-09 19:30:09.523Z,3.4190,2,SYNTH
2026-03-09 19:30:10.876Z,3.4183,2,SYNTH
2026-03-09 19:30:11.139Z,3.4179,4,SYNTH
2026-03-09 19:30:12.249Z,3.4214,4,SYNTH
2026-03-09 19:30:13.131Z,3.4177,3,SYNTH
2026-03-09 19:30:14.715Z,3.4214,1,SYNTH
2026-03-09 19:30:15.605Z,3.4227,2,SYNTH
2026-03-09 19:30:16.692Z,3.4185,1,SYNTH
2026-03-09 19:30:17.224Z,3.4178,3,SYNTH
2026-03-09 19:30:18.716Z,3.4208,3,SYNTH
2026-03-09 19:30:19.599Z,3.4189,2,SYNTH
2026-03-09 19:30:20.592Z,3.4210,1,SYNTH
2026-03-09 19:30:21.444Z,3.4219,1,SYNTH
2026-03-09 19:30:22.174Z,3.4218,1,SYNTH
2026-03-09 19:30:23.773Z,3.4178,1,SYNTH
2026-03-09 19:30:24.878Z,3.4204,1,SYNTH
2026-03-09 19:30:25.079Z,3.4223,1,SYNTH
2026-03-09 19:30:26.078Z,3.4211,2,SYNTH
2026-03-09 19:30:27.774Z,3.4188,1,SYNTH
2026-03-09 19:30:28.382Z,3.4216,1,SYNTH
2026-03-09 19:30:29.611Z,3.4208,1,SYNTH
2026-03-09 19:30:30.180Z,3.4213,1,SYNTH
2026-03-09 19:30:31.347Z,3.4217,2,SYNTH
2026-03-09 19:30:32.557Z,3.4191,1,SYNTH
2026-03-09 19:30:33.632Z,3.4189,1,SYNTH
2026-03-09 19:30:34.797Z,3.4217,1,SYNTH
2026-03-09 19:30:35.034Z,3.4219,1,SYNTH
2026-03-09 19:30:36.194Z,3.4188,1,SYNTH
2026-03-09 19:30:37.248Z,3.4213,3,SYNTH
2026-03-09 19:30:38.686Z,3.4219,4,SYNTH
2026-03-09 19:30:39.161Z,3.4182,4,SYNTH
2026-03-09 19:30:40.317Z,3.4186,2,SYNTH
2026-03-09 19:30:41.690Z,3.4209,1,SYNTH
2026-03-09 19:30:42.448Z,3.4212,1,SYNTH
2026-03-09 19:30:43.147Z,3.4214,1,SYNTH
2026-03-09 19:30:44.680Z,3.4195,1,SYNTH
2026-03-09 19:30:45.585Z,3.4213,3,SYNTH
2026-03-09 19:30:46.464Z,3.4212,2,SYNTH
2026-03-09 19:30:47.163Z,3.4226,2,SYNTH
2026-03-09 19:30:48.623Z,3.4189,1,SYNTH
2026-03-09 19:30:49.202Z,3.4193,1,SYNTH
2026-03-09 19:30:50.395Z,3.4208,1,SYNTH
2026-03-09 19:30:51.339Z,3.4226,2,SYNTH
2026-03-09 19:30:52.283Z,3.4188,1,SYNTH
2026-03-09 19:30:53.589Z,3.4186,1,SYNTH
2026-03-09 19:30:54.253Z,3.4191,1,SYNTH
2026-03-09 19:30:55.011Z,3.4187,1,SYNTH
2026-03-09 19:30:56.301Z,3.4204,1,SYNTH
2026-03-09 19:30:57.885Z,3.4174,2,SYNTH
2026-03-09 19:30:58.580Z,3.4217,1,SYNTH
2026-03-09 19:30:59.328Z,3.4196,2,SYNTH
2026-03-09 19:31:00.463Z,3.3950,5,SYNTH
2026-03-09 19:31:01.458Z,3.3941,4,SYNTH
2026-03-09 19:31:02.805Z,3.3947,4,SYNTH
2026-03-09 19:31:03.115Z,3.3958,2,SYNTH
2026-03-09 19:31:04.663Z,3.3927,4,SYNTH
2026-03-09 19:31:05.067Z,3.3952,4,SYNTH
2026-03-09 19:31:06.509Z,3.3947,4,SYNTH
2026-03-09 19:31:07.009Z,3.3927,3,SYNTH
2026-03-09 19:31:08.871Z,3.3933,4,SYNTH
2026-03-09 19:31:09.108Z,3.3968,3,SYNTH
2026-03-09 19:31:10.433Z,3.3928,2,SYNTH
2026-03-09 19:31:11.339Z,3.3953,11,SYNTH
2026-03-09 19:31:12.172Z,3.3931,9,SYNTH
2026-03-09 19:31:13.361Z,3.3968,9,SYNTH
2026-03-09 19:31:14.533Z,3.3957,2,SYNTH
2026-03-09 19:31:15.317Z,3.3940,3,SYNTH
2026-03-09 19:31:16.189Z,3.3931,7,SYNTH
2026-03-09 19:31:17.055Z,3.3950,6,SYNTH
2026-03-09 19:31:18.085Z,3.3960,4,SYNTH
2026-03-09 19:31:19.299Z,3.3926,4,SYNTH
2026-03-09 19:31:20.748Z,3.3945,3,SYNTH
2026-03-09 19:31:21.139Z,3.3970,4,SYNTH
2026-03-09 19:31:22.396Z,3.3945,3,SYNTH
2026-03-09 19:31:23.405Z,3.3923,3,SYNTH
2026-03-09 19:31:24.008Z,3.3973,3,SYNTH
2026-03-09 19:31:25.032Z,3.3919,3,SYNTH
2026-03-09 19:31:26.371Z,3.3941,2,SYNTH
2026-03-09 19:31:27.379Z,3.3950,3,SYNTH
2026-03-09 19:31:28.754Z,3.3921,2,SYNTH
2026-03-09 19:31:29.736Z,3.3963,2,SYNTH
2026-03-09 19:31:30.744Z,3.3927,2,SYNTH
2026-03-09 19:31:31.135Z,3.3954,3,SYNTH
2026-03-09 19:31:32.397Z,3.3929,3,SYNTH
2026-03-09 19:31:33.868Z,3.3953,2,SYNTH
2026-03-09 19:31:34.351Z,3.3961,4,SYNTH
2026-03-09 19:31:35.821Z,3.3924,3,SYNTH
2026-03-09 19:31:36.292Z,3.3924,3,SYNTH
2026-03-09 19:31:37.624Z,3.3962,10,SYNTH
2026-03-09 19:31:38.564Z,3.3966,6,SYNTH
2026-03-09 19:31:39.799Z,3.3950,6,SYNTH
2026-03-09 19:31:40.715Z,3.3953,5,SYNTH
2026-03-09 19:31:41.716Z,3.3939,3,SYNTH
2026-03-09 19:31:42.371Z,3.3937,3,SYNTH
2026-03-09 19:31:43.743Z,3.3968,2,SYNTH
2026-03-09 19:31:44.662Z,3.3971,3,SYNTH
2026-03-09 19:31:45.532Z,3.3941,4,SYNTH
2026-03-09 19:31:46.136Z,3.3934,7,SYNTH
2026-03-09 19:31:47.546Z,3.3928,7,SYNTH
2026-03-09 19:31:48.213Z,3.3961,3,SYNTH
2026-03-09 19:31:49.561Z,3.3952,4,SYNTH
2026-03-09 19:31:50.060Z,3.3930,2,SYNTH
2026-03-09 19:31:51.700Z,3.3955,3,SYNTH
2026-03-09 19:31:52.442Z,3.3952,3,SYNTH
2026-03-09 19:31:53.877Z,3.3954,4,SYNTH
2026-03-09 19:31:54.797Z,3.3965,5,SYNTH
2026-03-09 19:31:55.818Z,3.3958,5,SYNTH
2026-03-09 19:31:56.598Z,3.3961,5,SYNTH
2026-03-09 19:31:57.145Z,3.3936,6,SYNTH
2026-03-09 19:31:58.278Z,3.3970,4,SYNTH
2026-03-09 19:31:59.285Z,3.3938,6,SYNTH
2026-03-09 19:38:00.555Z,3.4307,6,SYNTH
2026-03-09 19:38:01.488Z,3.4298,4,SYNTH
2026-03-09 19:38:02.278Z,3.4284,6,SYNTH
2026-03-09 19:38:03.633Z,3.4310,4,SYNTH
2026-03-09 19:38:04.872Z,3.4306,6,SYNTH
2026-03-09 19:38:05.799Z,3.4306,6,SYNTH
2026-03-09 19:38:06.222Z,3.4280,3,SYNTH
2026-03-09 19:38:07.158Z,3.4300,4,SYNTH
2026-03-09 19:38:08.151Z,3.4315,5,SYNTH
2026-03-09 19:38:09.768Z,3.4280,2,SYNTH
2026-03-09 19:38:10.529Z,3.4309,3,SYNTH
2026-03-09 19:38:11.884Z,3.4313,10,SYNTH
2026-03-09 19:38:12.408Z,3.4317,11,SYNTH
2026-03-09 19:38:13.517Z,3.4282,10,SYNTH
2026-03-09 19:38:14.633Z,3.4279,3,SYNTH
2026-03-09 19:38:15.630Z,3.4307,2,SYNTH
2026-03-09 19:38:16.506Z,3.4284,5,SYNTH
2026-03-09 19:38:17.105Z,3.4273,8,SYNTH
2026-03-09 19:38:18.872Z,3.4310,7,SYNTH
2026-03-09 19:38:19.669Z,3.4325,4,SYNTH
2026-03-09 19:38:20.130Z,3.4294,4,SYNTH
2026-03-09 19:38:21.010Z,3.4325,3,SYNTH
2026-03-09 19:38:22.477Z,3.4326,2,SYNTH
2026-03-09 19:38:23.735Z,3.4284,4,SYNTH
2026-03-09 19:38:24.476Z,3.4313,2,SYNTH
2026-03-09 19:38:25.847Z,3.4281,3,SYNTH
2026-03-09 19:38:26.770Z,3.4295,3,SYNTH
2026-03-09 19:38:27.879Z,3.4304,4,SYNTH
2026-03-09 19:38:28.233Z,3.4312,3,SYNTH
2026-03-09 19:38:29.340Z,3.4295,4,SYNTH
2026-03-09 19:38:30.237Z,3.4282,4,SYNTH
2026-03-09 19:38:31.608Z,3.4312,3,SYNTH
2026-03-09 19:38:32.409Z,3.4302,4,SYNTH
2026-03-09 19:38:33.797Z,3.4296,4,SYNTH
2026-03-09 19:38:34.620Z,3.4306,2,SYNTH
2026-03-09 19:38:35.862Z,3.4294,3,SYNTH
2026-03-09 19:38:36.162Z,3.4305,4,SYNTH
2026-03-09 19:38:37.191Z,3.4310,7,SYNTH
2026-03-09 19:38:38.087Z,3.4298,7,SYNTH
2026-03-09 19:38:39.375Z,3.4318,10,SYNTH
2026-03-09 19:38:40.374Z,3.4284,10,SYNTH
2026-03-09 19:38:41.680Z,3.4289,5,SYNTH
2026-03-09 19:38:42.684Z,3.4314,5,SYNTH
2026-03-09 19:38:43.136Z,3.4293,2,SYNTH
2026-03-09 19:38:44.111Z,3.4317,4,SYNTH
2026-03-09 19:38:45.163Z,3.4322,7,SYNTH
2026-03-09 19:38:46.233Z,3.4288,5,SYNTH
2026-03-09 19:38:47.075Z,3.4311,6,SYNTH
2026-03-09 19:38:48.186Z,3.4285,4,SYNTH
2026-03-09 19:38:49.767Z,3.4320,5,SYNTH
2026-03-09 19:38:50.220Z,3.4287,5,SYNTH
2026-03-09 19:38:51.556Z,3.4327,5,SYNTH
2026-03-09 19:38:52.500Z,3.4277,4,SYNTH
2026-03-09 19:38:53.130Z,3.4314,5,SYNTH
2026-03-09 19:38:54.338Z,3.4319,3,SYNTH
2026-03-09 19:38:55.675Z,3.4326,3,SYNTH
2026-03-09 19:38:56.838Z,3.4293,3,SYNTH
2026-03-09 19:38:57.564Z,3.4291,7,SYNTH
2026-03-09 19:38:58.617Z,3.4322,4,SYNTH
2026-03-09 19:38:59.892Z,3.4289,6,SYNTH
2026-03-09 19:44:00.437Z,3.4211,7,SYNTH
2026-03-09 19:44:01.370Z,3.4210,6,SYNTH
2026-03-09 19:44:02.860Z,3.4198,5,SYNTH
2026-03-09 19:44:03.724Z,3.4178,5,SYNTH
2026-03-09 19:44:04.149Z,3.4185,5,SYNTH
2026-03-09 19:44:05.716Z,3.4204,3,SYNTH
2026-03-09 19:44:06.248Z,3.4191,6,SYNTH
2026-03-09 19:44:07.643Z,3.4224,6,SYNTH
2026-03-09 19:44:08.025Z,3.4216,5,SYNTH
2026-03-09 19:44:09.148Z,3.4177,3,SYNTH
2026-03-09 19:44:10.302Z,3.4207,6,SYNTH
2026-03-09 19:44:11.582Z,3.4217,10,SYNTH
2026-03-09 19:44:12.006Z,3.4227,7,SYNTH
2026-03-09 19:44:13.532Z,3.4191,14,SYNTH
2026-03-09 19:44:14.666Z,3.4184,5,SYNTH
2026-03-09 19:44:15.838Z,3.4181,5,SYNTH
2026-03-09 19:44:16.393Z,3.4220,5,SYNTH
2026-03-09 19:44:17.265Z,3.4200,6,SYNTH
2026-03-09 19:44:18.064Z,3.4223,7,SYNTH
2026-03-09 19:44:19.835Z,3.4227,4,SYNTH
2026-03-09 19:44:20.835Z,3.4183,4,SYNTH
2026-03-09 19:44:21.582Z,3.4208,5,SYNTH
2026-03-09 19:44:22.623Z,3.4211,3,SYNTH
2026-03-09 19:44:23.284Z,3.4197,5,SYNTH
2026-03-09 19:44:24.179Z,3.4178,3,SYNTH
2026-03-09 19:44:25.254Z,3.4204,4,SYNTH
2026-03-09 19:44:26.313Z,3.4212,4,SYNTH
2026-03-09 19:44:27.142Z,3.4186,3,SYNTH
2026-03-09 19:44:28.877Z,3.4182,4,SYNTH
2026-03-09 19:44:29.849Z,3.4187,3,SYNTH
2026-03-09 19:44:30.032Z,3.4219,3,SYNTH
2026-03-09 19:44:31.895Z,3.4178,3,SYNTH
2026-03-09 19:44:32.799Z,3.4208,2,SYNTH
2026-03-09 19:44:33.789Z,3.4178,4,SYNTH
2026-03-09 19:44:34.496Z,3.4210,2,SYNTH
2026-03-09 19:44:35.111Z,3.4206,3,SYNTH
2026-03-09 19:44:36.574Z,3.4176,5,SYNTH
2026-03-09 19:44:37.581Z,3.4203,9,SYNTH
2026-03-09 19:44:38.092Z,3.4203,12,SYNTH
2026-03-09 19:44:39.414Z,3.4214,6,SYNTH
2026-03-09 19:44:40.857Z,3.4176,7,SYNTH
2026-03-09 19:44:41.504Z,3.4212,2,SYNTH
2026-03-09 19:44:42.247Z,3.4181,3,SYNTH
2026-03-09 19:44:43.343Z,3.4210,3,SYNTH
2026-03-09 19:44:44.230Z,3.4176,3,SYNTH
2026-03-09 19:44:45.821Z,3.4177,5,SYNTH
2026-03-09 19:44:46.577Z,3.4210,7,SYNTH
2026-03-09 19:44:47.866Z,3.4217,7,SYNTH
2026-03-09 19:44:48.340Z,3.4178,4,SYNTH
2026-03-09 19:44:49.848Z,3.4215,4,SYNTH
2026-03-09 19:44:50.190Z,3.4209,5,SYNTH
2026-03-09 19:44:51.333Z,3.4209,5,SYNTH
2026-03-09 19:44:52.779Z,3.4203,3,SYNTH
2026-03-09 19:44:53.691Z,3.4186,6,SYNTH
2026-03-09 19:44:54.714Z,3.4201,6,SYNTH
2026-03-09 19:44:55.033Z,3.4174,7,SYNTH
2026-03-09 19:44:56.806Z,3.4193,4,SYNTH
2026-03-09 19:44:57.581Z,3.4221,5,SYNTH
2026-03-09 19:44:58.149Z,3.4186,4,SYNTH
2026-03-09 19:44:59.115Z,3.4206,6,SYNTH
2026-03-09 19:49:00.583Z,3.4215,34,SYNTH
2026-03-09 19:49:01.061Z,3.4209,22,SYNTH
2026-03-09 19:49:02.410Z,3.4188,22,SYNTH
2026-03-09 19:49:03.105Z,3.4225,22,SYNTH
2026-03-09 19:49:04.811Z,3.4200,21,SYNTH
2026-03-09 19:49:05.237Z,3.4208,20,SYNTH
2026-03-09 19:49:06.835Z,3.4189,23,SYNTH
2026-03-09 19:49:07.404Z,3.4180,26,SYNTH
2026-03-09 19:49:08.438Z,3.4205,17,SYNTH
2026-03-09 19:49:09.069Z,3.4216,25,SYNTH
2026-03-09 19:49:10.265Z,3.4186,22,SYNTH
2026-03-09 19:49:11.462Z,3.4203,53,SYNTH
2026-03-09 19:49:12.763Z,3.4205,36,SYNTH
2026-03-09 19:49:13.838Z,3.4205,30,SYNTH
2026-03-09 19:49:14.534Z,3.4184,20,SYNTH
2026-03-09 19:49:15.146Z,3.4212,22,SYNTH
2026-03-09 19:49:16.522Z,3.4222,32,SYNTH
2026-03-09 19:49:17.667Z,3.4197,30,SYNTH
2026-03-09 19:49:18.836Z,3.4210,31,SYNTH
2026-03-09 19:49:19.409Z,3.4189,28,SYNTH
2026-03-09 19:49:20.559Z,3.4208,22,SYNTH
2026-03-09 19:49:21.874Z,3.4188,19,SYNTH
2026-03-09 19:49:22.342Z,3.4193,11,SYNTH
2026-03-09 19:49:23.553Z,3.4188,17,SYNTH
2026-03-09 19:49:24.078Z,3.4212,22,SYNTH
2026-03-09 19:49:25.741Z,3.4180,19,SYNTH
2026-03-09 19:49:26.513Z,3.4210,19,SYNTH
2026-03-09 19:49:27.332Z,3.4189,13,SYNTH
2026-03-09 19:49:28.316Z,3.4215,16,SYNTH
2026-03-09 19:49:29.877Z,3.4221,12,SYNTH
2026-03-09 19:49:30.078Z,3.4218,10,SYNTH
2026-03-09 19:49:31.406Z,3.4192,17,SYNTH
2026-03-09 19:49:32.121Z,3.4201,10,SYNTH
2026-03-09 19:49:33.663Z,3.4189,10,SYNTH
2026-03-09 19:49:34.412Z,3.4182,14,SYNTH
2026-03-09 19:49:35.107Z,3.4207,12,SYNTH
2026-03-09 19:49:36.779Z,3.4219,14,SYNTH
2026-03-09 19:49:37.073Z,3.4190,32,SYNTH
2026-03-09 19:49:38.637Z,3.4188,34,SYNTH
2026-03-09 19:49:39.831Z,3.4216,28,SYNTH
2026-03-09 19:49:40.797Z,3.4212,48,SYNTH
2026-03-09 19:49:41.727Z,3.4214,21,SYNTH
2026-03-09 19:49:42.446Z,3.4198,20,SYNTH
2026-03-09 19:49:43.420Z,3.4224,10,SYNTH
2026-03-09 19:49:44.846Z,3.4198,16,SYNTH
2026-03-09 19:49:45.404Z,3.4186,16,SYNTH
2026-03-09 19:49:46.659Z,3.4212,36,SYNTH
2026-03-09 19:49:47.383Z,3.4175,31,SYNTH
2026-03-09 19:49:48.026Z,3.4212,20,SYNTH
2026-03-09 19:49:49.236Z,3.4179,11,SYNTH
2026-03-09 19:49:50.464Z,3.4222,17,SYNTH
2026-03-09 19:49:51.635Z,3.4194,26,SYNTH
2026-03-09 19:49:52.356Z,3.4219,18,SYNTH
2026-03-09 19:49:53.621Z,3.4180,22,SYNTH
2026-03-09 19:49:54.789Z,3.4224,14,SYNTH
2026-03-09 19:49:55.219Z,3.4218,18,SYNTH
2026-03-09 19:49:56.235Z,3.4196,18,SYNTH
2026-03-09 19:49:57.473Z,3.4224,30,SYNTH
2026-03-09 19:49:58.694Z,3.4186,23,SYNTH
2026-03-09 19:49:59.265Z,3.4212,27,SYNTH
2026-03-09 19:57:00.478Z,3.3903,91,SYNTH
2026-03-09 19:57:01.228Z,3.3886,105,SYNTH
2026-03-09 19:57:02.081Z,3.3874,46,SYNTH
2026-03-09 19:57:03.030Z,3.3873,62,SYNTH
2026-03-09 19:57:04.679Z,3.3865,59,SYNTH
2026-03-09 19:57:05.171Z,3.3855,59,SYNTH
2026-03-09 19:57:06.485Z,3.3834,54,SYNTH
2026-03-09 19:57:07.553Z,3.3834,58,SYNTH
2026-03-09 19:57:08.567Z,3.3831,56,SYNTH
2026-03-09 19:57:09.414Z,3.3803,47,SYNTH
2026-03-09 19:57:10.673Z,3.3830,46,SYNTH
2026-03-09 19:57:11.433Z,3.3793,215,SYNTH
2026-03-09 19:57:12.701Z,3.3808,176,SYNTH
2026-03-09 19:57:13.665Z,3.3786,90,SYNTH
2026-03-09 19:57:14.879Z,3.3831,83,SYNTH
2026-03-09 19:57:15.770Z,3.3832,82,SYNTH
2026-03-09 19:57:16.802Z,3.3833,118,SYNTH
2026-03-09 19:57:17.666Z,3.3844,136,SYNTH
2026-03-09 19:57:18.762Z,3.3860,140,SYNTH
2026-03-09 19:57:19.345Z,3.3818,132,SYNTH
2026-03-09 19:57:20.301Z,3.3874,78,SYNTH
2026-03-09 19:57:21.231Z,3.3877,61,SYNTH
2026-03-09 19:57:22.321Z,3.3899,39,SYNTH
2026-03-09 19:57:23.562Z,3.3928,54,SYNTH
2026-03-09 19:57:24.338Z,3.3980,53,SYNTH
2026-03-09 19:57:25.445Z,3.3998,53,SYNTH
2026-03-09 19:57:26.708Z,3.4039,63,SYNTH
2026-03-09 19:57:27.447Z,3.4083,35,SYNTH
2026-03-09 19:57:28.604Z,3.4128,47,SYNTH
2026-03-09 19:57:29.330Z,3.4166,57,SYNTH
2026-03-09 19:57:30.508Z,3.4221,30,SYNTH
2026-03-09 19:57:31.557Z,3.4240,70,SYNTH
2026-03-09 19:57:32.874Z,3.4285,45,SYNTH
2026-03-09 19:57:33.606Z,3.4316,65,SYNTH
2026-03-09 19:57:34.882Z,3.4354,41,SYNTH
2026-03-09 19:57:35.204Z,3.4370,40,SYNTH
2026-03-09 19:57:36.231Z,3.4391,69,SYNTH
2026-03-09 19:57:37.223Z,3.4404,151,SYNTH
2026-03-09 19:57:38.342Z,3.4406,119,SYNTH
2026-03-09 19:57:39.120Z,3.4420,177,SYNTH
2026-03-09 19:57:40.275Z,3.4366,166,SYNTH
2026-03-09 19:57:41.734Z,3.4369,78,SYNTH
2026-03-09 19:57:42.472Z,3.4356,53,SYNTH
2026-03-09 19:57:43.049Z,3.4312,48,SYNTH
2026-03-09 19:57:44.431Z,3.4286,84,SYNTH
2026-03-09 19:57:45.772Z,3.4316,66,SYNTH
2026-03-09 19:57:46.439Z,3.4266,112,SYNTH
2026-03-09 19:57:47.163Z,3.4308,109,SYNTH
2026-03-09 19:57:48.622Z,3.4261,79,SYNTH
2026-03-09 19:57:49.040Z,3.4243,42,SYNTH
2026-03-09 19:57:50.889Z,3.4226,64,SYNTH
2026-03-09 19:57:51.209Z,3.4216,87,SYNTH
2026-03-09 19:57:52.416Z,3.4193,65,SYNTH
2026-03-09 19:57:53.504Z,3.4184,43,SYNTH
2026-03-09 19:57:54.023Z,3.4143,90,SYNTH
2026-03-09 19:57:55.086Z,3.4119,105,SYNTH
2026-03-09 19:57:56.657Z,3.4122,88,SYNTH
2026-03-09 19:57:57.620Z,3.4106,79,SYNTH
2026-03-09 19:57:58.052Z,3.4119,100,SYNTH
2026-03-09 19:57:59.744Z,3.4093,100,SYNTH
2026-03-09 19:59:00.469Z,3.4107,5,SYNTH
2026-03-09 19:59:01.529Z,3.4087,4,SYNTH
2026-03-09 19:59:02.398Z,3.4076,4,SYNTH
2026-03-09 19:59:03.408Z,3.4122,4,SYNTH
2026-03-09 19:59:04.774Z,3.4122,7,SYNTH
2026-03-09 19:59:05.824Z,3.4099,7,SYNTH
2026-03-09 19:59:06.884Z,3.4104,6,SYNTH
2026-03-09 19:59:07.764Z,3.4088,8,SYNTH
2026-03-09 19:59:08.355Z,3.4100,6,SYNTH
2026-03-09 19:59:09.678Z,3.4122,6,SYNTH
2026-03-09 19:59:10.665Z,3.4099,5,SYNTH
2026-03-09 19:59:11.117Z,3.4085,12,SYNTH
2026-03-09 19:59:12.001Z,3.4113,16,SYNTH
2026-03-09 19:59:13.750Z,3.4078,17,SYNTH
2026-03-09 19:59:14.568Z,3.4110,4,SYNTH
2026-03-09 19:59:15.396Z,3.4096,5,SYNTH
2026-03-09 19:59:16.427Z,3.4102,7,SYNTH
2026-03-09 19:59:17.473Z,3.4117,8,SYNTH
2026-03-09 19:59:18.544Z,3.4121,11,SYNTH
2026-03-09 19:59:19.431Z,3.4077,10,SYNTH
2026-03-09 19:59:20.332Z,3.4111,4,SYNTH
2026-03-09 19:59:21.237Z,3.4089,3,SYNTH
2026-03-09 19:59:22.561Z,3.4123,3,SYNTH
2026-03-09 19:59:23.324Z,3.4091,4,SYNTH
2026-03-09 19:59:24.443Z,3.4119,4,SYNTH
2026-03-09 19:59:25.504Z,3.4077,3,SYNTH
2026-03-09 19:59:26.161Z,3.4110,3,SYNTH
2026-03-09 19:59:27.890Z,3.4120,5,SYNTH
2026-03-09 19:59:28.898Z,3.4080,5,SYNTH
2026-03-09 19:59:29.329Z,3.4105,4,SYNTH
2026-03-09 19:59:30.743Z,3.4122,3,SYNTH
2026-03-09 19:59:31.066Z,3.4101,5,SYNTH
2026-03-09 19:59:32.298Z,3.4089,3,SYNTH
2026-03-09 19:59:33.008Z,3.4125,6,SYNTH
2026-03-09 19:59:34.375Z,3.4099,6,SYNTH
2026-03-09 19:59:35.698Z,3.4111,6,SYNTH
2026-03-09 19:59:36.802Z,3.4112,3,SYNTH
2026-03-09 19:59:37.343Z,3.4118,8,SYNTH
2026-03-09 19:59:38.357Z,3.4096,12,SYNTH
2026-03-09 19:59:39.318Z,3.4079,12,SYNTH
2026-03-09 19:59:40.821Z,3.4124,13,SYNTH
2026-03-09 19:59:41.587Z,3.4093,6,SYNTH
2026-03-09 19:59:42.760Z,3.4113,6,SYNTH
2026-03-09 19:59:43.565Z,3.4114,6,SYNTH
2026-03-09 19:59:44.435Z,3.4087,4,SYNTH
2026-03-09 19:59:45.757Z,3.4084,8,SYNTH
2026-03-09 19:59:46.615Z,3.4112,6,SYNTH
2026-03-09 19:59:47.403Z,3.4089,10,SYNTH
2026-03-09 19:59:48.563Z,3.4111,7,SYNTH
2026-03-09 19:59:49.026Z,3.4121,5,SYNTH
2026-03-09 19:59:50.446Z,3.4123,7,SYNTH
2026-03-09 19:59:51.802Z,3.4107,5,SYNTH
2026-03-09 19:59:52.679Z,3.4087,4,SYNTH
2026-03-09 19:59:53.675Z,3.4083,3,SYNTH
2026-03-09 19:59:54.382Z,3.4076,5,SYNTH
2026-03-09 19:59:55.154Z,3.4104,4,SYNTH
2026-03-09 19:59:56.528Z,3.4104,8,SYNTH
2026-03-09 19:59:57.443Z,3.4081,7,SYNTH
2026-03-09 19:59:58.664Z,3.4121,7,SYNTH
2026-03-09 19:59:59.194Z,3.4098,8,SYNTH
2026-03-10 13:30:00.262Z,3.4117,16,SYNTH
2026-03-10 13:30:01.068Z,3.4089,20,SYNTH
2026-03-10 13:30:02.664Z,3.4120,26,SYNTH
2026-03-10 13:30:03.836Z,3.4082,23,SYNTH
2026-03-10 13:30:04.790Z,3.4074,24,SYNTH
2026-03-10 13:30:05.669Z,3.4105,13,SYNTH
2026-03-10 13:30:06.495Z,3.4114,25,SYNTH
2026-03-10 13:30:07.290Z,3.4119,19,SYNTH
2026-03-10 13:30:08.105Z,3.4107,12,SYNTH
2026-03-10 13:30:09.768Z,3.4086,24,SYNTH
2026-03-10 13:30:10.661Z,3.4120,22,SYNTH
2026-03-10 13:30:11.349Z,3.4074,32,SYNTH
2026-03-10 13:30:12.015Z,3.4117,36,SYNTH
2026-03-10 13:30:13.050Z,3.4087,52,SYNTH
2026-03-10 13:30:14.740Z,3.4111,19,SYNTH
2026-03-10 13:30:15.549Z,3.4085,12,SYNTH
2026-03-10 13:30:16.410Z,3.4121,31,SYNTH
2026-03-10 13:30:17.195Z,3.4092,26,SYNTH
2026-03-10 13:30:18.405Z,3.4090,23,SYNTH
2026-03-10 13:30:19.841Z,3.4100,17,SYNTH
2026-03-10 13:30:20.289Z,3.4110,18,SYNTH
2026-03-10 13:30:21.788Z,3.4079,14,SYNTH
2026-03-10 13:30:22.521Z,3.4115,16,SYNTH
2026-03-10 13:30:23.330Z,3.4094,8,SYNTH
2026-03-10 13:30:24.121Z,3.4078,9,SYNTH
2026-03-10 13:30:25.492Z,3.4100,9,SYNTH
2026-03-10 13:30:26.084Z,3.4112,17,SYNTH
2026-03-10 13:30:27.489Z,3.4123,9,SYNTH
2026-03-10 13:30:28.718Z,3.4101,17,SYNTH
2026-03-10 13:30:29.671Z,3.4083,15,SYNTH
2026-03-10 13:30:30.110Z,3.4124,9,SYNTH
2026-03-10 13:30:31.669Z,3.4099,16,SYNTH
2026-03-10 13:30:32.586Z,3.4075,14,SYNTH
2026-03-10 13:30:33.364Z,3.4109,12,SYNTH
2026-03-10 13:30:34.549Z,3.4090,8,SYNTH
2026-03-10 13:30:35.706Z,3.4117,11,SYNTH
2026-03-10 13:30:36.272Z,3.4088,14,SYNTH
2026-03-10 13:30:37.281Z,3.4086,46,SYNTH
2026-03-10 13:30:38.064Z,3.4079,31,SYNTH
2026-03-10 13:30:39.811Z,3.4084,22,SYNTH
2026-03-10 13:30:40.343Z,3.4122,24,SYNTH
2026-03-10 13:30:41.193Z,3.4080,19,SYNTH
2026-03-10 13:30:42.005Z,3.4113,16,SYNTH
2026-03-10 13:30:43.697Z,3.4089,13,SYNTH
2026-03-10 13:30:44.038Z,3.4094,21,SYNTH
2026-03-10 13:30:45.546Z,3.4072,29,SYNTH
2026-03-10 13:30:46.600Z,3.4099,19,SYNTH
2026-03-10 13:30:47.317Z,3.4122,33,SYNTH
2026-03-10 13:30:48.590Z,3.4078,13,SYNTH
2026-03-10 13:30:49.243Z,3.4112,22,SYNTH
2026-03-10 13:30:50.695Z,3.4079,19,SYNTH
2026-03-10 13:30:51.207Z,3.4107,16,SYNTH
2026-03-10 13:30:52.843Z,3.4115,21,SYNTH
2026-03-10 13:30:53.224Z,3.4112,12,SYNTH
2026-03-10 13:30:54.727Z,3.4075,13,SYNTH
2026-03-10 13:30:55.385Z,3.4112,22,SYNTH
2026-03-10 13:30:56.009Z,3.4111,24,SYNTH
2026-03-10 13:30:57.838Z,3.4089,26,SYNTH
2026-03-10 13:30:58.802Z,3.4114,23,SYNTH
2026-03-10 13:30:59.332Z,3.4117,24,SYNTH
2026-03-10 13:43:00.571Z,3.3910,4,SYNTH
2026-03-10 13:43:01.063Z,3.3879,2,SYNTH
2026-03-10 13:43:02.723Z,3.3901,3,SYNTH
2026-03-10 13:43:03.184Z,3.3911,4,SYNTH
2026-03-10 13:43:04.299Z,3.3884,4,SYNTH
2026-03-10 13:43:05.741Z,3.3900,4,SYNTH
2026-03-10 13:43:06.506Z,3.3915,3,SYNTH
2026-03-10 13:43:07.869Z,3.3918,3,SYNTH
2026-03-10 13:43:08.056Z,3.3879,2,SYNTH
2026-03-10 13:43:09.815Z,3.3905,4,SYNTH
2026-03-10 13:43:10.467Z,3.3889,2,SYNTH
2026-03-10 13:43:11.650Z,3.3920,7,SYNTH
2026-03-10 13:43:12.756Z,3.3892,9,SYNTH
2026-03-10 13:43:13.731Z,3.3901,8,SYNTH
2026-03-10 13:43:14.865Z,3.3880,3,SYNTH
2026-03-10 13:43:15.537Z,3.3903,2,SYNTH
2026-03-10 13:43:16.838Z,3.3919,3,SYNTH
2026-03-10 13:43:17.141Z,3.3896,3,SYNTH
2026-03-10 13:43:18.368Z,3.3918,4,SYNTH
2026-03-10 13:43:19.889Z,3.3914,2,SYNTH
2026-03-10 13:43:20.793Z,3.3910,2,SYNTH
2026-03-10 13:43:21.408Z,3.3907,2,SYNTH
2026-03-10 13:43:22.808Z,3.3891,2,SYNTH
2026-03-10 13:43:23.140Z,3.3912,3,SYNTH
2026-03-10 13:43:24.763Z,3.3914,2,SYNTH
2026-03-10 13:43:25.064Z,3.3909,1,SYNTH
2026-03-10 13:43:26.174Z,3.3916,2,SYNTH
2026-03-10 13:43:27.413Z,3.3886,2,SYNTH
2026-03-10 13:43:28.106Z,3.3900,2,SYNTH
2026-03-10 13:43:29.444Z,3.3889,2,SYNTH
2026-03-10 13:43:30.822Z,3.3916,2,SYNTH
2026-03-10 13:43:31.165Z,3.3880,3,SYNTH
2026-03-10 13:43:32.672Z,3.3894,2,SYNTH
2026-03-10 13:43:33.837Z,3.3911,3,SYNTH
2026-03-10 13:43:34.268Z,3.3890,2,SYNTH
2026-03-10 13:43:35.081Z,3.3878,2,SYNTH
2026-03-10 13:43:36.358Z,3.3881,2,SYNTH
2026-03-10 13:43:37.584Z,3.3907,4,SYNTH
2026-03-10 13:43:38.622Z,3.3909,5,SYNTH
2026-03-10 13:43:39.256Z,3.3891,4,SYNTH
2026-03-10 13:43:40.200Z,3.3901,8,SYNTH
2026-03-10 13:43:41.712Z,3.3914,1,SYNTH
2026-03-10 13:43:42.345Z,3.3919,2,SYNTH
2026-03-10 13:43:43.392Z,3.3880,2,SYNTH
2026-03-10 13:43:44.128Z,3.3884,3,SYNTH
2026-03-10 13:43:45.289Z,3.3906,3,SYNTH
2026-03-10 13:43:46.364Z,3.3898,4,SYNTH
2026-03-10 13:43:47.278Z,3.3912,4,SYNTH
2026-03-10 13:43:48.620Z,3.3896,2,SYNTH
2026-03-10 13:43:49.840Z,3.3921,2,SYNTH
2026-03-10 13:43:50.193Z,3.3921,4,SYNTH
2026-03-10 13:43:51.225Z,3.3900,3,SYNTH
2026-03-10 13:43:52.216Z,3.3876,4,SYNTH
2026-03-10 13:43:53.317Z,3.3911,2,SYNTH
2026-03-10 13:43:54.094Z,3.3886,3,SYNTH
2026-03-10 13:43:55.860Z,3.3887,3,SYNTH
2026-03-10 13:43:56.138Z,3.3904,3,SYNTH
2026-03-10 13:43:57.165Z,3.3887,3,SYNTH
2026-03-10 13:43:58.746Z,3.3902,2,SYNTH
2026-03-10 13:43:59.144Z,3.3913,5,SYNTH
2026-03-10 13:48:00.245Z,3.4069,7,SYNTH
2026-03-10 13:48:01.135Z,3.4032,15,SYNTH
2026-03-10 13:48:02.097Z,3.4057,13,SYNTH
2026-03-10 13:48:03.260Z,3.4036,8,SYNTH
2026-03-10 13:48:04.306Z,3.4035,9,SYNTH
2026-03-10 13:48:05.153Z,3.4067,10,SYNTH
2026-03-10 13:48:06.205Z,3.4042,11,SYNTH
2026-03-10 13:48:07.787Z,3.4057,6,SYNTH
2026-03-10 13:48:08.833Z,3.4037,13,SYNTH
2026-03-10 13:48:09.099Z,3.4032,10,SYNTH
2026-03-10 13:48:10.302Z,3.4062,10,SYNTH
2026-03-10 13:48:11.196Z,3.4074,18,SYNTH
2026-03-10 13:48:12.614Z,3.4039,30,SYNTH
2026-03-10 13:48:13.595Z,3.4027,16,SYNTH
2026-03-10 13:48:14.178Z,3.4054,11,SYNTH
2026-03-10 13:48:15.334Z,3.4031,11,SYNTH
2026-03-10 13:48:16.525Z,3.4056,16,SYNTH
2026-03-10 13:48:17.592Z,3.4070,9,SYNTH
2026-03-10 13:48:18.232Z,3.4035,10,SYNTH
2026-03-10 13:48:19.050Z,3.4033,14,SYNTH
2026-03-10 13:48:20.082Z,3.4050,10,SYNTH
2026-03-10 13:48:21.892Z,3.4070,8,SYNTH
2026-03-10 13:48:22.160Z,3.4055,9,SYNTH
2026-03-10 13:48:23.080Z,3.4065,7,SYNTH
2026-03-10 13:48:24.332Z,3.4050,6,SYNTH
2026-03-10 13:48:25.301Z,3.4055,9,SYNTH
2026-03-10 13:48:26.735Z,3.4062,5,SYNTH
2026-03-10 13:48:27.190Z,3.4032,5,SYNTH
2026-03-10 13:48:28.509Z,3.4033,8,SYNTH
2026-03-10 13:48:29.662Z,3.4057,7,SYNTH
2026-03-10 13:48:30.778Z,3.4060,8,SYNTH
2026-03-10 13:48:31.057Z,3.4044,7,SYNTH
2026-03-10 13:48:32.539Z,3.4029,5,SYNTH
2026-03-10 13:48:33.569Z,3.4053,8,SYNTH
2026-03-10 13:48:34.134Z,3.4024,5,SYNTH
2026-03-10 13:48:35.107Z,3.4063,7,SYNTH
2026-03-10 13:48:36.469Z,3.4035,9,SYNTH
2026-03-10 13:48:37.017Z,3.4033,23,SYNTH
2026-03-10 13:48:38.683Z,3.4035,15,SYNTH
2026-03-10 13:48:39.569Z,3.4060,13,SYNTH
2026-03-10 13:48:40.710Z,3.4049,17,SYNTH
2026-03-10 13:48:41.861Z,3.4070,9,SYNTH
2026-03-10 13:48:42.346Z,3.4063,7,SYNTH
2026-03-10 13:48:43.640Z,3.4033,5,SYNTH
2026-03-10 13:48:44.269Z,3.4056,6,SYNTH
2026-03-10 13:48:45.234Z,3.4030,8,SYNTH
2026-03-10 13:48:46.156Z,3.4063,11,SYNTH
2026-03-10 13:48:47.048Z,3.4033,9,SYNTH
2026-03-10 13:48:48.373Z,3.4070,7,SYNTH
2026-03-10 13:48:49.774Z,3.4073,7,SYNTH
2026-03-10 13:48:50.686Z,3.4038,13,SYNTH
2026-03-10 13:48:51.454Z,3.4044,9,SYNTH
2026-03-10 13:48:52.824Z,3.4062,13,SYNTH
2026-03-10 13:48:53.491Z,3.4028,12,SYNTH
2026-03-10 13:48:54.219Z,3.4057,11,SYNTH
2026-03-10 13:48:55.118Z,3.4059,11,SYNTH
2026-03-10 13:48:56.236Z,3.4042,8,SYNTH
2026-03-10 13:48:57.073Z,3.4042,9,SYNTH
2026-03-10 13:48:58.295Z,3.4053,16,SYNTH
2026-03-10 13:48:59.191Z,3.4057,13,SYNTH
2026-03-10 13:56:00.715Z,3.4017,8,SYNTH
2026-03-10 13:56:01.891Z,3.3984,7,SYNTH
2026-03-10 13:56:02.375Z,3.4017,12,SYNTH
2026-03-10 13:56:03.229Z,3.4011,13,SYNTH
2026-03-10 13:56:04.302Z,3.3996,8,SYNTH
2026-03-10 13:56:05.572Z,3.4023,8,SYNTH
2026-03-10 13:56:06.130Z,3.3981,8,SYNTH
2026-03-10 13:56:07.393Z,3.3990,12,SYNTH
2026-03-10 13:56:08.061Z,3.3974,7,SYNTH
2026-03-10 13:56:09.607Z,3.4021,12,SYNTH
2026-03-10 13:56:10.313Z,3.4019,9,SYNTH
2026-03-10 13:56:11.590Z,3.3984,13,SYNTH
2026-03-10 13:56:12.390Z,3.4005,16,SYNTH
2026-03-10 13:56:13.577Z,3.3986,25,SYNTH
2026-03-10 13:56:14.008Z,3.3980,11,SYNTH
2026-03-10 13:56:15.516Z,3.3978,6,SYNTH
2026-03-10 13:56:16.888Z,3.4018,18,SYNTH
2026-03-10 13:56:17.272Z,3.3992,10,SYNTH
