TimestampUtc,Bid,Ask,BidSize,AskSize,SpreadBps
2026-03-09 13:30:00.781Z,3.3046,3.3154,100,100,32.6
2026-03-09 13:30:01.840Z,3.3051,3.3155,100,100,31.4
2026-03-09 13:30:02.483Z,3.3065,3.3151,100,100,26.0
2026-03-09 13:30:03.170Z,3.3047,3.3151,100,100,31.4
2026-03-09 13:30:04.895Z,3.3037,3.3151,100,100,34.4
2026-03-09 13:30:05.092Z,3.3052,3.3134,100,100,24.8
2026-03-09 13:30:06.153Z,3.3037,3.3157,100,100,36.3
2026-03-09 13:30:07.473Z,3.3063,3.3151,100,100,26.6
2026-03-09 13:30:08.380Z,3.3046,3.3152,100,100,32.0
2026-03-09 13:30:09.781Z,3.3038,3.3146,100,100,32.6
2026-03-09 13:30:10.232Z,3.3053,3.3145,100,100,27.8
2026-03-09 13:30:11.080Z,3.3047,3.3141,100,101,28.4
2026-03-09 13:30:12.803Z,3.3050,3.3150,100,100,30.2
2026-03-09 13:30:13.547Z,3.3059,3.3141,100,100,24.8
2026-03-09 13:30:14.068Z,3.3047,3.3169,100,100,36.8
2026-03-09 13:30:15.397Z,3.3055,3.3161,100,100,32.0
2026-03-09 13:30:16.460Z,3.3056,3.3156,100,100,30.2
2026-03-09 13:30:17.872Z,3.3049,3.3145,100,100,29.0
2026-03-09 13:30:18.202Z,3.3056,3.3142,100,100,26.0
2026-03-09 13:30:19.877Z,3.3051,3.3151,100,100,30.2
2026-03-09 13:30:20.725Z,3.3040,3.3154,100,100,34.4
2026-03-09 13:30:21.279Z,3.3056,3.3156,100,100,30.2
2026-03-09 13:30:22.378Z,3.3064,3.3148,100,100,25.4
2026-03-09 13:30:23.386Z,3.3055,3.3153,100,100,29.6
2026-03-09 13:30:24.292Z,3.3048,3.3146,100,100,29.6
2026-03-09 13:30:25.870Z,3.3041,3.3165,100,100,37.5
2026-03-09 13:30:26.864Z,3.3050,3.3140,100,100,27.2
2026-03-09 13:30:27.663Z,3.3053,3.3157,100,100,31.4
2026-03-09 13:30:28.500Z,3.3043,3.3151,100,100,32.6
2026-03-09 13:30:29.116Z,3.3047,3.3163,100,100,35.0
2026-03-09 13:30:30.494Z,3.3058,3.3152,100,100,28.4
2026-03-09 13:30:31.388Z,3.3055,3.3147,100,100,27.8
2026-03-09 13:30:32.285Z,3.3051,3.3141,100,100,27.2
2026-03-09 13:30:33.218Z,3.3040,3.3150,100,100,33.2
2026-03-09 13:30:34.843Z,3.3049,3.3135,100,100,26.0
2026-03-09 13:30:35.662Z,3.3057,3.3155,100,100,29.6
2026-03-09 13:30:36.144Z,3.3060,3.3144,100,100,25.4
2026-03-09 13:30:37.570Z,3.3052,3.3138,100,100,26.0
2026-03-09 13:30:38.414Z,3.3060,3.3144,100,100,25.4
2026-03-09 13:30:39.322Z,3.3038,3.3150,100,100,33.8
2026-03-09 13:30:40.360Z,3.3055,3.3137,100,100,24.8
2026-03-09 13:30:41.369Z,3.3042,3.3148,100,100,32.0
2026-03-09 13:30:42.107Z,3.3047,3.3143,100,100,29.0
2026-03-09 13:30:43.235Z,3.3062,3.3150,100,100,26.6
2026-03-09 13:30:44.147Z,3.3051,3.3163,100,100,33.8
2026-03-09 13:30:45.815Z,3.3042,3.3146,100,100,31.4
2026-03-09 13:30:46.043Z,3.3061,3.3151,100,100,27.2
2026-03-09 13:30:47.106Z,3.3043,3.3143,100,100,30.2
2026-03-09 13:30:48.889Z,3.3052,3.3156,100,100,31.4
2026-03-09 13:30:49.075Z,3.3047,3.3147,100,100,30.2
2026-03-09 13:30:50.259Z,3.3044,3.3162,100,100,35.6
2026-03-09 13:30:51.554Z,3.3044,3.3164,100,100,36.2
2026-03-09 13:30:52.867Z,3.3041,3.3161,100,100,36.3
2026-03-09 13:30:53.001Z,3.3044,3.3140,100,100,29.0
2026-03-09 13:30:54.814Z,3.3052,3.3146,100,100,28.4
2026-03-09 13:30:55.638Z,3.3053,3.3151,100,100,29.6
2026-03-09 13:30:56.451Z,3.3058,3.3154,100,100,29.0
2026-03-09 13:30:57.170Z,3.3040,3.3150,100,100,33.2
2026-03-09 13:30:58.134Z,3.3043,3.3145,100,100,30.8
2026-03-09 13:30:59.025Z,3.3044,3.3156,100,100,33.8
2026-03-09 13:32:00.063Z,3.3042,3.3158,100,100,35.0
2026-03-09 13:32:01.083Z,3.3042,3.3158,100,100,35.0
2026-03-09 13:32:02.439Z,3.3048,3.3150,100,100,30.8
2026-03-09 13:32:03.148Z,3.3050,3.3134,100,100,25.4
2026-03-09 13:32:04.570Z,3.3050,3.3144,100,100,28.4
2026-03-09 13:32:05.036Z,3.3044,3.3162,100,100,35.6
2026-03-09 13:32:06.890Z,3.3041,3.3161,100,100,36.3
2026-03-09 13:32:07.505Z,3.3058,3.3144,100,100,26.0
2026-03-09 13:32:08.794Z,3.3046,3.3144,100,100,29.6
2026-03-09 13:32:09.342Z,3.3042,3.3158,100,100,35.0
2026-03-09 13:32:10.713Z,3.3053,3.3135,100,100,24.8
2026-03-09 13:32:11.688Z,3.3062,3.3150,100,100,26.6
2026-03-09 13:32:12.188Z,3.3037,3.3159,100,100,36.9
2026-03-09 13:32:13.447Z,3.3055,3.3149,100,100,28.4
2026-03-09 13:32:14.028Z,3.3057,3.3159,100,100,30.8
2026-03-09 13:32:15.228Z,3.3049,3.3141,100,100,27.8
2026-03-09 13:32:16.202Z,3.3043,3.3169,100,100,38.1
2026-03-09 13:32:17.888Z,3.3064,3.3148,100,100,25.4
2026-03-09 13:32:18.436Z,3.3038,3.3160,100,100,36.9
2026-03-09 13:32:19.852Z,3.3050,3.3164,100,100,34.4
2026-03-09 13:32:20.054Z,3.3040,3.3146,100,100,32.0
2026-03-09 13:32:21.283Z,3.3045,3.3171,100,100,38.1
2026-03-09 13:32:22.539Z,3.3043,3.3143,100,100,30.2
2026-03-09 13:32:23.211Z,3.3047,3.3149,100,100,30.8
2026-03-09 13:32:24.353Z,3.3046,3.3156,100,100,33.2
2026-03-09 13:32:25.066Z,3.3051,3.3137,100,100,26.0
2026-03-09 13:32:26.443Z,3.3037,3.3147,100,100,33.2
2026-03-09 13:32:27.654Z,3.3040,3.3148,100,100,32.6
2026-03-09 13:32:28.067Z,3.3050,3.3134,100,100,25.4
2026-03-09 13:32:29.145Z,3.3046,3.3140,100,100,28.4
2026-03-09 13:32:30.398Z,3.3045,3.3171,100,100,38.1
2026-03-09 13:32:31.329Z,3.3047,3.3151,100,100,31.4
2026-03-09 13:32:32.226Z,3.3042,3.3156,100,100,34.4
2026-03-09 13:32:33.801Z,3.3039,3.3155,100,100,35.0
2026-03-09 13:32:34.525Z,3.3036,3.3154,100,100,35.7
2026-03-09 13:32:35.274Z,3.3045,3.3155,100,100,33.2
2026-03-09 13:32:36.657Z,3.3032,3.3154,100,100,36.9
2026-03-09 13:32:37.504Z,3.3050,3.3140,100,100,27.2
2026-03-09 13:32:38.198Z,3.3063,3.3149,100,100,26.0
2026-03-09 13:32:39.215Z,3.3049,3.3165,100,100,35.0
2026-03-09 13:32:40.242Z,3.3050,3.3160,100,100,33.2
2026-03-09 13:32:41.455Z,3.3059,3.3143,100,100,25.4
2026-03-09 13:32:42.616Z,3.3054,3.3156,100,100,30.8
2026-03-09 13:32:43.260Z,3.3049,3.3157,100,100,32.6
2026-03-09 13:32:44.603Z,3.3057,3.3141,100,100,25.4
2026-03-09 13:32:45.492Z,3.3064,3.3148,100,100,25.4
2026-03-09 13:32:46.393Z,3.3044,3.3140,100,100,29.0
2026-03-09 13:32:47.029Z,3.3046,3.3144,100,100,29.6
2026-03-09 13:32:48.460Z,3.3046,3.3140,100,100,28.4
2026-03-09 13:32:49.640Z,3.3041,3.3159,100,100,35.6
2026-03-09 13:32:50.487Z,3.3046,3.3152,100,100,32.0
2026-03-09 13:32:51.198Z,3.3045,3.3161,100,100,35.0
2026-03-09 13:32:52.415Z,3.3058,3.3152,100,100,28.4
2026-03-09 13:32:53.396Z,3.3053,3.3159,100,100,32.0
2026-03-09 13:32:54.769Z,3.3047,3.3139,100,100,27.8
2026-03-09 13:32:55.328Z,3.3051,3.3137,100,100,26.0
2026-03-09 13:32:56.625Z,3.3042,3.3156,100,100,34.4
2026-03-09 13:32:57.741Z,3.3035,3.3151,100,100,35.1
2026-03-09 13:32:58.187Z,3.3056,3.3142,100,100,26.0
2026-03-09 13:32:59.155Z,3.3043,3.3157,100,100,34.4
2026-03-09 13:45:00.805Z,3.3646,3.3754,100,100,32.0
2026-03-09 13:45:01.028Z,3.3633,3.3755,100,100,36.2
2026-03-09 13:45:02.600Z,3.3635,3.3749,100,100,33.8
2026-03-09 13:45:03.503Z,3.3645,3.3751,100,100,31.5
2026-03-09 13:45:04.799Z,3.3643,3.3743,100,100,29.7
2026-03-09 13:45:05.188Z,3.3649,3.3753,100,100,30.9
2026-03-09 13:45:06.085Z,3.3651,3.3735,100,100,24.9
2026-03-09 13:45:07.531Z,3.3656,3.3740,100,100,24.9
2026-03-09 13:45:08.648Z,3.3647,3.3739,100,100,27.3
2026-03-09 13:45:09.238Z,3.3649,3.3761,100,100,33.2
2026-03-09 13:45:10.334Z,3.3661,3.3749,100,100,26.1
2026-03-09 13:45:11.391Z,3.3643,3.3743,100,100,29.7
2026-03-09 13:45:12.458Z,3.3652,3.3732,100,100,23.7
2026-03-09 13:45:13.589Z,3.3656,3.3750,100,100,27.9
2026-03-09 13:45:14.472Z,3.3651,3.3757,100,100,31.5
2026-03-09 13:45:15.579Z,3.3653,3.3761,100,100,32.0
2026-03-09 13:45:16.513Z,3.3652,3.3752,100,100,29.7
2026-03-09 13:45:17.794Z,3.3643,3.3761,100,100,35.0
2026-03-09 13:45:18.221Z,3.3660,3.3744,100,100,24.9
2026-03-09 13:45:19.647Z,3.3647,3.3759,100,100,33.2
2026-03-09 13:45:20.039Z,3.3663,3.3747,100,100,24.9
2026-03-09 13:45:21.683Z,3.3655,3.3739,100,100,24.9
2026-03-09 13:45:22.678Z,3.3660,3.3750,100,100,26.7
2026-03-09 13:45:23.047Z,3.3653,3.3755,100,100,30.3
2026-03-09 13:45:24.637Z,3.3634,3.3752,100,100,35.0
2026-03-09 13:45:25.366Z,3.3658,3.3744,100,100,25.5
2026-03-09 13:45:26.764Z,3.3649,3.3743,100,100,27.9
2026-03-09 13:45:27.460Z,3.3655,3.3749,100,100,27.9
2026-03-09 13:45:28.770Z,3.3652,3.3750,100,100,29.1
2026-03-09 13:45:29.055Z,3.3646,3.3762,100,100,34.4
2026-03-09 13:45:30.157Z,3.3658,3.3744,100,100,25.5
2026-03-09 13:45:31.207Z,3.3642,3.3750,100,100,32.1
2026-03-09 13:45:32.608Z,3.3642,3.3754,100,100,33.2
2026-03-09 13:45:33.412Z,3.3646,3.3770,100,100,36.8
2026-03-09 13:45:34.698Z,3.3649,3.3749,100,100,29.7
2026-03-09 13:45:35.231Z,3.3657,3.3741,100,100,24.9
2026-03-09 13:45:36.514Z,3.3642,3.3760,100,100,35.0
2026-03-09 13:45:37.662Z,3.3647,3.3753,100,100,31.5
2026-03-09 13:45:38.810Z,3.3651,3.3757,100,100,31.5
2026-03-09 13:45:39.079Z,3.3644,3.3748,100,100,30.9
2026-03-09 13:45:40.095Z,3.3655,3.3759,100,100,30.9
2026-03-09 13:45:41.686Z,3.3662,3.3754,100,100,27.3
2026-03-09 13:45:42.139Z,3.3649,3.3749,100,100,29.7
2026-03-09 13:45:43.683Z,3.3657,3.3739,100,100,24.3
2026-03-09 13:45:44.731Z,3.3650,3.3742,100,100,27.3
2026-03-09 13:45:45.172Z,3.3637,3.3747,100,100,32.6
2026-03-09 13:45:46.669Z,3.3648,3.3736,100,100,26.1
2026-03-09 13:45:47.113Z,3.3663,3.3753,100,100,26.7
2026-03-09 13:45:48.410Z,3.3638,3.3758,100,100,35.6
2026-03-09 13:45:49.468Z,3.3650,3.3764,100,100,33.8
2026-03-09 13:45:50.054Z,3.3661,3.3749,100,100,26.1
2026-03-09 13:45:51.766Z,3.3647,3.3763,100,100,34.4
2026-03-09 13:45:52.068Z,3.3646,3.3758,100,100,33.2
2026-03-09 13:45:53.864Z,3.3651,3.3745,100,100,27.9
2026-03-09 13:45:54.611Z,3.3646,3.3768,100,100,36.2
2026-03-09 13:45:55.880Z,3.3638,3.3746,100,100,32.1
2026-03-09 13:45:56.418Z,3.3646,3.3748,100,100,30.3
2026-03-09 13:45:57.511Z,3.3645,3.3747,100,100,30.3
2026-03-09 13:45:58.184Z,3.3641,3.3753,100,100,33.2
2026-03-09 13:45:59.605Z,3.3646,3.3754,100,100,32.0
2026-03-09 13:52:00.262Z,3.2943,3.3057,100,100,34.5
2026-03-09 13:52:01.162Z,3.2953,3.3049,100,100,29.1
2026-03-09 13:52:02.234Z,3.2949,3.3061,100,100,33.9
2026-03-09 13:52:03.259Z,3.2941,3.3047,100,100,32.1
2026-03-09 13:52:04.261Z,3.2937,3.3055,100,100,35.8
2026-03-09 13:52:05.427Z,3.2953,3.3041,100,100,26.7
2026-03-09 13:52:06.049Z,3.2955,3.3059,100,100,31.5
2026-03-09 13:52:07.573Z,3.2954,3.3042,100,100,26.7
2026-03-09 13:52:08.737Z,3.2939,3.3055,100,100,35.2
2026-03-09 13:52:09.386Z,3.2944,3.3056,100,100,33.9
2026-03-09 13:52:10.862Z,3.2956,3.3042,100,100,26.1
2026-03-09 13:52:11.355Z,3.2948,3.3040,100,100,27.9
2026-03-09 13:52:12.897Z,3.2947,3.3053,100,100,32.1
2026-03-09 13:52:13.686Z,3.2944,3.3058,100,100,34.5
2026-03-09 13:52:14.158Z,3.2953,3.3053,100,100,30.3
2026-03-09 13:52:15.363Z,3.2937,3.3047,100,100,33.3
2026-03-09 13:52:16.642Z,3.2947,3.3041,100,100,28.5
2026-03-09 13:52:17.811Z,3.2958,3.3040,100,100,24.8
2026-03-09 13:52:18.348Z,3.2943,3.3055,100,100,33.9
2026-03-09 13:52:19.215Z,3.2936,3.3048,100,100,33.9
2026-03-09 13:52:20.518Z,3.2950,3.3064,100,100,34.5
2026-03-09 13:52:21.447Z,3.2967,3.3047,100,100,24.2
2026-03-09 13:52:22.689Z,3.2960,3.3044,100,100,25.5
2026-03-09 13:52:23.607Z,3.2948,3.3066,100,100,35.7
2026-03-09 13:52:24.677Z,3.2943,3.3053,100,100,33.3
2026-03-09 13:52:25.357Z,3.2946,3.3054,100,100,32.7
2026-03-09 13:52:26.612Z,3.2958,3.3044,100,100,26.1
2026-03-09 13:52:27.052Z,3.2952,3.3038,100,100,26.1
2026-03-09 13:52:28.811Z,3.2944,3.3050,100,100,32.1
2026-03-09 13:52:29.319Z,3.2955,3.3039,100,100,25.5
2026-03-09 13:52:30.314Z,3.2955,3.3041,100,100,26.1
2026-03-09 13:52:31.828Z,3.2941,3.3049,100,100,32.7
2026-03-09 13:52:32.748Z,3.2937,3.3055,100,100,35.8
2026-03-09 13:52:33.545Z,3.2962,3.3052,100,100,27.3
2026-03-09 13:52:34.527Z,3.2944,3.3044,100,100,30.3
2026-03-09 13:52:35.131Z,3.2940,3.3060,100,100,36.4
2026-03-09 13:52:36.287Z,3.2957,3.3039,100,100,24.8
2026-03-09 13:52:37.506Z,3.2946,3.3046,100,100,30.3
2026-03-09 13:52:38.346Z,3.2956,3.3038,100,100,24.9
2026-03-09 13:52:39.869Z,3.2944,3.3046,100,100,30.9
2026-03-09 13:52:40.220Z,3.2946,3.3048,100,100,30.9
2026-03-09 13:52:41.891Z,3.2956,3.3056,100,100,30.3
2026-03-09 13:52:42.026Z,3.2957,3.3045,100,100,26.7
2026-03-09 13:52:43.714Z,3.2952,3.3056,100,100,31.5
2026-03-09 13:52:44.120Z,3.2949,3.3045,100,100,29.1
2026-03-09 13:52:45.478Z,3.2949,3.3047,100,100,29.7
2026-03-09 13:52:46.540Z,3.2953,3.3061,100,100,32.7
2026-03-09 13:52:47.710Z,3.2952,3.3040,100,100,26.7
2026-03-09 13:52:48.160Z,3.2965,3.3051,100,100,26.1
2026-03-09 13:52:49.222Z,3.2949,3.3055,100,100,32.1
2026-03-09 13:52:50.385Z,3.2935,3.3051,100,100,35.2
2026-03-09 13:52:51.836Z,3.2952,3.3052,100,100,30.3
2026-03-09 13:52:52.506Z,3.2950,3.3042,100,100,27.9
2026-03-09 13:52:53.418Z,3.2954,3.3036,100,100,24.9
2026-03-09 13:52:54.653Z,3.2951,3.3051,100,100,30.3
2026-03-09 13:52:55.082Z,3.2952,3.3048,100,100,29.1
2026-03-09 13:52:56.872Z,3.2948,3.3068,100,100,36.4
2026-03-09 13:52:57.757Z,3.2965,3.3047,100,100,24.8
2026-03-09 13:52:58.339Z,3.2960,3.3048,100,100,26.7
2026-03-09 13:52:59.846Z,3.2955,3.3045,100,100,27.3
2026-03-09 14:17:00.172Z,3.2995,3.3105,100,100,33.3
2026-03-09 14:17:01.709Z,3.3004,3.3094,100,100,27.2
2026-03-09 14:17:02.805Z,3.2985,3.3105,100,100,36.3
2026-03-09 14:17:03.888Z,3.3013,3.3103,100,100,27.2
2026-03-09 14:17:04.885Z,3.2994,3.3114,100,100,36.3
2026-03-09 14:17:05.326Z,3.3006,3.3090,100,100,25.4
2026-03-09 14:17:06.486Z,3.2996,3.3112,100,100,35.1
2026-03-09 14:17:07.314Z,3.3014,3.3096,100,100,24.8
2026-03-09 14:17:08.553Z,3.3009,3.3093,100,100,25.4
2026-03-09 14:17:09.791Z,3.2982,3.3106,100,100,37.5
2026-03-09 14:17:10.598Z,3.2990,3.3106,100,100,35.1
2026-03-09 14:17:11.233Z,3.3010,3.3094,100,100,25.4
2026-03-09 14:17:12.671Z,3.3007,3.3109,100,100,30.9
2026-03-09 14:17:13.086Z,3.3010,3.3096,100,100,26.0
2026-03-09 14:17:14.849Z,3.3006,3.3102,100,100,29.0
2026-03-09 14:17:15.810Z,3.2989,3.3101,100,100,33.9
2026-03-09 14:17:16.329Z,3.3009,3.3097,100,100,26.6
2026-03-09 14:17:17.611Z,3.2994,3.3094,100,100,30.3
2026-03-09 14:17:18.264Z,3.2994,3.3104,100,100,33.3
2026-03-09 14:17:19.131Z,3.2999,3.3105,100,100,32.1
2026-03-09 14:17:20.703Z,3.2981,3.3083,100,100,30.9
2026-03-09 14:17:21.239Z,3.2953,3.3075,100,100,37.0
2026-03-09 14:17:22.531Z,3.2953,3.3047,100,100,28.5
2026-03-09 14:17:23.552Z,3.2921,3.3019,100,100,29.7
2026-03-09 14:17:24.653Z,3.2877,3.3009,100,100,40.1
2026-03-09 14:17:25.223Z,3.2847,3.2957,100,100,33.4
2026-03-09 14:17:26.248Z,3.2809,3.2925,100,100,35.3
2026-03-09 14:17:27.047Z,3.2778,3.2894,100,100,35.3
2026-03-09 14:17:28.806Z,3.2742,3.2878,100,100,41.5
2026-03-09 14:17:29.093Z,3.2691,3.2829,100,100,42.1
2026-03-09 14:17:30.020Z,3.2663,3.2799,100,100,41.6
2026-03-09 14:17:31.790Z,3.2629,3.2765,100,100,41.6
2026-03-09 14:17:32.891Z,3.2614,3.2720,100,100,32.4
2026-03-09 14:17:33.091Z,3.2568,3.2704,100,100,41.7
2026-03-09 14:17:34.080Z,3.2569,3.2663,100,100,28.8
2026-03-09 14:17:35.658Z,3.2526,3.2640,100,100,35.0
2026-03-09 14:17:36.449Z,3.2524,3.2622,100,100,30.1
2026-03-09 14:17:37.279Z,3.2514,3.2620,100,100,32.5
2026-03-09 14:17:38.113Z,3.2487,3.2611,100,100,38.1
2026-03-09 14:17:39.547Z,3.2498,3.2618,100,100,36.9
2026-03-09 14:17:40.131Z,3.2503,3.2615,100,100,34.4
2026-03-09 14:17:41.779Z,3.2516,3.2634,100,100,36.2
2026-03-09 14:17:42.385Z,3.2528,3.2636,100,100,33.1
2026-03-09 14:17:43.584Z,3.2529,3.2649,100,100,36.8
2026-03-09 14:17:44.482Z,3.2545,3.2669,100,100,38.0
2026-03-09 14:17:45.226Z,3.2548,3.2662,100,100,35.0
2026-03-09 14:17:46.761Z,3.2555,3.2683,100,100,39.2
2026-03-09 14:17:47.634Z,3.2547,3.2673,100,100,38.6
2026-03-09 14:17:48.540Z,3.2557,3.2653,100,100,29.4
2026-03-09 14:17:49.443Z,3.2549,3.2645,100,100,29.5
2026-03-09 14:17:50.622Z,3.2543,3.2661,100,100,36.2
2026-03-09 14:17:51.283Z,3.2554,3.2642,100,100,27.0
2026-03-09 14:17:52.034Z,3.2534,3.2646,100,100,34.4
2026-03-09 14:17:53.400Z,3.2522,3.2630,100,100,33.2
2026-03-09 14:17:54.585Z,3.2521,3.2615,100,100,28.9
2026-03-09 14:17:55.178Z,3.2528,3.2616,100,100,27.0
2026-03-09 14:17:56.864Z,3.2513,3.2617,100,100,31.9
2026-03-09 14:17:57.879Z,3.2504,3.2618,100,100,35.0
2026-03-09 14:17:58.498Z,3.2500,3.2606,100,100,32.6
2026-03-09 14:17:59.802Z,3.2510,3.2600,100,100,27.6
2026-03-09 14:18:00.549Z,3.3008,3.3092,100,100,25.4
2026-03-09 14:18:01.146Z,3.2998,3.3108,100,100,33.3
2026-03-09 14:18:02.075Z,3.2996,3.3096,100,100,30.3
2026-03-09 14:18:03.295Z,3.2990,3.3108,100,100,35.7
2026-03-09 14:18:04.726Z,3.3013,3.3099,100,100,26.0
2026-03-09 14:18:05.779Z,3.3012,3.3098,100,100,26.0
2026-03-09 14:18:06.691Z,3.2990,3.3112,100,100,36.9
2026-03-09 14:18:07.574Z,3.3006,3.3108,100,100,30.9
2026-03-09 14:18:08.142Z,3.2997,3.3091,100,100,28.4
2026-03-09 14:18:09.744Z,3.2998,3.3114,100,100,35.1
2026-03-09 14:18:10.028Z,3.3011,3.3103,100,100,27.8
2026-03-09 14:18:11.487Z,3.3000,3.3104,100,100,31.5
2026-03-09 14:18:12.027Z,3.3012,3.3100,100,100,26.6
2026-03-09 14:18:13.089Z,3.2993,3.3109,100,100,35.1
2026-03-09 14:18:14.778Z,3.3001,3.3093,100,100,27.8
2026-03-09 14:18:15.561Z,3.3003,3.3109,100,100,32.1
2026-03-09 14:18:16.105Z,3.2991,3.3097,100,100,32.1
2026-03-09 14:18:17.430Z,3.2987,3.3101,100,100,34.5
2026-03-09 14:18:18.090Z,3.3008,3.3098,100,100,27.2
2026-03-09 14:18:19.886Z,3.3001,3.3119,100,100,35.7
2026-03-09 14:18:20.888Z,3.3005,3.3121,100,100,35.1
2026-03-09 14:18:21.686Z,3.3011,3.3113,100,100,30.9
2026-03-09 14:18:22.895Z,3.3012,3.3134,100,100,36.9
2026-03-09 14:18:23.486Z,3.3021,3.3141,100,100,36.3
2026-03-09 14:18:24.244Z,3.3039,3.3147,100,100,32.6
2026-03-09 14:18:25.647Z,3.3064,3.3176,100,100,33.8
2026-03-09 14:18:26.700Z,3.3085,3.3177,100,100,27.8
2026-03-09 14:18:27.221Z,3.3098,3.3182,100,100,25.3
2026-03-09 14:18:28.837Z,3.3109,3.3231,100,100,36.8
2026-03-09 14:18:29.186Z,3.3135,3.3239,100,100,31.3
2026-03-09 14:18:30.101Z,3.3129,3.3245,100,100,35.0
2026-03-09 14:18:31.379Z,3.3149,3.3279,100,100,39.1
2026-03-09 14:18:32.255Z,3.3179,3.3281,100,100,30.7
2026-03-09 14:18:33.726Z,3.3186,3.3300,100,100,34.3
2026-03-09 14:18:34.485Z,3.3195,3.3311,100,100,34.9
2026-03-09 14:18:35.549Z,3.3206,3.3322,100,100,34.9
2026-03-09 14:18:36.311Z,3.3223,3.3327,100,100,31.3
2026-03-09 14:18:37.769Z,3.3234,3.3326,128,100,27.6
2026-03-09 14:18:38.358Z,3.3220,3.3318,100,118,29.5
2026-03-09 14:18:39.518Z,3.3234,3.3332,100,100,29.4
2026-03-09 14:18:40.474Z,3.3214,3.3318,100,106,31.3
2026-03-09 14:18:41.330Z,3.3225,3.3311,100,100,25.9
2026-03-09 14:18:42.603Z,3.3213,3.3305,100,100,27.7
2026-03-09 14:18:43.737Z,3.3213,3.3319,100,100,31.9
2026-03-09 14:18:44.526Z,3.3202,3.3320,100,100,35.5
2026-03-09 14:18:45.175Z,3.3201,3.3315,100,100,34.3
2026-03-09 14:18:46.293Z,3.3201,3.3305,100,100,31.3
2026-03-09 14:18:47.870Z,3.3209,3.3295,100,100,25.9
2026-03-09 14:18:48.671Z,3.3203,3.3313,100,100,33.1
2026-03-09 14:18:49.180Z,3.3212,3.3300,100,100,26.5
2026-03-09 14:18:50.028Z,3.3213,3.3295,100,100,24.7
2026-03-09 14:18:51.573Z,3.3202,3.3310,100,100,32.5
2026-03-09 14:18:52.487Z,3.3202,3.3316,100,100,34.3
2026-03-09 14:18:53.116Z,3.3215,3.3305,100,100,27.1
2026-03-09 14:18:54.611Z,3.3222,3.3314,100,100,27.7
2026-03-09 14:18:55.844Z,3.3222,3.3322,100,100,30.1
2026-03-09 14:18:56.000Z,3.3223,3.3317,100,100,28.3
2026-03-09 14:18:57.256Z,3.3225,3.3313,100,100,26.5
2026-03-09 14:18:58.273Z,3.3216,3.3332,100,100,34.9
2026-03-09 14:18:59.838Z,3.3221,3.3331,100,100,33.1
2026-03-09 14:27:00.786Z,3.2643,3.2757,100,100,34.9
2026-03-09 14:27:01.381Z,3.2648,3.2736,100,100,26.9
2026-03-09 14:27:02.713Z,3.2651,3.2739,100,100,26.9
2026-03-09 14:27:03.692Z,3.2653,3.2757,100,100,31.8
2026-03-09 14:27:04.169Z,3.2647,3.2763,100,100,35.5
2026-03-09 14:27:05.863Z,3.2664,3.2748,100,100,25.7
2026-03-09 14:27:06.296Z,3.2662,3.2746,100,100,25.7
2026-03-09 14:27:07.586Z,3.2661,3.2755,100,100,28.7
2026-03-09 14:27:08.331Z,3.2636,3.2754,100,100,36.1
2026-03-09 14:27:09.257Z,3.2654,3.2740,100,100,26.3
2026-03-09 14:27:10.630Z,3.2639,3.2753,100,100,34.9
2026-03-09 14:27:11.865Z,3.2647,3.2757,100,100,33.6
2026-03-09 14:27:12.322Z,3.2655,3.2759,100,100,31.8
2026-03-09 14:27:13.662Z,3.2634,3.2756,100,100,37.3
2026-03-09 14:27:14.418Z,3.2649,3.2761,100,100,34.2
2026-03-09 14:27:15.377Z,3.2650,3.2738,100,100,26.9
2026-03-09 14:27:16.740Z,3.2641,3.2755,100,100,34.9
2026-03-09 14:27:17.431Z,3.2647,3.2745,100,100,30.0
2026-03-09 14:27:18.005Z,3.2653,3.2761,100,100,33.0
2026-03-09 14:27:19.730Z,3.2631,3.2755,100,100,37.9
2026-03-09 14:27:20.385Z,3.2644,3.2744,100,100,30.6
2026-03-09 14:27:21.042Z,3.2645,3.2759,100,100,34.9
2026-03-09 14:27:22.803Z,3.2649,3.2767,100,100,36.1
2026-03-09 14:27:23.513Z,3.2656,3.2756,100,100,30.6
2026-03-09 14:27:24.271Z,3.2661,3.2749,100,100,26.9
2026-03-09 14:27:25.798Z,3.2641,3.2747,100,100,32.4
2026-03-09 14:27:26.452Z,3.2645,3.2761,100,100,35.5
2026-03-09 14:27:27.319Z,3.2638,3.2752,100,100,34.9
2026-03-09 14:27:28.674Z,3.2639,3.2751,100,100,34.3
2026-03-09 14:27:29.105Z,3.2644,3.2768,100,100,37.9
2026-03-09 14:27:30.298Z,3.2653,3.2747,100,100,28.7
2026-03-09 14:27:31.209Z,3.2648,3.2742,100,100,28.8
2026-03-09 14:27:32.471Z,3.2650,3.2744,100,100,28.7
2026-03-09 14:27:33.107Z,3.2664,3.2752,100,100,26.9
2026-03-09 14:27:34.740Z,3.2649,3.2737,100,100,26.9
2026-03-09 14:27:35.443Z,3.2643,3.2741,100,100,30.0
2026-03-09 14:27:36.841Z,3.2651,3.2751,100,100,30.6
2026-03-09 14:27:37.197Z,3.2646,3.2758,100,100,34.2
2026-03-09 14:27:38.048Z,3.2653,3.2747,100,100,28.7
2026-03-09 14:27:39.378Z,3.2637,3.2757,100,100,36.7
2026-03-09 14:27:40.016Z,3.2657,3.2741,100,100,25.7
2026-03-09 14:27:41.266Z,3.2643,3.2743,100,100,30.6
2026-03-09 14:27:42.713Z,3.2650,3.2746,100,100,29.4
2026-03-09 14:27:43.106Z,3.2653,3.2763,100,100,33.6
2026-03-09 14:27:44.296Z,3.2654,3.2748,100,100,28.7
2026-03-09 14:27:45.443Z,3.2657,3.2753,100,100,29.4
2026-03-09 14:27:46.489Z,3.2639,3.2751,100,100,34.3
2026-03-09 14:27:47.761Z,3.2660,3.2744,100,100,25.7
2026-03-09 14:27:48.716Z,3.2633,3.2755,100,100,37.3
2026-03-09 14:27:49.639Z,3.2644,3.2760,100,100,35.5
2026-03-09 14:27:50.708Z,3.2651,3.2741,100,100,27.5
2026-03-09 14:27:51.660Z,3.2641,3.2761,100,100,36.7
2026-03-09 14:27:52.842Z,3.2650,3.2764,100,100,34.9
2026-03-09 14:27:53.118Z,3.2651,3.2763,100,100,34.2
2026-03-09 14:27:54.073Z,3.2647,3.2767,100,100,36.7
2026-03-09 14:27:55.355Z,3.2658,3.2748,100,100,27.5
2026-03-09 14:27:56.618Z,3.2635,3.2749,100,100,34.9
2026-03-09 14:27:57.312Z,3.2651,3.2745,100,100,28.7
2026-03-09 14:27:58.809Z,3.2643,3.2741,100,100,30.0
2026-03-09 14:27:59.019Z,3.2647,3.2753,100,100,32.4
2026-03-09 14:47:00.634Z,3.3341,3.3437,100,100,28.8
2026-03-09 14:47:01.282Z,3.3344,3.3444,100,100,29.9
2026-03-09 14:47:02.899Z,3.3329,3.3447,100,100,35.3
2026-03-09 14:47:03.488Z,3.3346,3.3442,100,100,28.7
2026-03-09 14:47:04.694Z,3.3338,3.3448,100,100,32.9
2026-03-09 14:47:05.322Z,3.3335,3.3437,100,100,30.6
2026-03-09 14:47:06.417Z,3.3324,3.3440,100,100,34.7
2026-03-09 14:47:07.644Z,3.3332,3.3458,100,100,37.7
2026-03-09 14:47:08.195Z,3.3330,3.3450,100,100,35.9
2026-03-09 14:47:09.291Z,3.3341,3.3453,100,100,33.5
2026-03-09 14:47:10.571Z,3.3336,3.3432,100,100,28.8
2026-03-09 14:47:11.851Z,3.3337,3.3443,100,100,31.7
2026-03-09 14:47:12.779Z,3.3348,3.3436,100,100,26.4
2026-03-09 14:47:13.133Z,3.3328,3.3440,100,100,33.5
2026-03-09 14:47:14.515Z,3.3337,3.3449,100,100,33.5
2026-03-09 14:47:15.745Z,3.3330,3.3448,100,100,35.3
2026-03-09 14:47:16.567Z,3.3347,3.3443,100,100,28.7
2026-03-09 14:47:17.182Z,3.3345,3.3439,100,100,28.2
2026-03-09 14:47:18.127Z,3.3339,3.3451,100,100,33.5
2026-03-09 14:47:19.053Z,3.3319,3.3445,100,100,37.7
2026-03-09 14:47:20.562Z,3.3338,3.3430,100,100,27.6
2026-03-09 14:47:21.864Z,3.3338,3.3434,100,100,28.8
2026-03-09 14:47:22.040Z,3.3333,3.3457,100,100,37.1
2026-03-09 14:47:23.483Z,3.3335,3.3449,100,100,34.1
2026-03-09 14:47:24.739Z,3.3349,3.3439,100,100,27.0
2026-03-09 14:47:25.751Z,3.3339,3.3441,100,100,30.5
2026-03-09 14:47:26.770Z,3.3350,3.3436,100,100,25.8
2026-03-09 14:47:27.307Z,3.3340,3.3446,100,100,31.7
2026-03-09 14:47:28.750Z,3.3339,3.3451,100,100,33.5
2026-03-09 14:47:29.150Z,3.3321,3.3441,100,100,35.9
2026-03-09 14:47:30.231Z,3.3346,3.3442,100,100,28.7
2026-03-09 14:47:31.375Z,3.3335,3.3439,100,100,31.1
2026-03-09 14:47:32.411Z,3.3346,3.3448,100,100,30.5
2026-03-09 14:47:33.822Z,3.3321,3.3445,100,100,37.1
2026-03-09 14:47:34.776Z,3.3344,3.3428,100,100,25.2
2026-03-09 14:47:35.039Z,3.3334,3.3436,100,100,30.6
2026-03-09 14:47:36.039Z,3.3346,3.3430,100,100,25.2
2026-03-09 14:47:37.550Z,3.3331,3.3439,100,100,32.3
2026-03-09 14:47:38.756Z,3.3334,3.3448,100,100,34.1
2026-03-09 14:47:39.383Z,3.3349,3.3445,100,100,28.7
2026-03-09 14:47:40.226Z,3.3349,3.3433,100,100,25.2
2026-03-09 14:47:41.152Z,3.3321,3.3445,100,100,37.1
2026-03-09 14:47:42.775Z,3.3346,3.3430,100,100,25.2
2026-03-09 14:47:43.350Z,3.3350,3.3442,100,100,27.5
2026-03-09 14:47:44.222Z,3.3322,3.3446,100,100,37.1
2026-03-09 14:47:45.092Z,3.3332,3.3452,100,100,35.9
2026-03-09 14:47:46.644Z,3.3324,3.3446,100,100,36.5
2026-03-09 14:47:47.008Z,3.3338,3.3428,100,100,27.0
2026-03-09 14:47:48.564Z,3.3331,3.3441,100,100,32.9
2026-03-09 14:47:49.719Z,3.3323,3.3441,100,100,35.3
2026-03-09 14:47:50.176Z,3.3332,3.3440,100,100,32.3
2026-03-09 14:47:51.291Z,3.3344,3.3434,100,100,27.0
2026-03-09 14:47:52.266Z,3.3339,3.3431,100,100,27.6
2026-03-09 14:47:53.827Z,3.3343,3.3445,100,100,30.5
2026-03-09 14:47:54.143Z,3.3344,3.3428,100,100,25.2
2026-03-09 14:47:55.497Z,3.3334,3.3430,100,100,28.8
2026-03-09 14:47:56.176Z,3.3349,3.3443,100,100,28.1
2026-03-09 14:47:57.073Z,3.3336,3.3450,100,100,34.1
2026-03-09 14:47:58.731Z,3.3333,3.3429,100,100,28.8
2026-03-09 14:47:59.326Z,3.3330,3.3448,100,100,35.3
2026-03-09 14:49:00.557Z,3.2559,3.2669,100,100,33.7
2026-03-09 14:49:01.825Z,3.2560,3.2676,100,100,35.6
2026-03-09 14:49:02.371Z,3.2571,3.2667,100,100,29.4
2026-03-09 14:49:03.371Z,3.2547,3.2671,100,100,38.0
2026-03-09 14:49:04.058Z,3.2556,3.2662,100,100,32.5
2026-03-09 14:49:05.193Z,3.2578,3.2666,100,100,27.0
2026-03-09 14:49:06.620Z,3.2562,3.2676,100,100,34.9
2026-03-09 14:49:07.505Z,3.2575,3.2669,100,100,28.8
2026-03-09 14:49:08.826Z,3.2565,3.2677,100,100,34.3
2026-03-09 14:49:09.107Z,3.2547,3.2667,100,100,36.8
2026-03-09 14:49:10.818Z,3.2561,3.2681,100,100,36.8
2026-03-09 14:49:11.887Z,3.2561,3.2679,100,100,36.2
2026-03-09 14:49:12.780Z,3.2563,3.2655,100,100,28.2
2026-03-09 14:49:13.527Z,3.2551,3.2665,100,100,35.0
2026-03-09 14:49:14.078Z,3.2554,3.2664,100,100,33.7
2026-03-09 14:49:15.270Z,3.2568,3.2666,100,100,30.0
2026-03-09 14:49:16.376Z,3.2552,3.2666,100,100,35.0
2026-03-09 14:49:17.783Z,3.2556,3.2670,100,100,35.0
2026-03-09 14:49:18.548Z,3.2547,3.2667,100,100,36.8
2026-03-09 14:49:19.679Z,3.2564,3.2676,100,100,34.3
2026-03-09 14:49:20.265Z,3.2578,3.2660,100,100,25.1
2026-03-09 14:49:21.140Z,3.2561,3.2663,100,100,31.3
2026-03-09 14:49:22.560Z,3.2555,3.2659,100,100,31.9
2026-03-09 14:49:23.103Z,3.2574,3.2666,100,100,28.2
2026-03-09 14:49:24.697Z,3.2579,3.2661,100,100,25.1
2026-03-09 14:49:25.139Z,3.2568,3.2660,100,100,28.2
2026-03-09 14:49:26.614Z,3.2558,3.2656,100,100,30.1
2026-03-09 14:49:27.318Z,3.2563,3.2677,100,100,34.9
2026-03-09 14:49:28.382Z,3.2564,3.2670,100,100,32.5
2026-03-09 14:49:29.067Z,3.2565,3.2649,100,100,25.8
2026-03-09 14:49:30.552Z,3.2574,3.2670,100,100,29.4
2026-03-09 14:49:31.222Z,3.2555,3.2659,100,100,31.9
2026-03-09 14:49:32.811Z,3.2576,3.2662,100,100,26.4
2026-03-09 14:49:33.247Z,3.2578,3.2662,100,100,25.8
2026-03-09 14:49:34.406Z,3.2566,3.2656,100,100,27.6
2026-03-09 14:49:35.156Z,3.2554,3.2668,100,100,35.0
2026-03-09 14:49:36.131Z,3.2566,3.2656,100,100,27.6
2026-03-09 14:49:37.400Z,3.2569,3.2671,100,100,31.3
2026-03-09 14:49:38.830Z,3.2562,3.2678,100,100,35.6
2026-03-09 14:49:39.341Z,3.2577,3.2663,100,100,26.4
2026-03-09 14:49:40.006Z,3.2560,3.2678,100,100,36.2
2026-03-09 14:49:41.408Z,3.2575,3.2663,100,100,27.0
2026-03-09 14:49:42.379Z,3.2563,3.2663,100,100,30.7
2026-03-09 14:49:43.585Z,3.2557,3.2679,100,100,37.4
2026-03-09 14:49:44.765Z,3.2570,3.2652,100,100,25.1
2026-03-09 14:49:45.488Z,3.2568,3.2656,100,100,27.0
2026-03-09 14:49:46.019Z,3.2563,3.2673,100,100,33.7
2026-03-09 14:49:47.178Z,3.2564,3.2680,100,100,35.6
2026-03-09 14:49:48.198Z,3.2554,3.2664,100,100,33.7
2026-03-09 14:49:49.443Z,3.2564,3.2654,100,100,27.6
2026-03-09 14:49:50.356Z,3.2557,3.2659,100,100,31.3
2026-03-09 14:49:51.005Z,3.2557,3.2679,100,100,37.4
2026-03-09 14:49:52.220Z,3.2573,3.2667,100,100,28.8
2026-03-09 14:49:53.684Z,3.2567,3.2661,100,100,28.8
2026-03-09 14:49:54.716Z,3.2555,3.2675,100,100,36.8
2026-03-09 14:49:55.242Z,3.2570,3.2658,100,100,27.0
2026-03-09 14:49:56.273Z,3.2569,3.2665,100,100,29.4
2026-03-09 14:49:57.434Z,3.2566,3.2676,100,100,33.7
2026-03-09 14:49:58.256Z,3.2560,3.2662,100,100,31.3
2026-03-09 14:49:59.802Z,3.2559,3.2669,100,100,33.7
2026-03-09 14:55:00.431Z,3.3108,3.3192,100,100,25.3
2026-03-09 14:55:01.831Z,3.3102,3.3186,100,100,25.3
2026-03-09 14:55:02.583Z,3.3092,3.3214,100,100,36.8
2026-03-09 14:55:03.201Z,3.3104,3.3194,100,100,27.2
2026-03-09 14:55:04.683Z,3.3102,3.3190,100,100,26.5
2026-03-09 14:55:05.323Z,3.3088,3.3204,100,100,35.0
2026-03-09 14:55:06.628Z,3.3093,3.3203,100,100,33.2
2026-03-09 14:55:07.146Z,3.3107,3.3205,100,100,29.6
2026-03-09 14:55:08.783Z,3.3107,3.3203,100,100,29.0
2026-03-09 14:55:09.362Z,3.3103,3.3189,100,100,25.9
2026-03-09 14:55:10.171Z,3.3104,3.3202,100,100,29.6
2026-03-09 14:55:11.260Z,3.3111,3.3201,100,100,27.1
2026-03-09 14:55:12.008Z,3.3104,3.3200,100,100,29.0
2026-03-09 14:55:13.842Z,3.3100,3.3212,100,100,33.8
2026-03-09 14:55:14.785Z,3.3105,3.3193,100,100,26.5
2026-03-09 14:55:15.330Z,3.3101,3.3195,100,100,28.4
2026-03-09 14:55:16.257Z,3.3092,3.3196,100,100,31.4
2026-03-09 14:55:17.305Z,3.3085,3.3203,100,100,35.6
2026-03-09 14:55:18.839Z,3.3086,3.3200,100,100,34.4
2026-03-09 14:55:19.482Z,3.3100,3.3204,100,100,31.4
2026-03-09 14:55:20.594Z,3.3110,3.3192,100,100,24.7
2026-03-09 14:55:21.070Z,3.3091,3.3201,100,100,33.2
2026-03-09 14:55:22.850Z,3.3106,3.3198,100,100,27.8
2026-03-09 14:55:23.418Z,3.3103,3.3193,100,100,27.2
2026-03-09 14:55:24.003Z,3.3097,3.3209,100,100,33.8
2026-03-09 14:55:25.039Z,3.3113,3.3197,100,100,25.3
2026-03-09 14:55:26.801Z,3.3090,3.3212,100,100,36.8
2026-03-09 14:55:27.220Z,3.3092,3.3198,100,100,32.0
2026-03-09 14:55:28.590Z,3.3099,3.3203,100,100,31.4
2026-03-09 14:55:29.634Z,3.3110,3.3204,100,100,28.3
2026-03-09 14:55:30.276Z,3.3104,3.3210,100,100,32.0
2026-03-09 14:55:31.820Z,3.3090,3.3202,100,100,33.8
2026-03-09 14:55:32.007Z,3.3104,3.3200,100,100,29.0
2026-03-09 14:55:33.850Z,3.3102,3.3202,100,100,30.2
2026-03-09 14:55:34.785Z,3.3094,3.3212,100,100,35.6
2026-03-09 14:55:35.421Z,3.3096,3.3212,100,100,35.0
2026-03-09 14:55:36.697Z,3.3105,3.3207,100,100,30.8
2026-03-09 14:55:37.215Z,3.3097,3.3217,100,100,36.2
2026-03-09 14:55:38.537Z,3.3092,3.3198,100,100,32.0
2026-03-09 14:55:39.311Z,3.3096,3.3202,100,100,32.0
2026-03-09 14:55:40.183Z,3.3092,3.3200,100,100,32.6
2026-03-09 14:55:41.337Z,3.3092,3.3196,100,100,31.4
2026-03-09 14:55:42.034Z,3.3102,3.3186,100,100,25.3
2026-03-09 14:55:43.416Z,3.3092,3.3192,100,100,30.2
2026-03-09 14:55:44.877Z,3.3095,3.3213,100,100,35.6
2026-03-09 14:55:45.350Z,3.3096,3.3202,100,100,32.0
2026-03-09 14:55:46.793Z,3.3101,3.3209,100,100,32.6
2026-03-09 14:55:47.124Z,3.3092,3.3202,100,100,33.2
2026-03-09 14:55:48.594Z,3.3106,3.3192,100,100,25.9
2026-03-09 14:55:49.456Z,3.3096,3.3200,100,100,31.4
2026-03-09 14:55:50.785Z,3.3091,3.3197,100,100,32.0
2026-03-09 14:55:51.382Z,3.3091,3.3211,100,100,36.2
2026-03-09 14:55:52.697Z,3.3088,3.3208,100,100,36.2
2026-03-09 14:55:53.389Z,3.3101,3.3201,100,100,30.2
2026-03-09 14:55:54.714Z,3.3088,3.3198,100,100,33.2
2026-03-09 14:55:55.743Z,3.3099,3.3199,100,100,30.2
2026-03-09 14:55:56.725Z,3.3108,3.3192,100,100,25.3
2026-03-09 14:55:57.238Z,3.3090,3.3202,100,100,33.8
2026-03-09 14:55:58.208Z,3.3102,3.3206,100,100,31.4
2026-03-09 14:55:59.624Z,3.3100,3.3200,100,100,30.2
2026-03-09 15:01:00.599Z,3.3251,3.3369,100,100,35.4
2026-03-09 15:01:01.471Z,3.3258,3.3364,100,100,31.8
2026-03-09 15:01:02.192Z,3.3274,3.3358,100,100,25.2
2026-03-09 15:01:03.600Z,3.3242,3.3368,100,100,37.8
2026-03-09 15:01:04.374Z,3.3243,3.3361,100,100,35.4
2026-03-09 15:01:05.653Z,3.3248,3.3364,100,100,34.8
2026-03-09 15:01:06.197Z,3.3263,3.3349,100,100,25.8
2026-03-09 15:01:07.689Z,3.3271,3.3361,100,100,27.0
2026-03-09 15:01:08.223Z,3.3267,3.3369,100,100,30.6
2026-03-09 15:01:09.272Z,3.3258,3.3362,100,100,31.2
2026-03-09 15:01:10.561Z,3.3263,3.3355,100,100,27.6
2026-03-09 15:01:11.692Z,3.3260,3.3366,100,100,31.8
2026-03-09 15:01:12.621Z,3.3264,3.3352,100,100,26.4
2026-03-09 15:01:13.066Z,3.3268,3.3358,100,100,27.0
2026-03-09 15:01:14.476Z,3.3252,3.3362,100,100,33.0
2026-03-09 15:01:15.811Z,3.3249,3.3363,100,100,34.2
2026-03-09 15:01:16.223Z,3.3253,3.3375,100,100,36.6
2026-03-09 15:01:17.820Z,3.3258,3.3360,100,100,30.6
2026-03-09 15:01:18.136Z,3.3267,3.3359,100,100,27.6
2026-03-09 15:01:19.101Z,3.3248,3.3358,100,100,33.0
2026-03-09 15:01:20.103Z,3.3257,3.3365,100,100,32.4
2026-03-09 15:01:21.845Z,3.3260,3.3356,100,100,28.8
2026-03-09 15:01:22.856Z,3.3250,3.3358,100,100,32.4
2026-03-09 15:01:23.691Z,3.3250,3.3364,100,100,34.2
2026-03-09 15:01:24.528Z,3.3267,3.3367,100,100,30.0
2026-03-09 15:01:25.229Z,3.3259,3.3359,100,100,30.0
2026-03-09 15:01:26.265Z,3.3268,3.3354,100,100,25.8
2026-03-09 15:01:27.573Z,3.3264,3.3350,100,100,25.8
2026-03-09 15:01:28.504Z,3.3259,3.3357,100,100,29.4
2026-03-09 15:01:29.464Z,3.3253,3.3359,100,100,31.8
2026-03-09 15:01:30.296Z,3.3272,3.3356,100,100,25.2
2026-03-09 15:01:31.649Z,3.3254,3.3358,100,100,31.2
2026-03-09 15:01:32.498Z,3.3260,3.3356,100,100,28.8
2026-03-09 15:01:33.757Z,3.3260,3.3364,100,100,31.2
2026-03-09 15:01:34.582Z,3.3266,3.3354,100,100,26.4
2026-03-09 15:01:35.144Z,3.3262,3.3346,100,100,25.2
2026-03-09 15:01:36.584Z,3.3261,3.3363,100,100,30.6
2026-03-09 15:01:37.230Z,3.3258,3.3352,100,100,28.2
2026-03-09 15:01:38.124Z,3.3247,3.3365,100,100,35.4
2026-03-09 15:01:39.155Z,3.3256,3.3362,100,100,31.8
2026-03-09 15:01:40.892Z,3.3254,3.3354,100,100,30.0
2026-03-09 15:01:41.143Z,3.3274,3.3360,100,100,25.8
2026-03-09 15:01:42.608Z,3.3267,3.3355,100,100,26.4
2026-03-09 15:01:43.095Z,3.3255,3.3373,100,100,35.4
2026-03-09 15:01:44.509Z,3.3246,3.3360,100,100,34.2
2026-03-09 15:01:45.623Z,3.3262,3.3342,100,100,24.0
2026-03-09 15:01:46.497Z,3.3259,3.3371,100,100,33.6
2026-03-09 15:01:47.202Z,3.3259,3.3357,100,100,29.4
2026-03-09 15:01:48.204Z,3.3253,3.3363,100,100,33.0
2026-03-09 15:01:49.883Z,3.3246,3.3364,100,100,35.4
2026-03-09 15:01:50.236Z,3.3259,3.3359,100,100,30.0
2026-03-09 15:01:51.254Z,3.3253,3.3359,100,100,31.8
2026-03-09 15:01:52.129Z,3.3272,3.3358,100,100,25.8
2026-03-09 15:01:53.040Z,3.3259,3.3377,100,100,35.4
2026-03-09 15:01:54.664Z,3.3270,3.3354,100,100,25.2
2026-03-09 15:01:55.738Z,3.3260,3.3350,100,100,27.0
2026-03-09 15:01:56.711Z,3.3257,3.3361,100,100,31.2
2026-03-09 15:01:57.096Z,3.3250,3.3370,100,100,36.0
2026-03-09 15:01:58.545Z,3.3258,3.3354,100,100,28.8
2026-03-09 15:01:59.155Z,3.3259,3.3361,100,100,30.6
2026-03-09 16:45:00.202Z,3.3698,3.3802,100,100,30.8
2026-03-09 16:45:01.152Z,3.3705,3.3795,100,100,26.7
2026-03-09 16:45:02.221Z,3.3689,3.3799,100,100,32.6
2026-03-09 16:45:03.783Z,3.3687,3.3803,100,100,34.4
2026-03-09 16:45:04.120Z,3.3682,3.3802,100,100,35.6
2026-03-09 16:45:05.036Z,3.3699,3.3815,100,100,34.4
2026-03-09 16:45:06.343Z,3.3693,3.3805,100,100,33.2
2026-03-09 16:45:07.654Z,3.3693,3.3801,100,100,32.0
2026-03-09 16:45:08.439Z,3.3694,3.3792,100,100,29.0
2026-03-09 16:45:09.365Z,3.3691,3.3799,100,100,32.0
2026-03-09 16:45:10.578Z,3.3697,3.3787,100,100,26.7
2026-03-09 16:45:11.240Z,3.3697,3.3791,100,100,27.9
2026-03-09 16:45:12.412Z,3.3692,3.3806,100,100,33.8
2026-03-09 16:45:13.513Z,3.3702,3.3802,100,100,29.6
2026-03-09 16:45:14.184Z,3.3687,3.3805,100,100,35.0
2026-03-09 16:45:15.655Z,3.3713,3.3799,100,100,25.5
2026-03-09 16:45:16.350Z,3.3699,3.3813,100,100,33.8
2026-03-09 16:45:17.137Z,3.3687,3.3807,100,100,35.6
2026-03-09 16:45:18.375Z,3.3700,3.3786,100,100,25.5
2026-03-09 16:45:19.640Z,3.3701,3.3793,100,100,27.3
2026-03-09 16:45:20.859Z,3.3690,3.3804,100,100,33.8
2026-03-09 16:45:21.696Z,3.3708,3.3790,100,100,24.3
2026-03-09 16:45:22.177Z,3.3697,3.3787,100,100,26.7
2026-03-09 16:45:23.540Z,3.3704,3.3792,100,100,26.1
2026-03-09 16:45:24.618Z,3.3697,3.3789,100,100,27.3
2026-03-09 16:45:25.102Z,3.3699,3.3817,100,100,35.0
2026-03-09 16:45:26.410Z,3.3699,3.3813,100,100,33.8
2026-03-09 16:45:27.501Z,3.3679,3.3805,100,100,37.3
2026-03-09 16:45:28.117Z,3.3690,3.3804,100,100,33.8
2026-03-09 16:45:29.210Z,3.3684,3.3802,100,100,35.0
2026-03-09 16:45:30.497Z,3.3688,3.3808,100,100,35.6
2026-03-09 16:45:31.655Z,3.3709,3.3805,100,100,28.4
2026-03-09 16:45:32.013Z,3.3699,3.3807,100,100,32.0
2026-03-09 16:45:33.355Z,3.3707,3.3793,100,100,25.5
2026-03-09 16:45:34.608Z,3.3698,3.3786,100,100,26.1
2026-03-09 16:45:35.838Z,3.3699,3.3795,100,100,28.4
2026-03-09 16:45:36.190Z,3.3702,3.3788,100,100,25.5
2026-03-09 16:45:37.490Z,3.3700,3.3796,100,100,28.4
2026-03-09 16:45:38.251Z,3.3697,3.3789,100,100,27.3
2026-03-09 16:45:39.429Z,3.3685,3.3799,100,100,33.8
2026-03-09 16:45:40.082Z,3.3699,3.3789,100,100,26.7
2026-03-09 16:45:41.379Z,3.3695,3.3789,100,100,27.9
2026-03-09 16:45:42.349Z,3.3693,3.3803,100,100,32.6
2026-03-09 16:45:43.792Z,3.3699,3.3797,100,100,29.0
2026-03-09 16:45:44.049Z,3.3701,3.3793,100,100,27.3
2026-03-09 16:45:45.409Z,3.3695,3.3815,100,100,35.6
2026-03-09 16:45:46.065Z,3.3681,3.3803,100,100,36.2
2026-03-09 16:45:47.892Z,3.3694,3.3798,100,100,30.8
2026-03-09 16:45:48.208Z,3.3701,3.3813,100,100,33.2
2026-03-09 16:45:49.561Z,3.3707,3.3799,100,100,27.3
2026-03-09 16:45:50.022Z,3.3696,3.3794,100,100,29.0
2026-03-09 16:45:51.740Z,3.3694,3.3814,100,100,35.6
2026-03-09 16:45:52.502Z,3.3705,3.3811,100,100,31.4
2026-03-09 16:45:53.492Z,3.3713,3.3797,100,100,24.9
2026-03-09 16:45:54.295Z,3.3711,3.3805,100,100,27.8
2026-03-09 16:45:55.362Z,3.3685,3.3803,100,100,35.0
2026-03-09 16:45:56.179Z,3.3692,3.3806,100,100,33.8
2026-03-09 16:45:57.646Z,3.3707,3.3803,100,100,28.4
2026-03-09 16:45:58.123Z,3.3694,3.3792,100,100,29.0
2026-03-09 16:45:59.585Z,3.3694,3.3806,100,100,33.2
2026-03-09 16:46:00.386Z,3.3691,3.3809,100,100,35.0
2026-03-09 16:46:01.451Z,3.3690,3.3810,100,100,35.6
2026-03-09 16:46:02.688Z,3.3706,3.3804,100,100,29.0
2026-03-09 16:46:03.854Z,3.3697,3.3811,100,100,33.8
2026-03-09 16:46:04.438Z,3.3692,3.3794,100,100,30.2
2026-03-09 16:46:05.138Z,3.3703,3.3797,100,100,27.9
2026-03-09 16:46:06.643Z,3.3704,3.3800,100,100,28.4
2026-03-09 16:46:07.530Z,3.3700,3.3804,100,100,30.8
2026-03-09 16:46:08.378Z,3.3699,3.3785,100,100,25.5
2026-03-09 16:46:09.672Z,3.3698,3.3804,100,100,31.4
2026-03-09 16:46:10.053Z,3.3702,3.3790,100,100,26.1
2026-03-09 16:46:11.890Z,3.3683,3.3801,100,100,35.0
2026-03-09 16:46:12.201Z,3.3696,3.3804,100,100,32.0
2026-03-09 16:46:13.365Z,3.3706,3.3804,100,100,29.0
2026-03-09 16:46:14.301Z,3.3692,3.3792,100,100,29.6
2026-03-09 16:46:15.398Z,3.3692,3.3802,100,100,32.6
2026-03-09 16:46:16.575Z,3.3701,3.3809,100,100,32.0
2026-03-09 16:46:17.504Z,3.3705,3.3793,100,100,26.1
2026-03-09 16:46:18.645Z,3.3702,3.3788,100,100,25.5
2026-03-09 16:46:19.734Z,3.3701,3.3791,100,100,26.7
2026-03-09 16:46:20.338Z,3.3702,3.3806,100,100,30.8
2026-03-09 16:46:21.651Z,3.3701,3.3815,100,100,33.8
2026-03-09 16:46:22.296Z,3.3708,3.3794,100,100,25.5
2026-03-09 16:46:23.559Z,3.3697,3.3787,100,100,26.7
2026-03-09 16:46:24.224Z,3.3686,3.3810,100,100,36.7
2026-03-09 16:46:25.222Z,3.3698,3.3810,100,100,33.2
2026-03-09 16:46:26.186Z,3.3707,3.3797,100,100,26.7
2026-03-09 16:46:27.112Z,3.3699,3.3799,100,100,29.6
2026-03-09 16:46:28.712Z,3.3711,3.3795,100,100,24.9
2026-03-09 16:46:29.565Z,3.3696,3.3800,100,100,30.8
2026-03-09 16:46:30.602Z,3.3699,3.3799,100,100,29.6
2026-03-09 16:46:31.351Z,3.3696,3.3794,100,100,29.0
2026-03-09 16:46:32.894Z,3.3701,3.3805,100,100,30.8
2026-03-09 16:46:33.077Z,3.3697,3.3795,100,100,29.0
2026-03-09 16:46:34.122Z,3.3701,3.3793,100,100,27.3
2026-03-09 16:46:35.188Z,3.3696,3.3790,100,100,27.9
2026-03-09 16:46:36.637Z,3.3712,3.3798,100,100,25.5
2026-03-09 16:46:37.643Z,3.3706,3.3796,100,100,26.7
2026-03-09 16:46:38.636Z,3.3704,3.3800,100,100,28.4
2026-03-09 16:46:39.265Z,3.3697,3.3815,100,100,35.0
2026-03-09 16:46:40.231Z,3.3688,3.3802,100,100,33.8
2026-03-09 16:46:41.350Z,3.3705,3.3811,100,100,31.4
2026-03-09 16:46:42.060Z,3.3708,3.3796,100,100,26.1
2026-03-09 16:46:43.850Z,3.3706,3.3798,100,100,27.3
2026-03-09 16:46:44.795Z,3.3699,3.3785,100,100,25.5
2026-03-09 16:46:45.667Z,3.3706,3.3808,100,100,30.2
2026-03-09 16:46:46.298Z,3.3693,3.3791,100,100,29.0
2026-03-09 16:46:47.899Z,3.3695,3.3809,100,100,33.8
2026-03-09 16:46:48.196Z,3.3707,3.3797,100,100,26.7
2026-03-09 16:46:49.532Z,3.3705,3.3791,100,100,25.5
2026-03-09 16:46:50.011Z,3.3708,3.3796,100,100,26.1
2026-03-09 16:46:51.202Z,3.3695,3.3801,100,100,31.4
2026-03-09 16:46:52.001Z,3.3707,3.3795,100,100,26.1
2026-03-09 16:46:53.696Z,3.3692,3.3802,100,100,32.6
2026-03-09 16:46:54.227Z,3.3701,3.3789,100,100,26.1
2026-03-09 16:46:55.557Z,3.3705,3.3793,100,100,26.1
2026-03-09 16:46:56.550Z,3.3705,3.3809,100,100,30.8
2026-03-09 16:46:57.158Z,3.3705,3.3805,100,100,29.6
2026-03-09 16:46:58.367Z,3.3696,3.3798,100,100,30.2
2026-03-09 16:46:59.030Z,3.3706,3.3794,100,100,26.1
2026-03-09 17:04:00.141Z,3.3783,3.3893,100,100,32.5
2026-03-09 17:04:01.029Z,3.3793,3.3899,100,100,31.3
2026-03-09 17:04:02.422Z,3.3773,3.3889,100,100,34.3
2026-03-09 17:04:03.360Z,3.3783,3.3903,100,100,35.5
2026-03-09 17:04:04.062Z,3.3779,3.3897,100,100,34.9
2026-03-09 17:04:05.822Z,3.3789,3.3891,100,100,30.1
2026-03-09 17:04:06.462Z,3.3792,3.3892,100,100,29.5
2026-03-09 17:04:07.552Z,3.3780,3.3900,100,100,35.5
2026-03-09 17:04:08.580Z,3.3781,3.3879,100,100,29.0
2026-03-09 17:04:09.833Z,3.3783,3.3889,100,100,31.3
2026-03-09 17:04:10.881Z,3.3789,3.3879,100,100,26.6
2026-03-09 17:04:11.241Z,3.3777,3.3891,100,100,33.7
2026-03-09 17:04:12.462Z,3.3785,3.3875,100,100,26.6
2026-03-09 17:04:13.876Z,3.3787,3.3889,100,100,30.1
2026-03-09 17:04:14.407Z,3.3775,3.3891,100,100,34.3
2026-03-09 17:04:15.668Z,3.3792,3.3888,100,100,28.4
2026-03-09 17:04:16.324Z,3.3792,3.3876,100,100,24.8
2026-03-09 17:04:17.250Z,3.3778,3.3890,100,100,33.1
2026-03-09 17:04:18.708Z,3.3781,3.3889,100,100,31.9
2026-03-09 17:04:19.412Z,3.3802,3.3890,100,100,26.0
2026-03-09 17:04:20.427Z,3.3780,3.3882,100,100,30.1
2026-03-09 17:04:21.148Z,3.3794,3.3890,100,100,28.4
2026-03-09 17:04:22.854Z,3.3804,3.3888,100,100,24.8
2026-03-09 17:04:23.432Z,3.3788,3.3898,100,100,32.5
2026-03-09 17:04:24.139Z,3.3782,3.3878,100,100,28.4
2026-03-09 17:04:25.693Z,3.3787,3.3879,100,100,27.2
2026-03-09 17:04:26.610Z,3.3787,3.3877,100,100,26.6
2026-03-09 17:04:27.872Z,3.3795,3.3895,100,100,29.5
2026-03-09 17:04:28.020Z,3.3788,3.3886,100,100,29.0
2026-03-09 17:04:29.652Z,3.3776,3.3890,100,100,33.7
2026-03-09 17:04:30.687Z,3.3786,3.3898,100,100,33.1
2026-03-09 17:04:31.218Z,3.3786,3.3894,100,100,31.9
2026-03-09 17:04:32.796Z,3.3792,3.3892,100,100,29.5
2026-03-09 17:04:33.631Z,3.3784,3.3876,100,100,27.2
2026-03-09 17:04:34.105Z,3.3782,3.3904,100,100,36.0
2026-03-09 17:04:35.708Z,3.3780,3.3880,100,100,29.6
2026-03-09 17:04:36.895Z,3.3778,3.3896,100,100,34.9
2026-03-09 17:04:37.886Z,3.3800,3.3886,100,100,25.4
2026-03-09 17:04:38.281Z,3.3792,3.3890,100,100,29.0
2026-03-09 17:04:39.487Z,3.3797,3.3891,100,100,27.8
2026-03-09 17:04:40.514Z,3.3798,3.3894,100,100,28.4
2026-03-09 17:04:41.810Z,3.3791,3.3897,100,100,31.3
2026-03-09 17:04:42.806Z,3.3793,3.3881,100,100,26.0
2026-03-09 17:04:43.014Z,3.3789,3.3871,100,100,24.2
2026-03-09 17:04:44.546Z,3.3789,3.3875,100,100,25.4
2026-03-09 17:04:45.603Z,3.3796,3.3894,100,100,29.0
2026-03-09 17:04:46.414Z,3.3782,3.3890,100,100,31.9
2026-03-09 17:04:47.573Z,3.3784,3.3892,100,100,31.9
2026-03-09 17:04:48.333Z,3.3794,3.3894,100,100,29.5
2026-03-09 17:04:49.159Z,3.3795,3.3883,100,100,26.0
2026-03-09 17:04:50.484Z,3.3793,3.3889,100,100,28.4
2026-03-09 17:04:51.418Z,3.3775,3.3889,100,100,33.7
2026-03-09 17:04:52.545Z,3.3771,3.3891,100,100,35.5
2026-03-09 17:04:53.295Z,3.3796,3.3894,100,100,29.0
2026-03-09 17:04:54.288Z,3.3778,3.3898,100,100,35.5
2026-03-09 17:04:55.149Z,3.3784,3.3906,100,100,36.0
2026-03-09 17:04:56.451Z,3.3780,3.3880,100,100,29.6
2026-03-09 17:04:57.089Z,3.3784,3.3884,100,100,29.6
2026-03-09 17:04:58.834Z,3.3799,3.3887,100,100,26.0
2026-03-09 17:04:59.337Z,3.3782,3.3894,100,100,33.1
2026-03-09 17:20:00.418Z,3.4202,3.4298,100,100,28.0
2026-03-09 17:20:01.636Z,3.4205,3.4293,100,100,25.7
2026-03-09 17:20:02.263Z,3.4186,3.4304,100,100,34.5
2026-03-09 17:20:03.825Z,3.4206,3.4300,100,100,27.4
2026-03-09 17:20:04.861Z,3.4186,3.4306,100,100,35.0
2026-03-09 17:20:05.476Z,3.4199,3.4287,100,100,25.7
2026-03-09 17:20:06.726Z,3.4210,3.4306,100,100,28.0
2026-03-09 17:20:07.858Z,3.4193,3.4311,100,100,34.5
2026-03-09 17:20:08.572Z,3.4203,3.4297,100,100,27.4
2026-03-09 17:20:09.003Z,3.4211,3.4303,100,100,26.9
2026-03-09 17:20:10.231Z,3.4208,3.4300,100,100,26.9
2026-03-09 17:20:11.515Z,3.4194,3.4298,100,100,30.4
2026-03-09 17:20:12.487Z,3.4184,3.4300,100,100,33.9
2026-03-09 17:20:13.066Z,3.4199,3.4293,100,100,27.4
2026-03-09 17:20:14.066Z,3.4210,3.4308,100,100,28.6
2026-03-09 17:20:15.555Z,3.4202,3.4288,100,100,25.1
2026-03-09 17:20:16.294Z,3.4191,3.4311,100,100,35.0
2026-03-09 17:20:17.469Z,3.4203,3.4293,100,100,26.3
2026-03-09 17:20:18.423Z,3.4208,3.4306,100,100,28.6
2026-03-09 17:20:19.730Z,3.4197,3.4307,100,100,32.1
2026-03-09 17:20:20.637Z,3.4211,3.4293,100,100,23.9
2026-03-09 17:20:21.840Z,3.4199,3.4313,100,100,33.3
2026-03-09 17:20:22.505Z,3.4191,3.4301,100,100,32.1
2026-03-09 17:20:23.555Z,3.4203,3.4287,100,100,24.5
2026-03-09 17:20:24.751Z,3.4195,3.4305,100,100,32.1
2026-03-09 17:20:25.669Z,3.4205,3.4305,100,100,29.2
2026-03-09 17:20:26.860Z,3.4194,3.4292,100,100,28.6
2026-03-09 17:20:27.267Z,3.4212,3.4298,100,100,25.1
2026-03-09 17:20:28.659Z,3.4190,3.4306,100,100,33.9
2026-03-09 17:20:29.785Z,3.4190,3.4300,100,100,32.1
2026-03-09 17:20:30.636Z,3.4200,3.4298,100,100,28.6
2026-03-09 17:20:31.031Z,3.4202,3.4294,100,100,26.9
2026-03-09 17:20:32.464Z,3.4194,3.4308,100,100,33.3
2026-03-09 17:20:33.213Z,3.4203,3.4293,100,100,26.3
2026-03-09 17:20:34.536Z,3.4195,3.4317,100,100,35.6
2026-03-09 17:20:35.044Z,3.4201,3.4301,100,100,29.2
2026-03-09 17:20:36.026Z,3.4200,3.4292,100,100,26.9
2026-03-09 17:20:37.482Z,3.4203,3.4289,100,100,25.1
2026-03-09 17:20:38.895Z,3.4204,3.4308,100,100,30.4
2026-03-09 17:20:39.843Z,3.4194,3.4302,100,100,31.5
2026-03-09 17:20:40.575Z,3.4198,3.4310,100,100,32.7
2026-03-09 17:20:41.685Z,3.4201,3.4309,100,100,31.5
2026-03-09 17:20:42.528Z,3.4189,3.4297,100,100,31.5
2026-03-09 17:20:43.233Z,3.4198,3.4286,100,100,25.7
2026-03-09 17:20:44.065Z,3.4198,3.4296,100,100,28.6
2026-03-09 17:20:45.095Z,3.4188,3.4298,100,100,32.1
2026-03-09 17:20:46.428Z,3.4188,3.4304,100,100,33.9
2026-03-09 17:20:47.273Z,3.4206,3.4300,100,100,27.4
2026-03-09 17:20:48.772Z,3.4191,3.4305,100,100,33.3
2026-03-09 17:20:49.389Z,3.4191,3.4309,100,100,34.5
2026-03-09 17:20:50.692Z,3.4184,3.4304,100,100,35.0
2026-03-09 17:20:51.230Z,3.4182,3.4300,100,100,34.5
2026-03-09 17:20:52.041Z,3.4203,3.4297,100,100,27.4
2026-03-09 17:20:53.676Z,3.4199,3.4293,100,100,27.4
2026-03-09 17:20:54.878Z,3.4208,3.4292,100,100,24.5
2026-03-09 17:20:55.242Z,3.4196,3.4308,100,100,32.7
2026-03-09 17:20:56.154Z,3.4189,3.4299,100,100,32.1
2026-03-09 17:20:57.492Z,3.4199,3.4317,100,100,34.4
2026-03-09 17:20:58.348Z,3.4180,3.4308,100,100,37.4
2026-03-09 17:20:59.560Z,3.4208,3.4292,100,100,24.5
2026-03-09 17:23:00.642Z,3.3986,3.4076,100,100,26.4
2026-03-09 17:23:01.733Z,3.3973,3.4081,100,100,31.7
2026-03-09 17:23:02.720Z,3.3980,3.4098,100,100,34.7
2026-03-09 17:23:03.892Z,3.3973,3.4095,100,100,35.8
2026-03-09 17:23:04.655Z,3.3992,3.4080,100,100,25.9
2026-03-09 17:23:05.411Z,3.3990,3.4084,100,100,27.6
2026-03-09 17:23:06.252Z,3.3985,3.4073,100,100,25.9
2026-03-09 17:23:07.788Z,3.3976,3.4096,100,100,35.3
2026-03-09 17:23:08.175Z,3.3971,3.4091,100,100,35.3
2026-03-09 17:23:09.189Z,3.3985,3.4091,100,100,31.1
2026-03-09 17:23:10.744Z,3.3989,3.4077,100,100,25.9
2026-03-09 17:23:11.471Z,3.3967,3.4087,100,100,35.3
2026-03-09 17:23:12.431Z,3.3986,3.4086,100,100,29.4
2026-03-09 17:23:13.624Z,3.3978,3.4080,100,100,30.0
2026-03-09 17:23:14.070Z,3.3981,3.4095,100,100,33.5
2026-03-09 17:23:15.714Z,3.3981,3.4069,100,100,25.9
2026-03-09 17:23:16.826Z,3.3982,3.4074,100,100,27.0
2026-03-09 17:23:17.101Z,3.3971,3.4087,100,100,34.1
2026-03-09 17:23:18.885Z,3.3982,3.4096,100,100,33.5
2026-03-09 17:23:19.734Z,3.3986,3.4082,100,100,28.2
2026-03-09 17:23:20.682Z,3.3970,3.4088,100,100,34.7
2026-03-09 17:23:21.078Z,3.3987,3.4087,100,100,29.4
2026-03-09 17:23:22.431Z,3.4007,3.4093,100,100,25.3
2026-03-09 17:23:23.172Z,3.4005,3.4095,100,100,26.4
2026-03-09 17:23:24.743Z,3.4008,3.4134,100,100,37.0
2026-03-09 17:23:25.346Z,3.4027,3.4137,100,100,32.3
2026-03-09 17:23:26.410Z,3.4042,3.4156,100,100,33.4
2026-03-09 17:23:27.026Z,3.4043,3.4163,100,100,35.2
2026-03-09 17:23:28.639Z,3.4069,3.4153,100,100,24.6
2026-03-09 17:23:29.858Z,3.4078,3.4162,100,100,24.6
2026-03-09 17:23:30.498Z,3.4072,3.4194,100,100,35.7
2026-03-09 17:23:31.812Z,3.4098,3.4206,100,100,31.6
2026-03-09 17:23:32.420Z,3.4103,3.4213,100,100,32.2
2026-03-09 17:23:33.763Z,3.4132,3.4228,100,100,28.1
2026-03-09 17:23:34.243Z,3.4126,3.4240,100,100,33.3
2026-03-09 17:23:35.711Z,3.4133,3.4227,100,100,27.5
2026-03-09 17:23:36.335Z,3.4132,3.4262,100,100,38.0
2026-03-09 17:23:37.533Z,3.4152,3.4256,100,100,30.4
2026-03-09 17:23:38.514Z,3.4162,3.4248,100,100,25.1
2026-03-09 17:23:39.036Z,3.4156,3.4258,100,100,29.8
2026-03-09 17:23:40.720Z,3.4146,3.4244,100,100,28.7
2026-03-09 17:23:41.652Z,3.4154,3.4252,100,100,28.7
2026-03-09 17:23:42.515Z,3.4135,3.4247,100,100,32.8
2026-03-09 17:23:43.422Z,3.4135,3.4245,100,100,32.2
2026-03-09 17:23:44.307Z,3.4127,3.4243,100,100,33.9
2026-03-09 17:23:45.115Z,3.4127,3.4233,100,100,31.0
2026-03-09 17:23:46.242Z,3.4126,3.4252,100,100,36.9
2026-03-09 17:23:47.044Z,3.4151,3.4233,100,100,24.0
2026-03-09 17:23:48.231Z,3.4142,3.4236,100,100,27.5
2026-03-09 17:23:49.832Z,3.4145,3.4241,100,100,28.1
2026-03-09 17:23:50.282Z,3.4136,3.4236,100,100,29.3
2026-03-09 17:23:51.870Z,3.4131,3.4249,100,100,34.5
2026-03-09 17:23:52.131Z,3.4126,3.4246,100,100,35.1
2026-03-09 17:23:53.517Z,3.4146,3.4242,100,100,28.1
2026-03-09 17:23:54.399Z,3.4141,3.4237,100,100,28.1
2026-03-09 17:23:55.021Z,3.4152,3.4252,100,100,29.2
2026-03-09 17:23:56.715Z,3.4143,3.4263,100,100,35.1
2026-03-09 17:23:57.761Z,3.4155,3.4259,100,100,30.4
2026-03-09 17:23:58.128Z,3.4133,3.4251,100,100,34.5
2026-03-09 17:23:59.265Z,3.4155,3.4245,100,100,26.3
2026-03-09 17:26:00.538Z,3.4146,3.4254,100,100,31.6
2026-03-09 17:26:01.439Z,3.4157,3.4239,100,100,24.0
2026-03-09 17:26:02.545Z,3.4160,3.4256,100,100,28.1
2026-03-09 17:26:03.438Z,3.4163,3.4253,100,100,26.3
2026-03-09 17:26:04.659Z,3.4135,3.4251,100,100,33.9
2026-03-09 17:26:05.812Z,3.4135,3.4253,100,100,34.5
2026-03-09 17:26:06.454Z,3.4151,3.4253,100,100,29.8
2026-03-09 17:26:07.404Z,3.4148,3.4248,100,100,29.2
2026-03-09 17:26:08.012Z,3.4155,3.4249,100,100,27.5
2026-03-09 17:26:09.363Z,3.4162,3.4250,100,100,25.7
2026-03-09 17:26:10.472Z,3.4157,3.4257,100,100,29.2
2026-03-09 17:26:11.816Z,3.4135,3.4255,100,100,35.1
2026-03-09 17:26:12.510Z,3.4161,3.4247,100,100,25.1
2026-03-09 17:26:13.130Z,3.4141,3.4249,100,100,31.6
2026-03-09 17:26:14.037Z,3.4151,3.4243,100,100,26.9
2026-03-09 17:26:15.366Z,3.4154,3.4246,100,100,26.9
2026-03-09 17:26:16.655Z,3.4146,3.4264,100,100,34.5
2026-03-09 17:26:17.004Z,3.4156,3.4254,100,100,28.7
2026-03-09 17:26:18.570Z,3.4136,3.4248,100,100,32.8
2026-03-09 17:26:19.865Z,3.4146,3.4268,100,100,35.7
2026-03-09 17:26:20.724Z,3.4163,3.4247,100,100,24.6
2026-03-09 17:26:21.222Z,3.4143,3.4243,100,100,29.2
2026-03-09 17:26:22.594Z,3.4145,3.4245,100,100,29.2
2026-03-09 17:26:23.630Z,3.4143,3.4263,100,100,35.1
2026-03-09 17:26:24.611Z,3.4159,3.4255,100,100,28.1
2026-03-09 17:26:25.383Z,3.4133,3.4251,100,100,34.5
2026-03-09 17:26:26.531Z,3.4159,3.4253,100,100,27.5
2026-03-09 17:26:27.600Z,3.4161,3.4255,100,100,27.5
2026-03-09 17:26:28.571Z,3.4155,3.4257,100,100,29.8
2026-03-09 17:26:29.158Z,3.4138,3.4248,100,100,32.2
2026-03-09 17:26:30.087Z,3.4155,3.4241,100,100,25.1
2026-03-09 17:26:31.421Z,3.4146,3.4256,100,100,32.2
2026-03-09 17:26:32.471Z,3.4147,3.4239,100,100,26.9
2026-03-09 17:26:33.409Z,3.4151,3.4235,100,100,24.6
2026-03-09 17:26:34.323Z,3.4147,3.4243,100,100,28.1
2026-03-09 17:26:35.143Z,3.4136,3.4256,100,100,35.1
2026-03-09 17:26:36.761Z,3.4160,3.4246,100,100,25.1
2026-03-09 17:26:37.463Z,3.4140,3.4256,100,100,33.9
2026-03-09 17:26:38.879Z,3.4155,3.4253,100,100,28.7
2026-03-09 17:26:39.394Z,3.4139,3.4257,100,100,34.5
2026-03-09 17:26:40.080Z,3.4150,3.4258,100,100,31.6
2026-03-09 17:26:41.632Z,3.4137,3.4259,100,100,35.7
2026-03-09 17:26:42.423Z,3.4148,3.4240,100,100,26.9
2026-03-09 17:26:43.398Z,3.4142,3.4252,100,100,32.2
2026-03-09 17:26:44.547Z,3.4160,3.4252,100,100,26.9
2026-03-09 17:26:45.864Z,3.4149,3.4241,100,100,26.9
2026-03-09 17:26:46.260Z,3.4159,3.4243,100,100,24.6
2026-03-09 17:26:47.211Z,3.4142,3.4250,100,100,31.6
2026-03-09 17:26:48.500Z,3.4151,3.4265,100,100,33.3
2026-03-09 17:26:49.633Z,3.4147,3.4259,100,100,32.7
2026-03-09 17:26:50.677Z,3.4150,3.4250,100,100,29.2
2026-03-09 17:26:51.821Z,3.4151,3.4261,100,100,32.2
2026-03-09 17:26:52.475Z,3.4149,3.4259,100,100,32.2
2026-03-09 17:26:53.391Z,3.4150,3.4256,100,100,31.0
2026-03-09 17:26:54.724Z,3.4162,3.4252,100,100,26.3
2026-03-09 17:26:55.816Z,3.4144,3.4260,100,100,33.9
2026-03-09 17:26:56.195Z,3.4133,3.4255,100,100,35.7
2026-03-09 17:26:57.745Z,3.4135,3.4257,100,100,35.7
2026-03-09 17:26:58.517Z,3.4148,3.4236,100,100,25.7
2026-03-09 17:26:59.728Z,3.4141,3.4259,100,100,34.5
2026-03-09 17:43:00.428Z,3.4095,3.4205,100,100,32.2
2026-03-09 17:43:01.060Z,3.4096,3.4200,100,100,30.5
2026-03-09 17:43:02.348Z,3.4102,3.4204,100,100,29.9
2026-03-09 17:43:03.277Z,3.4092,3.4210,100,100,34.6
2026-03-09 17:43:04.277Z,3.4105,3.4199,100,100,27.5
2026-03-09 17:43:05.397Z,3.4100,3.4212,100,100,32.8
2026-03-09 17:43:06.392Z,3.4100,3.4216,100,100,34.0
2026-03-09 17:43:07.308Z,3.4090,3.4204,100,100,33.4
2026-03-09 17:43:08.816Z,3.4095,3.4191,100,100,28.1
2026-03-09 17:43:09.220Z,3.4095,3.4217,100,100,35.7
2026-03-09 17:43:10.555Z,3.4084,3.4208,100,100,36.3
2026-03-09 17:43:11.115Z,3.4096,3.4202,100,100,31.0
2026-03-09 17:43:12.298Z,3.4091,3.4209,100,100,34.6
2026-03-09 17:43:13.476Z,3.4106,3.4198,100,100,26.9
2026-03-09 17:43:14.543Z,3.4106,3.4196,100,100,26.4
2026-03-09 17:43:15.845Z,3.4087,3.4201,100,100,33.4
2026-03-09 17:43:16.518Z,3.4091,3.4207,100,100,34.0
2026-03-09 17:43:17.442Z,3.4097,3.4213,100,100,34.0
2026-03-09 17:43:18.651Z,3.4096,3.4202,100,100,31.0
2026-03-09 17:43:19.877Z,3.4096,3.4194,100,100,28.7
2026-03-09 17:43:20.862Z,3.4103,3.4231,100,100,37.5
2026-03-09 17:43:21.362Z,3.4118,3.4216,100,100,28.7
2026-03-09 17:43:22.321Z,3.4115,3.4227,100,100,32.8
2026-03-09 17:43:23.462Z,3.4127,3.4261,100,100,39.2
2026-03-09 17:43:24.632Z,3.4152,3.4246,100,100,27.5
2026-03-09 17:43:25.045Z,3.4159,3.4269,100,100,32.2
2026-03-09 17:43:26.474Z,3.4189,3.4305,100,100,33.9
2026-03-09 17:43:27.618Z,3.4206,3.4300,100,100,27.4
2026-03-09 17:43:28.039Z,3.4224,3.4312,100,100,25.7
2026-03-09 17:43:29.001Z,3.4230,3.4360,100,100,37.9
2026-03-09 17:43:30.877Z,3.4246,3.4368,100,100,35.6
2026-03-09 17:43:31.588Z,3.4280,3.4388,100,100,31.5
2026-03-09 17:43:32.768Z,3.4303,3.4397,100,100,27.4
2026-03-09 17:43:33.772Z,3.4316,3.4406,100,100,26.2
2026-03-09 17:43:34.198Z,3.4311,3.4429,100,100,34.3
2026-03-09 17:43:35.596Z,3.4342,3.4432,100,100,26.2
2026-03-09 17:43:36.152Z,3.4333,3.4433,100,100,29.1
2026-03-09 17:43:37.587Z,3.4341,3.4441,100,100,29.1
2026-03-09 17:43:38.287Z,3.4347,3.4443,100,100,27.9
2026-03-09 17:43:39.782Z,3.4347,3.4439,100,100,26.7
2026-03-09 17:43:40.801Z,3.4356,3.4442,100,100,25.0
2026-03-09 17:43:41.136Z,3.4341,3.4457,100,100,33.7
2026-03-09 17:43:42.505Z,3.4327,3.4437,100,100,32.0
2026-03-09 17:43:43.353Z,3.4328,3.4442,100,100,33.2
2026-03-09 17:43:44.388Z,3.4335,3.4429,100,100,27.3
2026-03-09 17:43:45.796Z,3.4330,3.4420,100,100,26.2
2026-03-09 17:43:46.342Z,3.4322,3.4412,100,100,26.2
2026-03-09 17:43:47.065Z,3.4322,3.4424,100,100,29.7
2026-03-09 17:43:48.697Z,3.4310,3.4426,100,100,33.8
2026-03-09 17:43:49.713Z,3.4326,3.4430,100,100,30.3
2026-03-09 17:43:50.056Z,3.4324,3.4440,100,100,33.7
2026-03-09 17:43:51.526Z,3.4338,3.4432,100,100,27.3
2026-03-09 17:43:52.891Z,3.4337,3.4445,100,100,31.4
2026-03-09 17:43:53.349Z,3.4335,3.4425,100,100,26.2
2026-03-09 17:43:54.843Z,3.4334,3.4450,100,100,33.7
2026-03-09 17:43:55.524Z,3.4325,3.4445,100,100,34.9
2026-03-09 17:43:56.368Z,3.4335,3.4451,100,100,33.7
2026-03-09 17:43:57.476Z,3.4348,3.4432,100,100,24.4
2026-03-09 17:43:58.680Z,3.4343,3.4455,100,100,32.6
2026-03-09 17:43:59.158Z,3.4341,3.4459,100,100,34.3
2026-03-09 17:45:00.230Z,3.4143,3.4257,100,100,33.3
2026-03-09 17:45:01.632Z,3.4144,3.4256,100,100,32.7
2026-03-09 17:45:02.524Z,3.4150,3.4250,100,100,29.2
2026-03-09 17:45:03.075Z,3.4142,3.4252,100,100,32.2
2026-03-09 17:45:04.785Z,3.4137,3.4255,100,100,34.5
2026-03-09 17:45:05.748Z,3.4151,3.4255,100,100,30.4
2026-03-09 17:45:06.551Z,3.4142,3.4242,100,100,29.2
2026-03-09 17:45:07.231Z,3.4148,3.4256,100,100,31.6
2026-03-09 17:45:08.323Z,3.4146,3.4262,100,100,33.9
2026-03-09 17:45:09.671Z,3.4154,3.4240,100,100,25.1
2026-03-09 17:45:10.833Z,3.4146,3.4264,100,100,34.5
2026-03-09 17:45:11.284Z,3.4154,3.4244,100,100,26.3
2026-03-09 17:45:12.172Z,3.4148,3.4242,100,100,27.5
2026-03-09 17:45:13.186Z,3.4148,3.4242,100,100,27.5
2026-03-09 17:45:14.441Z,3.4148,3.4248,100,100,29.2
2026-03-09 17:45:15.020Z,3.4150,3.4258,100,100,31.6
2026-03-09 17:45:16.684Z,3.4137,3.4257,100,100,35.1
2026-03-09 17:45:17.678Z,3.4149,3.4245,100,100,28.1
2026-03-09 17:45:18.051Z,3.4145,3.4249,100,100,30.4
2026-03-09 17:45:19.058Z,3.4145,3.4259,100,100,33.3
2026-03-09 17:45:20.343Z,3.4149,3.4243,100,100,27.5
2026-03-09 17:45:21.412Z,3.4144,3.4258,100,100,33.3
2026-03-09 17:45:22.642Z,3.4157,3.4277,100,100,35.1
2026-03-09 17:45:23.250Z,3.4152,3.4272,100,100,35.1
2026-03-09 17:45:24.704Z,3.4162,3.4286,100,100,36.2
2026-03-09 17:45:25.782Z,3.4177,3.4275,100,100,28.6
2026-03-09 17:45:26.201Z,3.4180,3.4276,100,100,28.0
2026-03-09 17:45:27.446Z,3.4185,3.4305,100,100,35.0
2026-03-09 17:45:28.858Z,3.4199,3.4307,100,100,31.5
2026-03-09 17:45:29.258Z,3.4209,3.4297,100,100,25.7
2026-03-09 17:45:30.132Z,3.4199,3.4315,100,100,33.9
2026-03-09 17:45:31.409Z,3.4203,3.4323,100,100,35.0
2026-03-09 17:45:32.048Z,3.4225,3.4341,100,100,33.8
2026-03-09 17:45:33.289Z,3.4233,3.4327,100,100,27.4
2026-03-09 17:45:34.473Z,3.4241,3.4329,100,100,25.7
2026-03-09 17:45:35.188Z,3.4239,3.4355,100,100,33.8
2026-03-09 17:45:36.609Z,3.4248,3.4350,100,100,29.7
2026-03-09 17:45:37.342Z,3.4249,3.4337,100,100,25.7
2026-03-09 17:45:38.527Z,3.4245,3.4347,100,100,29.7
2026-03-09 17:45:39.268Z,3.4244,3.4350,100,100,30.9
2026-03-09 17:45:40.886Z,3.4251,3.4349,100,100,28.6
2026-03-09 17:45:41.006Z,3.4243,3.4359,100,100,33.8
2026-03-09 17:45:42.667Z,3.4245,3.4333,100,100,25.7
2026-03-09 17:45:43.459Z,3.4243,3.4345,100,100,29.7
2026-03-09 17:45:44.166Z,3.4252,3.4346,100,100,27.4
2026-03-09 17:45:45.027Z,3.4245,3.4347,100,100,29.7
2026-03-09 17:45:46.501Z,3.4234,3.4334,100,100,29.2
2026-03-09 17:45:47.218Z,3.4240,3.4332,100,100,26.8
2026-03-09 17:45:48.434Z,3.4252,3.4342,100,100,26.2
2026-03-09 17:45:49.441Z,3.4238,3.4336,100,100,28.6
2026-03-09 17:45:50.740Z,3.4234,3.4346,100,100,32.7
2026-03-09 17:45:51.622Z,3.4250,3.4344,100,100,27.4
2026-03-09 17:45:52.458Z,3.4241,3.4351,100,100,32.1
2026-03-09 17:45:53.365Z,3.4246,3.4334,100,100,25.7
2026-03-09 17:45:54.221Z,3.4233,3.4345,100,100,32.7
2026-03-09 17:45:55.059Z,3.4250,3.4340,100,100,26.2
2026-03-09 17:45:56.634Z,3.4243,3.4359,100,100,33.8
2026-03-09 17:45:57.700Z,3.4244,3.4348,100,100,30.3
2026-03-09 17:45:58.885Z,3.4255,3.4355,100,100,29.2
2026-03-09 17:45:59.663Z,3.4245,3.4355,100,100,32.1
2026-03-09 17:48:00.066Z,3.3743,3.3857,100,100,33.7
2026-03-09 17:48:01.031Z,3.3753,3.3863,100,100,32.5
2026-03-09 17:48:02.090Z,3.3766,3.3848,100,100,24.3
2026-03-09 17:48:03.047Z,3.3742,3.3842,100,100,29.6
2026-03-09 17:48:04.684Z,3.3751,3.3851,100,100,29.6
2026-03-09 17:48:05.681Z,3.3744,3.3854,100,100,32.5
2026-03-09 17:48:06.548Z,3.3762,3.3846,100,100,24.8
2026-03-09 17:48:07.572Z,3.3735,3.3857,100,100,36.1
2026-03-09 17:48:08.693Z,3.3747,3.3853,100,100,31.4
2026-03-09 17:48:09.292Z,3.3745,3.3865,100,100,35.5
2026-03-09 17:48:10.759Z,3.3761,3.3851,100,100,26.6
2026-03-09 17:48:11.621Z,3.3753,3.3839,100,115,25.4
2026-03-09 17:48:12.288Z,3.3748,3.3856,100,100,32.0
2026-03-09 17:48:13.051Z,3.3743,3.3863,100,100,35.5
2026-03-09 17:48:14.116Z,3.3753,3.3859,100,100,31.4
2026-03-09 17:48:15.157Z,3.3742,3.3842,100,100,29.6
2026-03-09 17:48:16.761Z,3.3741,3.3849,100,100,32.0
2026-03-09 17:48:17.346Z,3.3750,3.3852,100,100,30.2
2026-03-09 17:48:18.527Z,3.3762,3.3850,100,100,26.0
2026-03-09 17:48:19.147Z,3.3753,3.3855,100,100,30.2
2026-03-09 17:48:20.312Z,3.3749,3.3845,100,100,28.4
2026-03-09 17:48:21.228Z,3.3748,3.3844,100,100,28.4
2026-03-09 17:48:22.315Z,3.3740,3.3854,100,100,33.7
2026-03-09 17:48:23.611Z,3.3760,3.3852,100,100,27.2
2026-03-09 17:48:24.524Z,3.3745,3.3865,100,100,35.5
2026-03-09 17:48:25.884Z,3.3758,3.3854,100,100,28.4
2026-03-09 17:48:26.606Z,3.3750,3.3854,100,100,30.8
2026-03-09 17:48:27.461Z,3.3737,3.3849,100,100,33.1
2026-03-09 17:48:28.018Z,3.3750,3.3846,100,100,28.4
2026-03-09 17:48:29.669Z,3.3749,3.3859,100,100,32.5
2026-03-09 17:48:30.855Z,3.3737,3.3849,100,100,33.1
2026-03-09 17:48:31.320Z,3.3763,3.3853,100,100,26.6
2026-03-09 17:48:32.772Z,3.3727,3.3857,100,100,38.5
2026-03-09 17:48:33.726Z,3.3746,3.3870,100,100,36.7
2026-03-09 17:48:34.005Z,3.3756,3.3858,100,100,30.2
2026-03-09 17:48:35.222Z,3.3753,3.3861,100,100,31.9
2026-03-09 17:48:36.279Z,3.3755,3.3845,100,100,26.6
2026-03-09 17:48:37.015Z,3.3745,3.3853,100,100,32.0
2026-03-09 17:48:38.360Z,3.3735,3.3855,100,100,35.5
2026-03-09 17:48:39.019Z,3.3737,3.3851,100,115,33.7
2026-03-09 17:48:40.798Z,3.3751,3.3855,100,100,30.8
2026-03-09 17:48:41.385Z,3.3737,3.3847,100,100,32.6
2026-03-09 17:48:42.603Z,3.3749,3.3867,100,100,34.9
2026-03-09 17:48:43.628Z,3.3750,3.3840,100,100,26.6
2026-03-09 17:48:44.106Z,3.3758,3.3844,100,100,25.4
2026-03-09 17:48:45.065Z,3.3759,3.3849,100,100,26.6
2026-03-09 17:48:46.387Z,3.3747,3.3861,100,100,33.7
2026-03-09 17:48:47.736Z,3.3736,3.3848,100,100,33.1
2026-03-09 17:48:48.371Z,3.3748,3.3866,100,100,34.9
2026-03-09 17:48:49.600Z,3.3744,3.3862,100,100,34.9
2026-03-09 17:48:50.822Z,3.3737,3.3853,100,100,34.3
2026-03-09 17:48:51.712Z,3.3760,3.3852,100,100,27.2
2026-03-09 17:48:52.200Z,3.3733,3.3855,100,100,36.1
2026-03-09 17:48:53.733Z,3.3753,3.3851,100,100,29.0
2026-03-09 17:48:54.071Z,3.3755,3.3843,100,100,26.0
2026-03-09 17:48:55.350Z,3.3749,3.3855,100,100,31.4
2026-03-09 17:48:56.156Z,3.3749,3.3857,100,100,31.9
2026-03-09 17:48:57.578Z,3.3746,3.3840,100,100,27.8
2026-03-09 17:48:58.568Z,3.3737,3.3853,100,100,34.3
2026-03-09 17:48:59.479Z,3.3749,3.3851,100,100,30.2
2026-03-09 17:56:00.673Z,3.4153,3.4247,100,100,27.5
2026-03-09 17:56:01.581Z,3.4160,3.4252,100,100,26.9
2026-03-09 17:56:02.550Z,3.4144,3.4252,100,100,31.6
2026-03-09 17:56:03.022Z,3.4143,3.4265,100,100,35.7
2026-03-09 17:56:04.466Z,3.4151,3.4237,100,100,25.2
2026-03-09 17:56:05.095Z,3.4137,3.4255,100,100,34.5
2026-03-09 17:56:06.308Z,3.4162,3.4248,100,100,25.1
2026-03-09 17:56:07.883Z,3.4143,3.4247,100,100,30.4
2026-03-09 17:56:08.681Z,3.4146,3.4244,100,100,28.7
2026-03-09 17:56:09.182Z,3.4140,3.4262,100,100,35.7
2026-03-09 17:56:10.710Z,3.4151,3.4239,100,100,25.7
2026-03-09 17:56:11.635Z,3.4141,3.4257,100,100,33.9
2026-03-09 17:56:12.658Z,3.4151,3.4261,100,100,32.2
2026-03-09 17:56:13.482Z,3.4158,3.4244,100,100,25.1
2026-03-09 17:56:14.491Z,3.4144,3.4250,100,100,31.0
2026-03-09 17:56:15.074Z,3.4134,3.4250,100,100,33.9
2026-03-09 17:56:16.146Z,3.4153,3.4239,100,100,25.1
2026-03-09 17:56:17.193Z,3.4141,3.4245,100,100,30.4
2026-03-09 17:56:18.113Z,3.4148,3.4254,100,100,31.0
2026-03-09 17:56:19.098Z,3.4143,3.4245,100,100,29.8
2026-03-09 17:56:20.074Z,3.4153,3.4253,100,100,29.2
2026-03-09 17:56:21.182Z,3.4140,3.4248,100,100,31.6
2026-03-09 17:56:22.780Z,3.4148,3.4260,100,100,32.7
2026-03-09 17:56:23.548Z,3.4132,3.4258,100,100,36.8
2026-03-09 17:56:24.868Z,3.4141,3.4247,100,100,31.0
2026-03-09 17:56:25.017Z,3.4148,3.4246,100,100,28.7
2026-03-09 17:56:26.548Z,3.4144,3.4266,100,100,35.7
2026-03-09 17:56:27.691Z,3.4159,3.4253,100,100,27.5
2026-03-09 17:56:28.550Z,3.4150,3.4264,100,100,33.3
2026-03-09 17:56:29.408Z,3.4136,3.4260,100,100,36.3
2026-03-09 17:56:30.099Z,3.4151,3.4255,100,100,30.4
2026-03-09 17:56:31.411Z,3.4148,3.4240,100,100,26.9
2026-03-09 17:56:32.719Z,3.4140,3.4248,100,100,31.6
2026-03-09 17:56:33.853Z,3.4136,3.4258,100,100,35.7
2026-03-09 17:56:34.250Z,3.4152,3.4238,100,100,25.1
2026-03-09 17:56:35.125Z,3.4153,3.4255,100,100,29.8
2026-03-09 17:56:36.062Z,3.4156,3.4254,100,100,28.7
2026-03-09 17:56:37.053Z,3.4149,3.4245,100,100,28.1
2026-03-09 17:56:38.501Z,3.4152,3.4248,100,100,28.1
2026-03-09 17:56:39.807Z,3.4166,3.4250,100,100,24.6
2026-03-09 17:56:40.419Z,3.4153,3.4245,100,100,26.9
2026-03-09 17:56:41.893Z,3.4145,3.4243,100,100,28.7
2026-03-09 17:56:42.015Z,3.4144,3.4264,100,100,35.1
2026-03-09 17:56:43.308Z,3.4135,3.4249,100,100,33.3
2026-03-09 17:56:44.585Z,3.4156,3.4250,100,100,27.5
2026-03-09 17:56:45.822Z,3.4143,3.4261,100,100,34.5
2026-03-09 17:56:46.098Z,3.4158,3.4240,100,100,24.0
2026-03-09 17:56:47.779Z,3.4133,3.4251,100,100,34.5
2026-03-09 17:56:48.620Z,3.4150,3.4240,100,100,26.3
2026-03-09 17:56:49.630Z,3.4140,3.4258,100,100,34.5
2026-03-09 17:56:50.178Z,3.4146,3.4270,100,100,36.2
2026-03-09 17:56:51.228Z,3.4151,3.4261,100,100,32.2
2026-03-09 17:56:52.039Z,3.4153,3.4259,100,100,31.0
2026-03-09 17:56:53.006Z,3.4143,3.4245,100,100,29.8
2026-03-09 17:56:54.422Z,3.4143,3.4247,100,100,30.4
2026-03-09 17:56:55.403Z,3.4149,3.4243,100,100,27.5
2026-03-09 17:56:56.006Z,3.4136,3.4252,100,100,33.9
2026-03-09 17:56:57.112Z,3.4137,3.4253,100,100,33.9
2026-03-09 17:56:58.137Z,3.4156,3.4248,100,100,26.9
2026-03-09 17:56:59.025Z,3.4147,3.4253,100,100,31.0
2026-03-09 18:18:00.078Z,3.4357,3.4443,100,100,25.0
2026-03-09 18:18:01.095Z,3.4361,3.4453,100,100,26.7
2026-03-09 18:18:02.021Z,3.4337,3.4451,100,100,33.1
2026-03-09 18:18:03.317Z,3.4354,3.4450,100,100,27.9
2026-03-09 18:18:04.425Z,3.4362,3.4448,100,100,25.0
2026-03-09 18:18:05.086Z,3.4334,3.4458,100,100,36.1
2026-03-09 18:18:06.423Z,3.4363,3.4449,100,100,25.0
2026-03-09 18:18:07.518Z,3.4347,3.4445,100,100,28.5
2026-03-09 18:18:08.134Z,3.4352,3.4462,100,100,32.0
2026-03-09 18:18:09.187Z,3.4330,3.4454,100,100,36.1
2026-03-09 18:18:10.321Z,3.4350,3.4436,100,100,25.0
2026-03-09 18:18:11.883Z,3.4344,3.4464,100,100,34.9
2026-03-09 18:18:12.112Z,3.4336,3.4446,100,100,32.0
2026-03-09 18:18:13.886Z,3.4343,3.4445,100,100,29.7
2026-03-09 18:18:14.896Z,3.4336,3.4454,100,100,34.3
2026-03-09 18:18:15.790Z,3.4360,3.4446,100,100,25.0
2026-03-09 18:18:16.198Z,3.4365,3.4451,100,100,25.0
2026-03-09 18:18:17.304Z,3.4350,3.4440,100,100,26.2
2026-03-09 18:18:18.648Z,3.4348,3.4438,100,100,26.2
2026-03-09 18:18:19.517Z,3.4344,3.4472,100,100,37.2
2026-03-09 18:18:20.636Z,3.4359,3.4455,100,100,27.9
2026-03-09 18:18:21.390Z,3.4349,3.4437,100,100,25.6
2026-03-09 18:18:22.827Z,3.4338,3.4452,100,100,33.1
2026-03-09 18:18:23.028Z,3.4343,3.4447,100,100,30.2
2026-03-09 18:18:24.799Z,3.4350,3.4462,100,100,32.6
2026-03-09 18:18:25.714Z,3.4353,3.4443,100,100,26.2
2026-03-09 18:18:26.813Z,3.4347,3.4451,100,100,30.2
2026-03-09 18:18:27.727Z,3.4352,3.4436,100,100,24.4
2026-03-09 18:18:28.254Z,3.4344,3.4466,100,100,35.5
2026-03-09 18:18:29.790Z,3.4339,3.4455,100,100,33.7
2026-03-09 18:18:30.865Z,3.4352,3.4438,100,100,25.0
2026-03-09 18:18:31.042Z,3.4337,3.4451,100,100,33.1
2026-03-09 18:18:32.239Z,3.4352,3.4446,100,100,27.3
2026-03-09 18:18:33.283Z,3.4340,3.4458,100,100,34.3
2026-03-09 18:18:34.881Z,3.4349,3.4461,100,100,32.6
2026-03-09 18:18:35.893Z,3.4351,3.4449,100,100,28.5
2026-03-09 18:18:36.883Z,3.4357,3.4451,100,100,27.3
2026-03-09 18:18:37.676Z,3.4335,3.4457,100,100,35.5
2026-03-09 18:18:38.885Z,3.4342,3.4454,100,100,32.6
2026-03-09 18:18:39.883Z,3.4349,3.4455,100,100,30.8
2026-03-09 18:18:40.821Z,3.4357,3.4445,100,100,25.6
2026-03-09 18:18:41.223Z,3.4338,3.4450,100,100,32.6
2026-03-09 18:18:42.608Z,3.4354,3.4462,100,100,31.4
2026-03-09 18:18:43.876Z,3.4345,3.4441,100,100,27.9
2026-03-09 18:18:44.333Z,3.4345,3.4443,100,100,28.5
2026-03-09 18:18:45.200Z,3.4344,3.4472,100,100,37.2
2026-03-09 18:18:46.370Z,3.4356,3.4454,100,100,28.5
2026-03-09 18:18:47.697Z,3.4348,3.4444,100,100,27.9
2026-03-09 18:18:48.047Z,3.4348,3.4462,100,100,33.1
2026-03-09 18:18:49.412Z,3.4368,3.4450,100,100,23.8
2026-03-09 18:18:50.660Z,3.4341,3.4443,100,100,29.7
2026-03-09 18:18:51.427Z,3.4349,3.4443,100,100,27.3
2026-03-09 18:18:52.241Z,3.4336,3.4456,100,100,34.9
2026-03-09 18:18:53.222Z,3.4340,3.4454,100,100,33.1
2026-03-09 18:18:54.620Z,3.4361,3.4447,100,100,25.0
2026-03-09 18:18:55.573Z,3.4352,3.4464,100,100,32.6
2026-03-09 18:18:56.181Z,3.4355,3.4453,100,100,28.5
2026-03-09 18:18:57.072Z,3.4354,3.4460,100,100,30.8
2026-03-09 18:18:58.429Z,3.4360,3.4448,100,100,25.6
2026-03-09 18:18:59.063Z,3.4341,3.4459,100,100,34.3
2026-03-09 18:22:00.710Z,3.4141,3.4259,100,100,34.5
2026-03-09 18:22:01.749Z,3.4135,3.4255,100,100,35.1
2026-03-09 18:22:02.274Z,3.4138,3.4260,100,100,35.7
2026-03-09 18:22:03.219Z,3.4149,3.4257,100,100,31.6
2026-03-09 18:22:04.529Z,3.4144,3.4250,100,100,31.0
2026-03-09 18:22:05.668Z,3.4144,3.4264,100,100,35.1
2026-03-09 18:22:06.231Z,3.4153,3.4257,100,100,30.4
2026-03-09 18:22:07.487Z,3.4148,3.4264,100,100,33.9
2026-03-09 18:22:08.463Z,3.4152,3.4256,100,100,30.4
2026-03-09 18:22:09.529Z,3.4150,3.4266,100,100,33.9
2026-03-09 18:22:10.200Z,3.4145,3.4255,100,100,32.2
2026-03-09 18:22:11.179Z,3.4160,3.4246,100,100,25.1
2026-03-09 18:22:12.847Z,3.4145,3.4253,100,100,31.6
2026-03-09 18:22:13.657Z,3.4160,3.4252,100,100,26.9
2026-03-09 18:22:14.301Z,3.4136,3.4258,100,100,35.7
2026-03-09 18:22:15.029Z,3.4154,3.4250,100,100,28.1
2026-03-09 18:22:16.794Z,3.4159,3.4241,100,100,24.0
2026-03-09 18:22:17.540Z,3.4144,3.4260,100,100,33.9
2026-03-09 18:22:18.401Z,3.4156,3.4250,100,100,27.5
2026-03-09 18:22:19.800Z,3.4148,3.4264,100,100,33.9
2026-03-09 18:22:20.332Z,3.4162,3.4250,100,100,25.7
2026-03-09 18:22:21.266Z,3.4139,3.4259,100,100,35.1
2026-03-09 18:22:22.783Z,3.4140,3.4256,100,100,33.9
2026-03-09 18:22:23.835Z,3.4151,3.4249,100,100,28.7
2026-03-09 18:22:24.779Z,3.4163,3.4253,100,100,26.3
2026-03-09 18:22:25.003Z,3.4153,3.4245,100,100,26.9
2026-03-09 18:22:26.135Z,3.4143,3.4253,100,100,32.2
2026-03-09 18:22:27.620Z,3.4156,3.4254,100,100,28.7
2026-03-09 18:22:28.619Z,3.4156,3.4252,100,100,28.1
2026-03-09 18:22:29.496Z,3.4137,3.4259,100,100,35.7
2026-03-09 18:22:30.439Z,3.4157,3.4239,100,100,24.0
2026-03-09 18:22:31.168Z,3.4141,3.4261,100,100,35.1
2026-03-09 18:22:32.105Z,3.4160,3.4248,100,100,25.7
2026-03-09 18:22:33.112Z,3.4150,3.4240,100,100,26.3
2026-03-09 18:22:34.493Z,3.4149,3.4265,100,100,33.9
2026-03-09 18:22:35.420Z,3.4151,3.4247,100,100,28.1
2026-03-09 18:22:36.027Z,3.4149,3.4263,100,100,33.3
2026-03-09 18:22:37.076Z,3.4143,3.4245,100,100,29.8
2026-03-09 18:22:38.663Z,3.4157,3.4253,100,100,28.1
2026-03-09 18:22:39.479Z,3.4157,3.4255,100,100,28.6
2026-03-09 18:22:40.375Z,3.4147,3.4243,100,100,28.1
2026-03-09 18:22:41.659Z,3.4156,3.4238,100,100,24.0
2026-03-09 18:22:42.805Z,3.4160,3.4254,100,100,27.5
2026-03-09 18:22:43.339Z,3.4144,3.4256,100,100,32.7
2026-03-09 18:22:44.634Z,3.4158,3.4248,100,100,26.3
2026-03-09 18:22:45.237Z,3.4145,3.4253,100,100,31.6
2026-03-09 18:22:46.039Z,3.4137,3.4253,100,100,33.9
2026-03-09 18:22:47.681Z,3.4157,3.4255,100,100,28.6
2026-03-09 18:22:48.034Z,3.4159,3.4249,100,100,26.3
2026-03-09 18:22:49.456Z,3.4136,3.4256,100,100,35.1
2026-03-09 18:22:50.724Z,3.4162,3.4250,100,100,25.7
2026-03-09 18:22:51.190Z,3.4144,3.4250,100,100,31.0
2026-03-09 18:22:52.096Z,3.4142,3.4254,100,100,32.8
2026-03-09 18:22:53.025Z,3.4158,3.4252,100,100,27.5
2026-03-09 18:22:54.039Z,3.4138,3.4250,100,100,32.8
2026-03-09 18:22:55.428Z,3.4149,3.4237,100,100,25.7
2026-03-09 18:22:56.345Z,3.4152,3.4258,100,100,31.0
2026-03-09 18:22:57.834Z,3.4152,3.4262,100,100,32.2
2026-03-09 18:22:58.198Z,3.4144,3.4262,100,100,34.5
2026-03-09 18:22:59.243Z,3.4156,3.4244,100,100,25.7
2026-03-09 18:23:00.333Z,3.4255,3.4345,100,100,26.2
2026-03-09 18:23:01.141Z,3.4249,3.4349,100,100,29.2
2026-03-09 18:23:02.744Z,3.4247,3.4355,100,100,31.5
2026-03-09 18:23:03.654Z,3.4246,3.4342,100,100,28.0
2026-03-09 18:23:04.339Z,3.4238,3.4352,100,100,33.2
2026-03-09 18:23:05.647Z,3.4255,3.4339,100,100,24.5
2026-03-09 18:23:06.407Z,3.4245,3.4353,100,100,31.5
2026-03-09 18:23:07.348Z,3.4254,3.4348,100,100,27.4
2026-03-09 18:23:08.538Z,3.4244,3.4340,100,100,28.0
2026-03-09 18:23:09.340Z,3.4254,3.4348,100,100,27.4
2026-03-09 18:23:10.771Z,3.4253,3.4355,100,100,29.7
2026-03-09 18:23:11.471Z,3.4250,3.4346,100,100,28.0
2026-03-09 18:23:12.067Z,3.4247,3.4357,100,100,32.1
2026-03-09 18:23:13.117Z,3.4255,3.4349,100,100,27.4
2026-03-09 18:23:14.382Z,3.4250,3.4340,100,100,26.2
2026-03-09 18:23:15.071Z,3.4251,3.4351,100,100,29.2
2026-03-09 18:23:16.432Z,3.4253,3.4361,100,100,31.5
2026-03-09 18:23:17.827Z,3.4234,3.4358,100,100,36.2
2026-03-09 18:23:18.061Z,3.4246,3.4348,100,100,29.7
2026-03-09 18:23:19.809Z,3.4258,3.4340,100,100,23.9
2026-03-09 18:23:20.003Z,3.4257,3.4341,100,100,24.5
2026-03-09 18:23:21.613Z,3.4232,3.4352,100,100,35.0
2026-03-09 18:23:22.096Z,3.4244,3.4340,100,100,28.0
2026-03-09 18:23:23.409Z,3.4242,3.4346,100,100,30.3
2026-03-09 18:23:24.161Z,3.4256,3.4352,100,100,28.0
2026-03-09 18:23:25.800Z,3.4255,3.4347,100,100,26.8
2026-03-09 18:23:26.066Z,3.4256,3.4342,100,100,25.1
2026-03-09 18:23:27.346Z,3.4249,3.4347,100,100,28.6
2026-03-09 18:23:28.005Z,3.4253,3.4341,100,100,25.7
2026-03-09 18:23:29.586Z,3.4249,3.4357,100,100,31.5
2026-03-09 18:23:30.279Z,3.4243,3.4355,100,100,32.7
2026-03-09 18:23:31.646Z,3.4261,3.4343,100,100,23.9
2026-03-09 18:23:32.371Z,3.4253,3.4347,100,100,27.4
2026-03-09 18:23:33.869Z,3.4261,3.4353,100,100,26.8
2026-03-09 18:23:34.025Z,3.4233,3.4359,100,100,36.7
2026-03-09 18:23:35.897Z,3.4234,3.4354,100,100,35.0
2026-03-09 18:23:36.234Z,3.4245,3.4369,100,100,36.1
2026-03-09 18:23:37.306Z,3.4246,3.4352,100,100,30.9
2026-03-09 18:23:38.326Z,3.4256,3.4352,100,100,28.0
2026-03-09 18:23:39.590Z,3.4243,3.4353,100,100,32.1
2026-03-09 18:23:40.398Z,3.4246,3.4350,100,100,30.3
2026-03-09 18:23:41.310Z,3.4244,3.4354,100,100,32.1
2026-03-09 18:23:42.690Z,3.4254,3.4358,100,100,30.3
2026-03-09 18:23:43.437Z,3.4248,3.4358,100,100,32.1
2026-03-09 18:23:44.359Z,3.4246,3.4342,100,100,28.0
2026-03-09 18:23:45.611Z,3.4245,3.4357,100,100,32.7
2026-03-09 18:23:46.288Z,3.4247,3.4361,100,100,33.2
2026-03-09 18:23:47.610Z,3.4254,3.4354,100,100,29.2
2026-03-09 18:23:48.531Z,3.4231,3.4355,100,100,36.2
2026-03-09 18:23:49.753Z,3.4253,3.4351,100,100,28.6
2026-03-09 18:23:50.851Z,3.4257,3.4345,100,100,25.7
2026-03-09 18:23:51.120Z,3.4244,3.4350,100,100,30.9
2026-03-09 18:23:52.566Z,3.4260,3.4352,100,100,26.8
2026-03-09 18:23:53.845Z,3.4261,3.4349,100,100,25.7
2026-03-09 18:23:54.889Z,3.4262,3.4354,100,100,26.8
2026-03-09 18:23:55.432Z,3.4245,3.4345,100,100,29.2
2026-03-09 18:23:56.311Z,3.4250,3.4346,100,100,28.0
2026-03-09 18:23:57.132Z,3.4245,3.4353,100,100,31.5
2026-03-09 18:23:58.089Z,3.4258,3.4340,100,100,23.9
2026-03-09 18:23:59.337Z,3.4243,3.4357,100,100,33.2
2026-03-09 18:27:00.438Z,3.4357,3.4443,100,100,25.0
2026-03-09 18:27:01.632Z,3.4359,3.4457,100,100,28.5
2026-03-09 18:27:02.102Z,3.4364,3.4450,100,100,25.0
2026-03-09 18:27:03.578Z,3.4359,3.4447,100,100,25.6
2026-03-09 18:27:04.870Z,3.4354,3.4444,100,100,26.2
2026-03-09 18:27:05.787Z,3.4340,3.4444,100,100,30.2
2026-03-09 18:27:06.875Z,3.4357,3.4447,100,100,26.2
2026-03-09 18:27:07.828Z,3.4350,3.4440,100,100,26.2
2026-03-09 18:27:08.631Z,3.4345,3.4465,100,100,34.9
2026-03-09 18:27:09.340Z,3.4350,3.4460,100,100,32.0
2026-03-09 18:27:10.205Z,3.4344,3.4462,100,100,34.3
2026-03-09 18:27:11.243Z,3.4346,3.4446,100,100,29.1
2026-03-09 18:27:12.191Z,3.4347,3.4443,100,100,27.9
2026-03-09 18:27:13.864Z,3.4347,3.4445,100,100,28.5
2026-03-09 18:27:14.415Z,3.4355,3.4447,100,100,26.7
2026-03-09 18:27:15.108Z,3.4357,3.4439,100,100,23.8
2026-03-09 18:27:16.134Z,3.4351,3.4445,100,100,27.3
2026-03-09 18:27:17.065Z,3.4355,3.4439,100,100,24.4
2026-03-09 18:27:18.441Z,3.4354,3.4438,100,100,24.4
2026-03-09 18:27:19.271Z,3.4358,3.4456,100,100,28.5
2026-03-09 18:27:20.837Z,3.4357,3.4451,100,100,27.3
2026-03-09 18:27:21.867Z,3.4344,3.4440,100,100,27.9
2026-03-09 18:27:22.238Z,3.4361,3.4449,100,100,25.6
2026-03-09 18:27:23.770Z,3.4360,3.4456,100,100,27.9
2026-03-09 18:27:24.792Z,3.4343,3.4459,100,100,33.7
2026-03-09 18:27:25.344Z,3.4356,3.4444,100,100,25.6
2026-03-09 18:27:26.728Z,3.4347,3.4465,100,100,34.3
2026-03-09 18:27:27.762Z,3.4337,3.4449,100,100,32.6
2026-03-09 18:27:28.720Z,3.4357,3.4447,100,100,26.2
2026-03-09 18:27:29.403Z,3.4346,3.4456,100,100,32.0
2026-03-09 18:27:30.841Z,3.4343,3.4441,100,100,28.5
2026-03-09 18:27:31.099Z,3.4353,3.4449,100,100,27.9
2026-03-09 18:27:32.682Z,3.4348,3.4466,100,100,34.3
2026-03-09 18:27:33.340Z,3.4330,3.4454,100,100,36.1
2026-03-09 18:27:34.187Z,3.4361,3.4453,100,100,26.7
2026-03-09 18:27:35.674Z,3.4345,3.4461,100,100,33.7
2026-03-09 18:27:36.575Z,3.4358,3.4452,100,100,27.3
2026-03-09 18:27:37.434Z,3.4350,3.4436,100,100,25.0
2026-03-09 18:27:38.485Z,3.4345,3.4463,100,100,34.3
2026-03-09 18:27:39.824Z,3.4355,3.4449,100,100,27.3
2026-03-09 18:27:40.514Z,3.4356,3.4450,100,100,27.3
2026-03-09 18:27:41.720Z,3.4339,3.4447,100,100,31.4
2026-03-09 18:27:42.221Z,3.4337,3.4449,100,100,32.6
2026-03-09 18:27:43.370Z,3.4347,3.4447,100,100,29.1
2026-03-09 18:27:44.323Z,3.4340,3.4456,100,100,33.7
2026-03-09 18:27:45.356Z,3.4358,3.4440,100,100,23.8
2026-03-09 18:27:46.365Z,3.4340,3.4444,100,100,30.2
2026-03-09 18:27:47.272Z,3.4352,3.4432,100,100,23.3
2026-03-09 18:27:48.828Z,3.4352,3.4460,100,100,31.4
2026-03-09 18:27:49.682Z,3.4346,3.4452,100,100,30.8
2026-03-09 18:27:50.414Z,3.4346,3.4450,100,100,30.2
2026-03-09 18:27:51.621Z,3.4340,3.4456,100,100,33.7
2026-03-09 18:27:52.669Z,3.4365,3.4451,100,100,25.0
2026-03-09 18:27:53.666Z,3.4352,3.4456,100,100,30.2
2026-03-09 18:27:54.367Z,3.4349,3.4453,100,100,30.2
2026-03-09 18:27:55.753Z,3.4342,3.4456,100,100,33.1
2026-03-09 18:27:56.751Z,3.4334,3.4454,100,100,34.9
2026-03-09 18:27:57.723Z,3.4352,3.4464,100,100,32.6
2026-03-09 18:27:58.368Z,3.4338,3.4450,100,100,32.6
2026-03-09 18:27:59.764Z,3.4353,3.4447,100,100,27.3
2026-03-09 18:45:00.197Z,3.4345,3.4455,100,100,32.0
2026-03-09 18:45:01.634Z,3.4357,3.4459,100,100,29.6
2026-03-09 18:45:02.683Z,3.4336,3.4458,100,100,35.5
2026-03-09 18:45:03.756Z,3.4353,3.4461,100,100,31.4
2026-03-09 18:45:04.049Z,3.4340,3.4444,100,100,30.2
2026-03-09 18:45:05.198Z,3.4356,3.4454,100,100,28.5
2026-03-09 18:45:06.245Z,3.4365,3.4449,100,100,24.4
2026-03-09 18:45:07.449Z,3.4351,3.4457,100,100,30.8
2026-03-09 18:45:08.550Z,3.4361,3.4453,100,100,26.7
2026-03-09 18:45:09.106Z,3.4346,3.4444,100,100,28.5
2026-03-09 18:45:10.873Z,3.4361,3.4449,100,100,25.6
2026-03-09 18:45:11.707Z,3.4342,3.4458,100,100,33.7
2026-03-09 18:45:12.376Z,3.4356,3.4450,100,100,27.3
2026-03-09 18:45:13.595Z,3.4355,3.4455,100,100,29.1
2026-03-09 18:45:14.202Z,3.4355,3.4447,100,100,26.7
2026-03-09 18:45:15.711Z,3.4361,3.4445,100,100,24.4
2026-03-09 18:45:16.809Z,3.4347,3.4461,100,100,33.1
2026-03-09 18:45:17.138Z,3.4331,3.4451,100,100,34.9
2026-03-09 18:45:18.602Z,3.4336,3.4452,100,100,33.7
2026-03-09 18:45:19.280Z,3.4342,3.4442,100,100,29.1
2026-03-09 18:45:20.574Z,3.4343,3.4455,100,100,32.6
2026-03-09 18:45:21.648Z,3.4350,3.4446,100,100,27.9
2026-03-09 18:45:22.641Z,3.4360,3.4444,100,100,24.4
2026-03-09 18:45:23.530Z,3.4361,3.4449,100,100,25.6
2026-03-09 18:45:24.774Z,3.4341,3.4451,100,100,32.0
2026-03-09 18:45:25.320Z,3.4345,3.4471,100,100,36.6
2026-03-09 18:45:26.303Z,3.4349,3.4451,100,100,29.7
2026-03-09 18:45:27.153Z,3.4353,3.4461,100,100,31.4
2026-03-09 18:45:28.708Z,3.4340,3.4462,100,100,35.5
2026-03-09 18:45:29.544Z,3.4353,3.4441,100,100,25.6
2026-03-09 18:45:30.149Z,3.4361,3.4447,100,100,25.0
2026-03-09 18:45:31.892Z,3.4337,3.4447,100,100,32.0
2026-03-09 18:45:32.664Z,3.4352,3.4464,100,100,32.6
2026-03-09 18:45:33.216Z,3.4364,3.4448,100,100,24.4
2026-03-09 18:45:34.003Z,3.4346,3.4442,100,100,27.9
2026-03-09 18:45:35.808Z,3.4349,3.4453,100,100,30.2
2026-03-09 18:45:36.194Z,3.4353,3.4439,100,100,25.0
2026-03-09 18:45:37.242Z,3.4353,3.4463,100,100,32.0
2026-03-09 18:45:38.527Z,3.4353,3.4457,100,100,30.2
2026-03-09 18:45:39.190Z,3.4353,3.4457,100,100,30.2
2026-03-09 18:45:40.479Z,3.4356,3.4450,100,100,27.3
2026-03-09 18:45:41.811Z,3.4356,3.4442,100,100,25.0
2026-03-09 18:45:42.416Z,3.4349,3.4435,100,100,25.0
2026-03-09 18:45:43.577Z,3.4353,3.4437,100,100,24.4
2026-03-09 18:45:44.585Z,3.4350,3.4460,100,100,32.0
2026-03-09 18:45:45.403Z,3.4353,3.4457,100,100,30.2
2026-03-09 18:45:46.272Z,3.4356,3.4460,100,100,30.2
2026-03-09 18:45:47.795Z,3.4353,3.4457,100,100,30.2
2026-03-09 18:45:48.151Z,3.4353,3.4441,100,100,25.6
2026-03-09 18:45:49.476Z,3.4351,3.4451,100,100,29.1
2026-03-09 18:45:50.123Z,3.4358,3.4452,100,100,27.3
2026-03-09 18:45:51.834Z,3.4363,3.4453,100,100,26.2
2026-03-09 18:45:52.254Z,3.4338,3.4460,100,100,35.5
2026-03-09 18:45:53.804Z,3.4340,3.4448,100,100,31.4
2026-03-09 18:45:54.069Z,3.4352,3.4450,100,100,28.5
2026-03-09 18:45:55.489Z,3.4353,3.4443,100,100,26.2
2026-03-09 18:45:56.003Z,3.4342,3.4454,100,100,32.6
2026-03-09 18:45:57.006Z,3.4352,3.4448,100,100,27.9
2026-03-09 18:45:58.610Z,3.4355,3.4451,100,100,27.9
2026-03-09 18:45:59.242Z,3.4350,3.4450,100,100,29.1
2026-03-09 18:51:00.493Z,3.3956,3.4044,100,100,25.9
2026-03-09 18:51:01.799Z,3.3958,3.4052,100,100,27.6
2026-03-09 18:51:02.285Z,3.3956,3.4056,100,100,29.4
2026-03-09 18:51:03.444Z,3.3958,3.4052,100,100,27.6
2026-03-09 18:51:04.557Z,3.3947,3.4059,100,100,32.9
2026-03-09 18:51:05.825Z,3.3953,3.4061,100,100,31.8
2026-03-09 18:51:06.049Z,3.3955,3.4057,100,100,30.0
2026-03-09 18:51:07.131Z,3.3948,3.4064,100,100,34.1
2026-03-09 18:51:08.157Z,3.3954,3.4054,100,100,29.4
2026-03-09 18:51:09.749Z,3.3938,3.4060,100,100,35.9
2026-03-09 18:51:10.097Z,3.3954,3.4046,100,100,27.1
2026-03-09 18:51:11.712Z,3.3948,3.4052,100,100,30.6
2026-03-09 18:51:12.231Z,3.3962,3.4054,100,100,27.1
2026-03-09 18:51:13.687Z,3.3947,3.4053,100,100,31.2
2026-03-09 18:51:14.555Z,3.3948,3.4036,100,100,25.9
2026-03-09 18:51:15.135Z,3.3962,3.4048,100,100,25.3
2026-03-09 18:51:16.843Z,3.3947,3.4061,100,100,33.5
2026-03-09 18:51:17.677Z,3.3932,3.4052,100,100,35.3
2026-03-09 18:51:18.480Z,3.3953,3.4047,100,100,27.6
2026-03-09 18:51:19.861Z,3.3947,3.4041,100,100,27.7
2026-03-09 18:51:20.256Z,3.3957,3.4053,100,100,28.2
2026-03-09 18:51:21.002Z,3.3953,3.4061,100,100,31.8
2026-03-09 18:51:22.695Z,3.3960,3.4052,100,100,27.1
2026-03-09 18:51:23.385Z,3.3957,3.4051,100,100,27.6
2026-03-09 18:51:24.845Z,3.3950,3.4052,100,100,30.0
2026-03-09 18:51:25.325Z,3.3963,3.4051,100,100,25.9
2026-03-09 18:51:26.766Z,3.3940,3.4046,100,100,31.2
2026-03-09 18:51:27.613Z,3.3950,3.4060,100,100,32.3
2026-03-09 18:51:28.073Z,3.3936,3.4050,100,100,33.5
2026-03-09 18:51:29.208Z,3.3943,3.4063,100,100,35.3
2026-03-09 18:51:30.566Z,3.3940,3.4060,100,100,35.3
2026-03-09 18:51:31.685Z,3.3930,3.4054,100,100,36.5
2026-03-09 18:51:32.771Z,3.3941,3.4059,100,100,34.7
2026-03-09 18:51:33.273Z,3.3956,3.4054,100,100,28.8
2026-03-09 18:51:34.741Z,3.3948,3.4064,100,100,34.1
2026-03-09 18:51:35.235Z,3.3945,3.4041,100,100,28.2
2026-03-09 18:51:36.471Z,3.3936,3.4048,100,100,32.9
2026-03-09 18:51:37.826Z,3.3956,3.4038,100,100,24.1
2026-03-09 18:51:38.623Z,3.3940,3.4054,100,100,33.5
2026-03-09 18:51:39.233Z,3.3952,3.4048,100,100,28.2
2026-03-09 18:51:40.756Z,3.3952,3.4052,100,100,29.4
2026-03-09 18:51:41.652Z,3.3945,3.4059,100,100,33.5
2026-03-09 18:51:42.466Z,3.3950,3.4042,100,100,27.1
2026-03-09 18:51:43.085Z,3.3938,3.4054,100,100,34.1
2026-03-09 18:51:44.265Z,3.3948,3.4064,100,100,34.1
2026-03-09 18:51:45.856Z,3.3939,3.4055,100,100,34.1
2026-03-09 18:51:46.793Z,3.3953,3.4057,100,100,30.6
2026-03-09 18:51:47.058Z,3.3952,3.4054,100,100,30.0
2026-03-09 18:51:48.060Z,3.3943,3.4049,100,100,31.2
2026-03-09 18:51:49.429Z,3.3955,3.4051,100,100,28.2
2026-03-09 18:51:50.337Z,3.3953,3.4059,100,100,31.2
2026-03-09 18:51:51.077Z,3.3935,3.4057,100,100,35.9
2026-03-09 18:51:52.862Z,3.3936,3.4052,100,100,34.1
2026-03-09 18:51:53.021Z,3.3945,3.4063,100,100,34.7
2026-03-09 18:51:54.502Z,3.3944,3.4054,100,100,32.4
2026-03-09 18:51:55.671Z,3.3959,3.4057,100,100,28.8
2026-03-09 18:51:56.567Z,3.3947,3.4067,100,100,35.3
2026-03-09 18:51:57.230Z,3.3937,3.4051,100,100,33.5
2026-03-09 18:51:58.159Z,3.3939,3.4053,100,100,33.5
2026-03-09 18:51:59.157Z,3.3942,3.4058,100,100,34.1
2026-03-09 19:05:00.546Z,3.3849,3.3951,100,100,30.1
2026-03-09 19:05:01.748Z,3.3851,3.3963,100,100,33.0
2026-03-09 19:05:02.899Z,3.3840,3.3962,100,100,36.0
2026-03-09 19:05:03.096Z,3.3844,3.3964,100,100,35.4
2026-03-09 19:05:04.551Z,3.3865,3.3949,100,100,24.8
2026-03-09 19:05:05.800Z,3.3851,3.3957,100,100,31.3
2026-03-09 19:05:06.192Z,3.3840,3.3944,100,100,30.7
2026-03-09 19:05:07.351Z,3.3846,3.3970,100,100,36.6
2026-03-09 19:05:08.755Z,3.3854,3.3954,100,100,29.5
2026-03-09 19:05:09.410Z,3.3840,3.3948,100,100,31.9
2026-03-09 19:05:10.276Z,3.3845,3.3949,100,100,30.7
2026-03-09 19:05:11.498Z,3.3836,3.3954,100,100,34.8
2026-03-09 19:05:12.189Z,3.3860,3.3954,100,100,27.7
2026-03-09 19:05:13.484Z,3.3852,3.3964,100,100,33.0
2026-03-09 19:05:14.220Z,3.3855,3.3943,100,100,26.0
2026-03-09 19:05:15.132Z,3.3841,3.3945,100,100,30.7
2026-03-09 19:05:16.270Z,3.3833,3.3951,100,100,34.8
2026-03-09 19:05:17.583Z,3.3845,3.3967,100,100,36.0
2026-03-09 19:05:18.403Z,3.3848,3.3946,100,100,28.9
2026-03-09 19:05:19.564Z,3.3843,3.3957,100,100,33.6
2026-03-09 19:05:20.606Z,3.3849,3.3959,100,100,32.4
2026-03-09 19:05:21.193Z,3.3838,3.3938,100,100,29.5
2026-03-09 19:05:22.031Z,3.3833,3.3941,100,100,31.9
2026-03-09 19:05:23.256Z,3.3828,3.3948,100,100,35.4
2026-03-09 19:05:24.603Z,3.3831,3.3931,100,100,29.5
2026-03-09 19:05:25.807Z,3.3821,3.3911,100,100,26.6
2026-03-09 19:05:26.309Z,3.3804,3.3914,100,100,32.5
2026-03-09 19:05:27.539Z,3.3817,3.3913,100,100,28.3
2026-03-09 19:05:28.309Z,3.3800,3.3914,100,100,33.7
2026-03-09 19:05:29.696Z,3.3792,3.3890,100,100,29.0
2026-03-09 19:05:30.591Z,3.3797,3.3891,100,100,27.8
2026-03-09 19:05:31.223Z,3.3761,3.3889,100,100,37.8
2026-03-09 19:05:32.117Z,3.3776,3.3864,100,100,26.0
2026-03-09 19:05:33.333Z,3.3767,3.3873,100,100,31.3
2026-03-09 19:05:34.858Z,3.3759,3.3861,100,100,30.2
2026-03-09 19:05:35.852Z,3.3752,3.3864,100,100,33.1
2026-03-09 19:05:36.563Z,3.3739,3.3853,100,100,33.7
2026-03-09 19:05:37.043Z,3.3751,3.3859,100,100,31.9
2026-03-09 19:05:38.593Z,3.3743,3.3851,100,100,32.0
2026-03-09 19:05:39.167Z,3.3759,3.3857,100,100,29.0
2026-03-09 19:05:40.102Z,3.3742,3.3850,100,100,32.0
2026-03-09 19:05:41.196Z,3.3761,3.3847,100,100,25.4
2026-03-09 19:05:42.450Z,3.3745,3.3861,100,100,34.3
2026-03-09 19:05:43.383Z,3.3751,3.3851,100,100,29.6
2026-03-09 19:05:44.709Z,3.3760,3.3864,100,100,30.8
2026-03-09 19:05:45.302Z,3.3767,3.3871,100,100,30.8
2026-03-09 19:05:46.562Z,3.3772,3.3862,100,100,26.6
2026-03-09 19:05:47.062Z,3.3772,3.3870,100,100,29.0
2026-03-09 19:05:48.000Z,3.3766,3.3870,100,100,30.8
2026-03-09 19:05:49.678Z,3.3765,3.3869,100,100,30.8
2026-03-09 19:05:50.633Z,3.3773,3.3863,100,100,26.6
2026-03-09 19:05:51.597Z,3.3761,3.3873,100,100,33.1
2026-03-09 19:05:52.614Z,3.3771,3.3855,100,100,24.8
2026-03-09 19:05:53.240Z,3.3744,3.3854,100,100,32.5
2026-03-09 19:05:54.005Z,3.3752,3.3842,100,100,26.6
2026-03-09 19:05:55.190Z,3.3741,3.3861,100,100,35.5
2026-03-09 19:05:56.669Z,3.3743,3.3861,100,100,34.9
2026-03-09 19:05:57.343Z,3.3765,3.3849,100,100,24.8
2026-03-09 19:05:58.241Z,3.3729,3.3855,100,100,37.3
2026-03-09 19:05:59.847Z,3.3757,3.3843,100,100,25.4
2026-03-09 19:07:00.638Z,3.3542,3.3658,100,100,34.5
2026-03-09 19:07:01.613Z,3.3551,3.3651,100,100,29.8
2026-03-09 19:07:02.869Z,3.3542,3.3646,100,100,31.0
2026-03-09 19:07:03.805Z,3.3547,3.3651,100,100,31.0
2026-03-09 19:07:04.183Z,3.3536,3.3648,100,100,33.3
2026-03-09 19:07:05.685Z,3.3545,3.3657,100,100,33.3
2026-03-09 19:07:06.771Z,3.3547,3.3659,100,100,33.3
2026-03-09 19:07:07.809Z,3.3557,3.3653,100,100,28.6
2026-03-09 19:07:08.775Z,3.3546,3.3662,100,100,34.5
2026-03-09 19:07:09.530Z,3.3548,3.3654,100,100,31.5
2026-03-09 19:07:10.738Z,3.3558,3.3640,100,100,24.4
2026-03-09 19:07:11.001Z,3.3554,3.3644,100,100,26.8
2026-03-09 19:07:12.009Z,3.3550,3.3646,100,100,28.6
2026-03-09 19:07:13.174Z,3.3548,3.3660,100,100,33.3
2026-03-09 19:07:14.480Z,3.3563,3.3653,100,100,26.8
2026-03-09 19:07:15.286Z,3.3544,3.3642,100,100,29.2
2026-03-09 19:07:16.113Z,3.3556,3.3646,100,100,26.8
2026-03-09 19:07:17.741Z,3.3554,3.3644,100,100,26.8
2026-03-09 19:07:18.569Z,3.3539,3.3653,100,100,33.9
2026-03-09 19:07:19.438Z,3.3562,3.3650,100,100,26.2
2026-03-09 19:07:20.771Z,3.3552,3.3642,100,100,26.8
2026-03-09 19:07:21.570Z,3.3547,3.3655,100,100,32.1
2026-03-09 19:07:22.650Z,3.3537,3.3647,100,100,32.7
2026-03-09 19:07:23.759Z,3.3533,3.3653,100,100,35.7
2026-03-09 19:07:24.854Z,3.3536,3.3648,100,100,33.3
2026-03-09 19:07:25.650Z,3.3538,3.3662,100,100,36.9
2026-03-09 19:07:26.204Z,3.3550,3.3658,100,100,32.1
2026-03-09 19:07:27.881Z,3.3534,3.3652,100,100,35.1
2026-03-09 19:07:28.161Z,3.3548,3.3640,100,100,27.4
2026-03-09 19:07:29.892Z,3.3540,3.3650,100,100,32.7
2026-03-09 19:07:30.460Z,3.3554,3.3648,100,100,28.0
2026-03-09 19:07:31.043Z,3.3553,3.3647,100,100,28.0
2026-03-09 19:07:32.584Z,3.3545,3.3653,100,100,32.1
2026-03-09 19:07:33.089Z,3.3548,3.3646,100,100,29.2
2026-03-09 19:07:34.024Z,3.3544,3.3656,100,100,33.3
2026-03-09 19:07:35.584Z,3.3541,3.3659,100,100,35.1
2026-03-09 19:07:36.879Z,3.3535,3.3657,100,100,36.3
2026-03-09 19:07:37.853Z,3.3557,3.3651,100,100,28.0
2026-03-09 19:07:38.588Z,3.3541,3.3655,100,100,33.9
2026-03-09 19:07:39.437Z,3.3549,3.3651,100,100,30.4
2026-03-09 19:07:40.524Z,3.3540,3.3644,100,100,31.0
2026-03-09 19:07:41.688Z,3.3542,3.3642,100,100,29.8
2026-03-09 19:07:42.097Z,3.3561,3.3649,100,100,26.2
2026-03-09 19:07:43.597Z,3.3551,3.3657,100,100,31.5
2026-03-09 19:07:44.770Z,3.3543,3.3657,100,100,33.9
2026-03-09 19:07:45.229Z,3.3548,3.3662,100,100,33.9
2026-03-09 19:07:46.121Z,3.3538,3.3656,100,100,35.1
2026-03-09 19:07:47.437Z,3.3552,3.3638,100,100,25.6
2026-03-09 19:07:48.395Z,3.3560,3.3656,100,100,28.6
2026-03-09 19:07:49.539Z,3.3550,3.3666,100,100,34.5
2026-03-09 19:07:50.774Z,3.3546,3.3644,100,100,29.2
2026-03-09 19:07:51.718Z,3.3548,3.3642,100,100,28.0
2026-03-09 19:07:52.899Z,3.3545,3.3647,100,100,30.4
2026-03-09 19:07:53.265Z,3.3548,3.3646,100,100,29.2
2026-03-09 19:07:54.487Z,3.3536,3.3652,100,100,34.5
2026-03-09 19:07:55.527Z,3.3560,3.3652,100,100,27.4
2026-03-09 19:07:56.310Z,3.3558,3.3644,100,100,25.6
2026-03-09 19:07:57.747Z,3.3538,3.3648,100,100,32.7
2026-03-09 19:07:58.144Z,3.3550,3.3648,100,100,29.2
2026-03-09 19:07:59.796Z,3.3550,3.3650,100,100,29.8
2026-03-09 19:10:00.290Z,3.3754,3.3846,100,100,27.2
2026-03-09 19:10:01.661Z,3.3751,3.3859,100,100,31.9
2026-03-09 19:10:02.351Z,3.3733,3.3851,100,100,34.9
2026-03-09 19:10:03.687Z,3.3762,3.3854,100,100,27.2
2026-03-09 19:10:04.463Z,3.3729,3.3857,100,100,37.9
2026-03-09 19:10:05.661Z,3.3750,3.3842,100,100,27.2
2026-03-09 19:10:06.306Z,3.3751,3.3839,100,100,26.0
2026-03-09 19:10:07.125Z,3.3744,3.3858,100,100,33.7
2026-03-09 19:10:08.116Z,3.3756,3.3848,100,100,27.2
2026-03-09 19:10:09.892Z,3.3736,3.3854,100,100,34.9
2026-03-09 19:10:10.448Z,3.3742,3.3860,100,100,34.9
2026-03-09 19:10:11.325Z,3.3744,3.3842,100,100,29.0
2026-03-09 19:10:12.409Z,3.3760,3.3856,100,100,28.4
2026-03-09 19:10:13.175Z,3.3747,3.3867,100,100,35.5
2026-03-09 19:10:14.879Z,3.3733,3.3857,100,100,36.7
2026-03-09 19:10:15.223Z,3.3742,3.3846,100,100,30.8
2026-03-09 19:10:16.780Z,3.3755,3.3849,100,100,27.8
2026-03-09 19:10:17.413Z,3.3743,3.3843,100,100,29.6
2026-03-09 19:10:18.694Z,3.3759,3.3847,100,100,26.0
2026-03-09 19:10:19.812Z,3.3759,3.3843,100,100,24.9
2026-03-09 19:10:20.012Z,3.3743,3.3865,100,100,36.1
2026-03-09 19:10:21.535Z,3.3740,3.3858,100,100,34.9
2026-03-09 19:10:22.700Z,3.3757,3.3847,100,100,26.6
2026-03-09 19:10:23.193Z,3.3743,3.3845,100,100,30.2
2026-03-09 19:10:24.713Z,3.3749,3.3851,100,100,30.2
2026-03-09 19:10:25.782Z,3.3745,3.3855,100,100,32.5
2026-03-09 19:10:26.141Z,3.3762,3.3850,100,100,26.0
2026-03-09 19:10:27.785Z,3.3759,3.3845,100,100,25.4
2026-03-09 19:10:28.529Z,3.3742,3.3844,100,100,30.2
2026-03-09 19:10:29.480Z,3.3755,3.3843,100,100,26.0
2026-03-09 19:10:30.396Z,3.3733,3.3853,100,100,35.5
2026-03-09 19:10:31.472Z,3.3749,3.3853,100,100,30.8
2026-03-09 19:10:32.764Z,3.3750,3.3838,100,100,26.0
2026-03-09 19:10:33.577Z,3.3747,3.3841,100,100,27.8
2026-03-09 19:10:34.092Z,3.3742,3.3854,100,100,33.1
2026-03-09 19:10:35.304Z,3.3742,3.3860,100,100,34.9
2026-03-09 19:10:36.666Z,3.3755,3.3849,100,100,27.8
2026-03-09 19:10:37.240Z,3.3739,3.3853,100,100,33.7
2026-03-09 19:10:38.342Z,3.3748,3.3860,100,100,33.1
2026-03-09 19:10:39.414Z,3.3742,3.3854,100,100,33.1
2026-03-09 19:10:40.146Z,3.3757,3.3849,100,100,27.2
2026-03-09 19:10:41.636Z,3.3747,3.3849,100,100,30.2
2026-03-09 19:10:42.570Z,3.3763,3.3851,100,100,26.0
2026-03-09 19:10:43.474Z,3.3748,3.3868,100,100,35.5
2026-03-09 19:10:44.802Z,3.3751,3.3861,100,100,32.5
2026-03-09 19:10:45.358Z,3.3751,3.3843,100,100,27.2
2026-03-09 19:10:46.556Z,3.3749,3.3859,100,100,32.5
2026-03-09 19:10:47.427Z,3.3745,3.3843,100,100,29.0
2026-03-09 19:10:48.718Z,3.3758,3.3848,100,100,26.6
2026-03-09 19:10:49.239Z,3.3743,3.3851,100,100,32.0
2026-03-09 19:10:50.438Z,3.3736,3.3850,100,100,33.7
2026-03-09 19:10:51.416Z,3.3750,3.3866,100,100,34.3
2026-03-09 19:10:52.435Z,3.3758,3.3858,100,100,29.6
2026-03-09 19:10:53.887Z,3.3744,3.3858,100,100,33.7
2026-03-09 19:10:54.192Z,3.3748,3.3852,100,100,30.8
2026-03-09 19:10:55.661Z,3.3740,3.3852,100,100,33.1
2026-03-09 19:10:56.711Z,3.3742,3.3848,100,100,31.4
2026-03-09 19:10:57.752Z,3.3750,3.3862,100,100,33.1
2026-03-09 19:10:58.679Z,3.3740,3.3860,100,100,35.5
2026-03-09 19:10:59.260Z,3.3741,3.3859,100,100,34.9
2026-03-09 19:20:00.207Z,3.4045,3.4155,100,100,32.3
2026-03-09 19:20:01.489Z,3.4062,3.4148,100,100,25.2
2026-03-09 19:20:02.184Z,3.4052,3.4154,100,100,29.9
2026-03-09 19:20:03.356Z,3.4050,3.4162,100,100,32.8
2026-03-09 19:20:04.086Z,3.4049,3.4145,100,100,28.2
2026-03-09 19:20:05.090Z,3.4046,3.4140,100,100,27.6
2026-03-09 19:20:06.832Z,3.4045,3.4145,100,100,29.3
2026-03-09 19:20:07.434Z,3.4048,3.4140,100,100,27.0
2026-03-09 19:20:08.449Z,3.4060,3.4148,100,100,25.8
2026-03-09 19:20:09.761Z,3.4039,3.4145,100,100,31.1
2026-03-09 19:20:10.390Z,3.4055,3.4159,100,100,30.5
2026-03-09 19:20:11.821Z,3.4049,3.4141,100,100,27.0
2026-03-09 19:20:12.199Z,3.4050,3.4138,100,100,25.8
2026-03-09 19:20:13.674Z,3.4048,3.4164,100,100,34.0
2026-03-09 19:20:14.117Z,3.4051,3.4147,100,100,28.2
2026-03-09 19:20:15.879Z,3.4052,3.4156,100,100,30.5
2026-03-09 19:20:16.554Z,3.4048,3.4140,100,100,27.0
2026-03-09 19:20:17.434Z,3.4049,3.4135,100,100,25.2
2026-03-09 19:20:18.301Z,3.4050,3.4144,100,100,27.6
2026-03-09 19:20:19.276Z,3.4045,3.4159,100,100,33.4
2026-03-09 19:20:20.087Z,3.4050,3.4164,100,100,33.4
2026-03-09 19:20:21.112Z,3.4034,3.4154,100,100,35.2
2026-03-09 19:20:22.353Z,3.4046,3.4148,100,100,29.9
2026-03-09 19:20:23.009Z,3.4053,3.4139,100,100,25.2
2026-03-09 19:20:24.567Z,3.4058,3.4146,100,100,25.8
2026-03-09 19:20:25.748Z,3.4054,3.4160,100,100,31.1
2026-03-09 19:20:26.161Z,3.4052,3.4164,100,100,32.8
2026-03-09 19:20:27.767Z,3.4043,3.4165,100,100,35.8
2026-03-09 19:20:28.599Z,3.4055,3.4155,100,100,29.3
2026-03-09 19:20:29.720Z,3.4046,3.4152,100,100,31.1
2026-03-09 19:20:30.140Z,3.4042,3.4164,100,100,35.8
2026-03-09 19:20:31.880Z,3.4035,3.4157,100,100,35.8
2026-03-09 19:20:32.489Z,3.4050,3.4156,100,100,31.1
2026-03-09 19:20:33.530Z,3.4050,3.4158,100,100,31.7
2026-03-09 19:20:34.037Z,3.4048,3.4166,100,100,34.6
2026-03-09 19:20:35.136Z,3.4046,3.4148,100,100,29.9
2026-03-09 19:20:36.213Z,3.4052,3.4158,100,100,31.1
2026-03-09 19:20:37.175Z,3.4055,3.4151,100,100,28.2
2026-03-09 19:20:38.795Z,3.4051,3.4149,100,100,28.7
2026-03-09 19:20:39.089Z,3.4059,3.4143,100,100,24.6
2026-03-09 19:20:40.122Z,3.4060,3.4156,100,100,28.1
2026-03-09 19:20:41.230Z,3.4054,3.4146,100,100,27.0
2026-03-09 19:20:42.511Z,3.4057,3.4157,100,100,29.3
2026-03-09 19:20:43.007Z,3.4060,3.4148,100,100,25.8
2026-03-09 19:20:44.192Z,3.4052,3.4164,100,100,32.8
2026-03-09 19:20:45.573Z,3.4051,3.4159,100,100,31.7
2026-03-09 19:20:46.077Z,3.4044,3.4154,100,100,32.3
2026-03-09 19:20:47.811Z,3.4048,3.4138,100,100,26.4
2026-03-09 19:20:48.875Z,3.4051,3.4161,100,100,32.3
2026-03-09 19:20:49.419Z,3.4038,3.4152,100,100,33.4
2026-03-09 19:20:50.829Z,3.4044,3.4142,100,100,28.7
2026-03-09 19:20:51.341Z,3.4045,3.4139,100,100,27.6
2026-03-09 19:20:52.515Z,3.4044,3.4168,100,100,36.4
2026-03-09 19:20:53.790Z,3.4054,3.4158,100,100,30.5
2026-03-09 19:20:54.719Z,3.4031,3.4157,100,100,37.0
2026-03-09 19:20:55.581Z,3.4046,3.4158,100,100,32.8
2026-03-09 19:20:56.821Z,3.4047,3.4151,100,100,30.5
2026-03-09 19:20:57.595Z,3.4054,3.4142,100,100,25.8
2026-03-09 19:20:58.505Z,3.4043,3.4149,100,100,31.1
2026-03-09 19:20:59.076Z,3.4054,3.4146,100,100,27.0
2026-03-09 19:30:00.521Z,3.4145,3.4255,100,100,32.2
2026-03-09 19:30:01.840Z,3.4157,3.4245,100,100,25.7
2026-03-09 19:30:02.557Z,3.4147,3.4247,100,100,29.2
2026-03-09 19:30:03.867Z,3.4159,3.4255,100,100,28.1
2026-03-09 19:30:04.223Z,3.4142,3.4246,100,100,30.4
2026-03-09 19:30:05.381Z,3.4149,3.4261,100,100,32.7
2026-03-09 19:30:06.235Z,3.4141,3.4245,100,100,30.4
2026-03-09 19:30:07.241Z,3.4153,3.4241,100,100,25.7
2026-03-09 19:30:08.576Z,3.4150,3.4256,100,100,31.0
2026-03-09 19:30:09.523Z,3.4147,3.4255,100,100,31.6
2026-03-09 19:30:10.876Z,3.4155,3.4237,100,100,24.0
2026-03-09 19:30:11.139Z,3.4143,3.4243,100,100,29.2
2026-03-09 19:30:12.249Z,3.4143,3.4269,100,100,36.8
2026-03-09 19:30:13.131Z,3.4129,3.4255,100,100,36.9
2026-03-09 19:30:14.715Z,3.4150,3.4254,100,100,30.4
2026-03-09 19:30:15.605Z,3.4146,3.4268,100,100,35.7
2026-03-09 19:30:16.692Z,3.4155,3.4253,100,100,28.7
2026-03-09 19:30:17.224Z,3.4151,3.4241,100,100,26.3
2026-03-09 19:30:18.716Z,3.4147,3.4259,100,100,32.7
2026-03-09 19:30:19.599Z,3.4142,3.4250,100,100,31.6
2026-03-09 19:30:20.592Z,3.4139,3.4255,100,100,33.9
2026-03-09 19:30:21.444Z,3.4146,3.4264,100,100,34.5
2026-03-09 19:30:22.174Z,3.4164,3.4250,100,100,25.1
2026-03-09 19:30:23.773Z,3.4143,3.4247,100,100,30.4
2026-03-09 19:30:24.878Z,3.4150,3.4240,100,100,26.3
2026-03-09 19:30:25.079Z,3.4144,3.4264,100,100,35.1
2026-03-09 19:30:26.078Z,3.4154,3.4254,100,100,29.2
2026-03-09 19:30:27.774Z,3.4134,3.4258,100,100,36.3
2026-03-09 19:30:28.382Z,3.4139,3.4257,100,100,34.5
2026-03-09 19:30:29.611Z,3.4142,3.4258,100,100,33.9
2026-03-09 19:30:30.180Z,3.4144,3.4256,100,100,32.7
2026-03-09 19:30:31.347Z,3.4162,3.4248,100,100,25.1
2026-03-09 19:30:32.557Z,3.4153,3.4245,100,100,26.9
2026-03-09 19:30:33.632Z,3.4148,3.4242,100,100,27.5
2026-03-09 19:30:34.797Z,3.4152,3.4254,100,100,29.8
2026-03-09 19:30:35.034Z,3.4146,3.4262,100,100,33.9
2026-03-09 19:30:36.194Z,3.4141,3.4245,100,100,30.4
2026-03-09 19:30:37.248Z,3.4135,3.4253,100,100,34.5
2026-03-09 19:30:38.686Z,3.4154,3.4246,100,100,26.9
2026-03-09 19:30:39.161Z,3.4147,3.4249,100,100,29.8
2026-03-09 19:30:40.317Z,3.4155,3.4237,100,100,24.0
2026-03-09 19:30:41.690Z,3.4145,3.4249,100,100,30.4
2026-03-09 19:30:42.448Z,3.4152,3.4258,100,100,31.0
2026-03-09 19:30:43.147Z,3.4152,3.4264,100,100,32.7
2026-03-09 19:30:44.680Z,3.4134,3.4260,100,100,36.8
2026-03-09 19:30:45.585Z,3.4152,3.4254,100,100,29.8
2026-03-09 19:30:46.464Z,3.4147,3.4261,100,100,33.3
2026-03-09 19:30:47.163Z,3.4148,3.4266,100,100,34.5
2026-03-09 19:30:48.623Z,3.4143,3.4257,100,100,33.3
2026-03-09 19:30:49.202Z,3.4150,3.4244,100,100,27.5
2026-03-09 19:30:50.395Z,3.4148,3.4250,100,100,29.8
2026-03-09 19:30:51.339Z,3.4156,3.4262,100,100,31.0
2026-03-09 19:30:52.283Z,3.4159,3.4253,100,100,27.5
2026-03-09 19:30:53.589Z,3.4148,3.4256,100,100,31.6
2026-03-09 19:30:54.253Z,3.4144,3.4252,100,100,31.6
2026-03-09 19:30:55.011Z,3.4145,3.4241,100,100,28.1
2026-03-09 19:30:56.301Z,3.4144,3.4260,100,100,33.9
2026-03-09 19:30:57.885Z,3.4144,3.4244,100,100,29.2
2026-03-09 19:30:58.580Z,3.4158,3.4250,100,100,26.9
2026-03-09 19:30:59.328Z,3.4140,3.4260,100,100,35.1
2026-03-09 19:31:00.463Z,3.3904,3.3990,100,100,25.3
2026-03-09 19:31:01.458Z,3.3897,3.3995,100,100,28.9
