TimestampUtc,Price,Size,Exchange
2026-03-12 19:11:11.088Z,1.4719,1,SYNTH
2026-03-12 19:11:12.235Z,1.4705,1,SYNTH
2026-03-12 19:11:13.189Z,1.4692,1,SYNTH
2026-03-12 19:11:14.089Z,1.4715,1,SYNTH
2026-03-12 19:11:15.049Z,1.4691,1,SYNTH
2026-03-12 19:11:16.860Z,1.4704,1,SYNTH
2026-03-12 19:11:17.859Z,1.4696,1,SYNTH
2026-03-12 19:11:18.717Z,1.4704,1,SYNTH
2026-03-12 19:11:19.272Z,1.4706,1,SYNTH
2026-03-12 19:11:20.219Z,1.4683,1,SYNTH
2026-03-12 19:11:21.251Z,1.4718,1,SYNTH
2026-03-12 19:11:22.669Z,1.4718,1,SYNTH
2026-03-12 19:11:23.219Z,1.4703,1,SYNTH
2026-03-12 19:11:24.092Z,1.4703,1,SYNTH
2026-03-12 19:11:25.795Z,1.4686,1,SYNTH
2026-03-12 19:11:26.164Z,1.4713,1,SYNTH
2026-03-12 19:11:27.722Z,1.4696,1,SYNTH
2026-03-12 19:11:28.422Z,1.4705,1,SYNTH
2026-03-12 19:11:29.483Z,1.4722,1,SYNTH
2026-03-12 19:11:30.078Z,1.4682,1,SYNTH
2026-03-12 19:11:31.029Z,1.4712,1,SYNTH
2026-03-12 19:11:32.520Z,1.4695,1,SYNTH
2026-03-12 19:11:33.329Z,1.4707,1,SYNTH
2026-03-12 19:11:34.711Z,1.4718,1,SYNTH
2026-03-12 19:11:35.540Z,1.4687,1,SYNTH
2026-03-12 19:11:36.674Z,1.4682,1,SYNTH
2026-03-12 19:11:37.506Z,1.4707,1,SYNTH
2026-03-12 19:11:38.026Z,1.4703,1,SYNTH
2026-03-12 19:11:39.513Z,1.4719,1,SYNTH
2026-03-12 19:11:40.217Z,1.4680,1,SYNTH
2026-03-12 19:11:41.228Z,1.4712,1,SYNTH
2026-03-12 19:11:42.516Z,1.4690,1,SYNTH
2026-03-12 19:11:43.823Z,1.4681,1,SYNTH
2026-03-12 19:11:44.349Z,1.4702,1,SYNTH
2026-03-12 19:11:45.111Z,1.4704,1,SYNTH
2026-03-12 19:11:46.521Z,1.4707,1,SYNTH
2026-03-12 19:11:47.681Z,1.4699,1,SYNTH
2026-03-12 19:11:48.294Z,1.4718,1,SYNTH
2026-03-12 19:11:49.275Z,1.4707,1,SYNTH
2026-03-12 19:11:50.493Z,1.4688,1,SYNTH
2026-03-12 19:11:51.454Z,1.4701,1,SYNTH
2026-03-12 19:11:52.381Z,1.4722,1,SYNTH
2026-03-12 19:11:53.139Z,1.4722,1,SYNTH
2026-03-12 19:11:54.855Z,1.4700,1,SYNTH
2026-03-12 19:11:55.016Z,1.4694,1,SYNTH
2026-03-12 19:11:56.611Z,1.4714,1,SYNTH
2026-03-12 19:11:57.787Z,1.4694,1,SYNTH
2026-03-12 19:11:58.128Z,1.4712,1,SYNTH
2026-03-12 19:11:59.018Z,1.4692,1,SYNTH
2026-03-12 19:12:00.104Z,1.4684,1,SYNTH
2026-03-12 19:12:01.795Z,1.4707,1,SYNTH
2026-03-12 19:12:02.593Z,1.4706,1,SYNTH
2026-03-12 19:12:03.617Z,1.4679,1,SYNTH
2026-03-12 19:12:04.265Z,1.4716,1,SYNTH
2026-03-12 19:12:05.668Z,1.4720,1,SYNTH
2026-03-12 19:12:06.611Z,1.4696,1,SYNTH
2026-03-12 19:12:07.663Z,1.4718,1,SYNTH
2026-03-12 19:12:08.436Z,1.4678,1,SYNTH
2026-03-12 19:12:09.640Z,1.4718,1,SYNTH
2026-03-12 19:12:10.772Z,1.4688,1,SYNTH
2026-03-12 19:11:11.862Z,1.4512,1,SYNTH
2026-03-12 19:11:12.499Z,1.4486,1,SYNTH
2026-03-12 19:11:13.886Z,1.4520,1,SYNTH
2026-03-12 19:11:14.360Z,1.4495,1,SYNTH
2026-03-12 19:11:15.156Z,1.4493,1,SYNTH
2026-03-12 19:11:16.779Z,1.4502,1,SYNTH
2026-03-12 19:11:17.688Z,1.4505,1,SYNTH
2026-03-12 19:11:18.573Z,1.4517,1,SYNTH
2026-03-12 19:11:19.511Z,1.4496,1,SYNTH
2026-03-12 19:11:20.070Z,1.4502,1,SYNTH
2026-03-12 19:11:21.818Z,1.4497,1,SYNTH
2026-03-12 19:11:22.794Z,1.4517,1,SYNTH
2026-03-12 19:11:23.219Z,1.4494,1,SYNTH
2026-03-12 19:11:24.880Z,1.4485,1,SYNTH
2026-03-12 19:11:25.746Z,1.4509,1,SYNTH
2026-03-12 19:11:26.811Z,1.4497,1,SYNTH
2026-03-12 19:11:27.627Z,1.4484,1,SYNTH
2026-03-12 19:11:28.255Z,1.4509,1,SYNTH
2026-03-12 19:11:29.403Z,1.4490,1,SYNTH
2026-03-12 19:11:30.255Z,1.4495,1,SYNTH
2026-03-12 19:11:31.535Z,1.4504,1,SYNTH
2026-03-12 19:11:32.246Z,1.4504,1,SYNTH
2026-03-12 19:11:33.728Z,1.4478,1,SYNTH
2026-03-12 19:11:34.849Z,1.4506,1,SYNTH
2026-03-12 19:11:35.331Z,1.4515,1,SYNTH
2026-03-12 19:11:36.188Z,1.4502,1,SYNTH
2026-03-12 19:11:37.840Z,1.4480,1,SYNTH
2026-03-12 19:11:38.007Z,1.4498,1,SYNTH
2026-03-12 19:11:39.003Z,1.4508,1,SYNTH
2026-03-12 19:11:40.632Z,1.4515,1,SYNTH
2026-03-12 19:11:41.193Z,1.4514,1,SYNTH
2026-03-12 19:11:42.237Z,1.4478,1,SYNTH
2026-03-12 19:11:43.201Z,1.4502,1,SYNTH
2026-03-12 19:11:44.790Z,1.4478,1,SYNTH
2026-03-12 19:11:45.296Z,1.4511,1,SYNTH
2026-03-12 19:11:46.840Z,1.4481,1,SYNTH
2026-03-12 19:11:47.535Z,1.4515,1,SYNTH
2026-03-12 19:11:48.595Z,1.4518,1,SYNTH
2026-03-12 19:11:49.110Z,1.4517,1,SYNTH
2026-03-12 19:11:50.029Z,1.4515,1,SYNTH
2026-03-12 19:11:51.751Z,1.4485,1,SYNTH
2026-03-12 19:11:52.008Z,1.4490,1,SYNTH
2026-03-12 19:11:53.531Z,1.4512,1,SYNTH
2026-03-12 19:11:54.173Z,1.4487,1,SYNTH
2026-03-12 19:11:55.503Z,1.4517,1,SYNTH
2026-03-12 19:11:56.414Z,1.4509,1,SYNTH
2026-03-12 19:11:57.880Z,1.4509,1,SYNTH
2026-03-12 19:11:58.880Z,1.4496,1,SYNTH
2026-03-12 19:11:59.655Z,1.4509,1,SYNTH
2026-03-12 19:12:00.356Z,1.4495,1,SYNTH
2026-03-12 19:12:01.466Z,1.4482,1,SYNTH
2026-03-12 19:12:02.598Z,1.4516,1,SYNTH
2026-03-12 19:12:03.149Z,1.4516,1,SYNTH
2026-03-12 19:12:04.082Z,1.4487,1,SYNTH
2026-03-12 19:12:05.688Z,1.4512,1,SYNTH
2026-03-12 19:12:06.344Z,1.4510,1,SYNTH
2026-03-12 19:12:07.872Z,1.4494,1,SYNTH
2026-03-12 19:12:08.340Z,1.4512,1,SYNTH
2026-03-12 19:12:09.832Z,1.4489,1,SYNTH
2026-03-12 19:12:10.746Z,1.4504,1,SYNTH
2026-03-12 19:11:11.826Z,1.4469,1,SYNTH
2026-03-12 19:11:12.657Z,1.4429,1,SYNTH
2026-03-12 19:11:13.591Z,1.4464,1,SYNTH
2026-03-12 19:11:14.429Z,1.4442,1,SYNTH
2026-03-12 19:11:15.841Z,1.4442,1,SYNTH
2026-03-12 19:11:16.038Z,1.4466,1,SYNTH
2026-03-12 19:11:17.688Z,1.4444,1,SYNTH
2026-03-12 19:11:18.589Z,1.4453,1,SYNTH
2026-03-12 19:11:19.583Z,1.4440,1,SYNTH
2026-03-12 19:11:20.040Z,1.4431,1,SYNTH
2026-03-12 19:11:21.118Z,1.4472,1,SYNTH
2026-03-12 19:11:22.415Z,1.4447,1,SYNTH
2026-03-12 19:11:23.563Z,1.4457,1,SYNTH
2026-03-12 19:11:24.370Z,1.4447,1,SYNTH
2026-03-12 19:11:25.802Z,1.4470,1,SYNTH
2026-03-12 19:11:26.541Z,1.4444,1,SYNTH
2026-03-12 19:11:27.046Z,1.4463,1,SYNTH
2026-03-12 19:11:28.514Z,1.4434,1,SYNTH
2026-03-12 19:11:29.542Z,1.4435,1,SYNTH
2026-03-12 19:11:30.739Z,1.4454,1,SYNTH
2026-03-12 19:11:31.606Z,1.4433,1,SYNTH
2026-03-12 19:11:32.394Z,1.4456,1,SYNTH
2026-03-12 19:11:33.776Z,1.4467,1,SYNTH
2026-03-12 19:11:34.765Z,1.4443,1,SYNTH
2026-03-12 19:11:35.794Z,1.4433,1,SYNTH
2026-03-12 19:11:36.899Z,1.4451,1,SYNTH
2026-03-12 19:11:37.774Z,1.4428,1,SYNTH
2026-03-12 19:11:38.816Z,1.4457,1,SYNTH
2026-03-12 19:11:39.657Z,1.4441,1,SYNTH
2026-03-12 19:11:40.876Z,1.4463,1,SYNTH
2026-03-12 19:11:41.687Z,1.4436,1,SYNTH
2026-03-12 19:11:42.305Z,1.4432,1,SYNTH
2026-03-12 19:11:43.655Z,1.4458,1,SYNTH
2026-03-12 19:11:44.253Z,1.4467,1,SYNTH
2026-03-12 19:11:45.847Z,1.4471,1,SYNTH
2026-03-12 19:11:46.303Z,1.4459,1,SYNTH
2026-03-12 19:11:47.895Z,1.4434,1,SYNTH
2026-03-12 19:11:48.845Z,1.4462,1,SYNTH
2026-03-12 19:11:49.430Z,1.4457,1,SYNTH
2026-03-12 19:11:50.835Z,1.4452,1,SYNTH
2026-03-12 19:11:51.844Z,1.4439,1,SYNTH
2026-03-12 19:11:52.205Z,1.4470,1,SYNTH
2026-03-12 19:11:53.830Z,1.4433,1,SYNTH
2026-03-12 19:11:54.151Z,1.4462,1,SYNTH
2026-03-12 19:11:55.442Z,1.4440,1,SYNTH
2026-03-12 19:11:56.667Z,1.4429,1,SYNTH
2026-03-12 19:11:57.413Z,1.4436,1,SYNTH
2026-03-12 19:11:58.194Z,1.4450,1,SYNTH
2026-03-12 19:11:59.284Z,1.4442,1,SYNTH
2026-03-12 19:12:00.889Z,1.4454,1,SYNTH
2026-03-12 19:12:01.644Z,1.4465,1,SYNTH
2026-03-12 19:12:02.313Z,1.4471,1,SYNTH
2026-03-12 19:12:03.251Z,1.4436,1,SYNTH
2026-03-12 19:12:04.365Z,1.4452,1,SYNTH
2026-03-12 19:12:05.854Z,1.4456,1,SYNTH
2026-03-12 19:12:06.401Z,1.4461,1,SYNTH
2026-03-12 19:12:07.480Z,1.4458,1,SYNTH
2026-03-12 19:12:08.447Z,1.4431,1,SYNTH
2026-03-12 19:12:09.239Z,1.4467,1,SYNTH
2026-03-12 19:12:10.638Z,1.4457,1,SYNTH
2026-03-12 19:11:11.083Z,1.4417,1,SYNTH
2026-03-12 19:11:12.217Z,1.4424,1,SYNTH
2026-03-12 19:11:13.785Z,1.4381,1,SYNTH
2026-03-12 19:11:14.321Z,1.4403,1,SYNTH
2026-03-12 19:11:15.805Z,1.4397,1,SYNTH
2026-03-12 19:11:16.583Z,1.4405,1,SYNTH
2026-03-12 19:11:17.861Z,1.4384,1,SYNTH
2026-03-12 19:11:18.221Z,1.4398,1,SYNTH
2026-03-12 19:11:19.874Z,1.4386,1,SYNTH
2026-03-12 19:11:20.732Z,1.4413,1,SYNTH
2026-03-12 19:11:21.643Z,1.4404,1,SYNTH
2026-03-12 19:11:22.156Z,1.4384,1,SYNTH
2026-03-12 19:11:23.199Z,1.4379,1,SYNTH
2026-03-12 19:11:24.067Z,1.4416,1,SYNTH
2026-03-12 19:11:25.113Z,1.4403,1,SYNTH
2026-03-12 19:11:26.381Z,1.4405,1,SYNTH
2026-03-12 19:11:27.197Z,1.4412,1,SYNTH
2026-03-12 19:11:28.358Z,1.4404,1,SYNTH
2026-03-12 19:11:29.367Z,1.4392,1,SYNTH
2026-03-12 19:11:30.891Z,1.4411,1,SYNTH
2026-03-12 19:11:31.707Z,1.4390,1,SYNTH
2026-03-12 19:11:32.457Z,1.4390,1,SYNTH
2026-03-12 19:11:33.428Z,1.4422,1,SYNTH
2026-03-12 19:11:34.258Z,1.4415,1,SYNTH
2026-03-12 19:11:35.204Z,1.4386,1,SYNTH
2026-03-12 19:11:36.725Z,1.4403,1,SYNTH
2026-03-12 19:11:37.126Z,1.4409,1,SYNTH
2026-03-12 19:11:38.028Z,1.4399,1,SYNTH
2026-03-12 19:11:39.162Z,1.4411,1,SYNTH
2026-03-12 19:11:40.026Z,1.4388,1,SYNTH
2026-03-12 19:11:41.087Z,1.4403,1,SYNTH
2026-03-12 19:11:42.869Z,1.4389,1,SYNTH
2026-03-12 19:11:43.259Z,1.4409,1,SYNTH
2026-03-12 19:11:44.513Z,1.4421,1,SYNTH
2026-03-12 19:11:45.133Z,1.4387,1,SYNTH
2026-03-12 19:11:46.058Z,1.4413,1,SYNTH
2026-03-12 19:11:47.658Z,1.4384,1,SYNTH
2026-03-12 19:11:48.812Z,1.4388,1,SYNTH
2026-03-12 19:11:49.632Z,1.4393,1,SYNTH
2026-03-12 19:11:50.792Z,1.4421,1,SYNTH
2026-03-12 19:11:51.281Z,1.4387,1,SYNTH
2026-03-12 19:11:52.175Z,1.4404,1,SYNTH
2026-03-12 19:11:53.868Z,1.4396,1,SYNTH
2026-03-12 19:11:54.426Z,1.4413,1,SYNTH
2026-03-12 19:11:55.455Z,1.4382,1,SYNTH
2026-03-12 19:11:56.499Z,1.4411,1,SYNTH
2026-03-12 19:11:57.079Z,1.4405,1,SYNTH
2026-03-12 19:11:58.589Z,1.4397,1,SYNTH
2026-03-12 19:11:59.043Z,1.4385,1,SYNTH
2026-03-12 19:12:00.436Z,1.4401,1,SYNTH
2026-03-12 19:12:01.050Z,1.4408,1,SYNTH
2026-03-12 19:12:02.070Z,1.4392,1,SYNTH
2026-03-12 19:12:03.583Z,1.4399,1,SYNTH
2026-03-12 19:12:04.470Z,1.4404,1,SYNTH
2026-03-12 19:12:05.739Z,1.4409,1,SYNTH
2026-03-12 19:12:06.265Z,1.4416,1,SYNTH
2026-03-12 19:12:07.733Z,1.4388,1,SYNTH
2026-03-12 19:12:08.246Z,1.4400,1,SYNTH
2026-03-12 19:12:09.466Z,1.4404,1,SYNTH
2026-03-12 19:12:10.527Z,1.4418,1,SYNTH
2026-03-12 19:11:11.148Z,1.4720,1,SYNTH
2026-03-12 19:11:12.812Z,1.4703,1,SYNTH
2026-03-12 19:11:13.394Z,1.4688,1,SYNTH
2026-03-12 19:11:14.304Z,1.4688,1,SYNTH
2026-03-12 19:11:15.619Z,1.4715,1,SYNTH
2026-03-12 19:11:16.851Z,1.4720,1,SYNTH
2026-03-12 19:11:17.301Z,1.4679,1,SYNTH
2026-03-12 19:11:18.142Z,1.4710,1,SYNTH
2026-03-12 19:11:19.287Z,1.4707,1,SYNTH
2026-03-12 19:11:20.581Z,1.4695,1,SYNTH
2026-03-12 19:11:21.231Z,1.4709,1,SYNTH
2026-03-12 19:11:22.222Z,1.4681,1,SYNTH
2026-03-12 19:11:23.061Z,1.4717,1,SYNTH
2026-03-12 19:11:24.128Z,1.4684,1,SYNTH
2026-03-12 19:11:25.239Z,1.4681,1,SYNTH
2026-03-12 19:11:26.115Z,1.4704,1,SYNTH
2026-03-12 19:11:27.295Z,1.4713,1,SYNTH
2026-03-12 19:11:28.246Z,1.4719,1,SYNTH
2026-03-12 19:11:29.511Z,1.4690,1,SYNTH
2026-03-12 19:11:30.066Z,1.4680,1,SYNTH
2026-03-12 19:11:31.871Z,1.4716,1,SYNTH
2026-03-12 19:11:32.278Z,1.4681,1,SYNTH
2026-03-12 19:11:33.546Z,1.4716,1,SYNTH
2026-03-12 19:11:34.458Z,1.4689,1,SYNTH
2026-03-12 19:11:35.131Z,1.4692,1,SYNTH
2026-03-12 19:11:36.482Z,1.4702,1,SYNTH
2026-03-12 19:11:37.380Z,1.4682,1,SYNTH
2026-03-12 19:11:38.345Z,1.4709,1,SYNTH
2026-03-12 19:11:39.773Z,1.4686,1,SYNTH
2026-03-12 19:11:40.607Z,1.4704,1,SYNTH
2026-03-12 19:11:41.005Z,1.4677,1,SYNTH
2026-03-12 19:11:42.252Z,1.4703,1,SYNTH
2026-03-12 19:11:43.746Z,1.4717,1,SYNTH
2026-03-12 19:11:44.161Z,1.4684,1,SYNTH
2026-03-12 19:11:45.556Z,1.4710,1,SYNTH
2026-03-12 19:11:46.179Z,1.4702,1,SYNTH
2026-03-12 19:11:47.581Z,1.4704,1,SYNTH
2026-03-12 19:11:48.540Z,1.4697,1,SYNTH
2026-03-12 19:11:49.118Z,1.4712,1,SYNTH
2026-03-12 19:11:50.165Z,1.4678,1,SYNTH
2026-03-12 19:11:51.215Z,1.4705,1,SYNTH
2026-03-12 19:11:52.593Z,1.4714,1,SYNTH
2026-03-12 19:11:53.567Z,1.4709,1,SYNTH
2026-03-12 19:11:54.128Z,1.4683,1,SYNTH
2026-03-12 19:11:55.444Z,1.4704,1,SYNTH
2026-03-12 19:11:56.557Z,1.4686,1,SYNTH
2026-03-12 19:11:57.540Z,1.4720,1,SYNTH
2026-03-12 19:11:58.235Z,1.4712,1,SYNTH
2026-03-12 19:11:59.288Z,1.4686,1,SYNTH
2026-03-12 19:12:00.730Z,1.4684,1,SYNTH
2026-03-12 19:12:01.044Z,1.4714,1,SYNTH
2026-03-12 19:12:02.408Z,1.4693,1,SYNTH
2026-03-12 19:12:03.288Z,1.4705,1,SYNTH
2026-03-12 19:12:04.166Z,1.4680,1,SYNTH
2026-03-12 19:12:05.701Z,1.4719,1,SYNTH
2026-03-12 19:12:06.323Z,1.4685,1,SYNTH
2026-03-12 19:12:07.876Z,1.4683,1,SYNTH
2026-03-12 19:12:08.622Z,1.4711,1,SYNTH
2026-03-12 19:12:09.065Z,1.4680,1,SYNTH
2026-03-12 19:12:10.306Z,1.4702,1,SYNTH
2026-03-12 19:11:11.133Z,1.4703,1,SYNTH
2026-03-12 19:11:12.825Z,1.4718,1,SYNTH
2026-03-12 19:11:13.559Z,1.4692,1,SYNTH
2026-03-12 19:11:14.414Z,1.4710,1,SYNTH
2026-03-12 19:11:15.271Z,1.4686,1,SYNTH
2026-03-12 19:11:16.406Z,1.4678,1,SYNTH
2026-03-12 19:11:17.255Z,1.4713,1,SYNTH
2026-03-12 19:11:18.400Z,1.4689,1,SYNTH
2026-03-12 19:11:19.251Z,1.4678,1,SYNTH
2026-03-12 19:11:20.771Z,1.4711,1,SYNTH
2026-03-12 19:11:21.161Z,1.4720,1,SYNTH
2026-03-12 19:11:22.299Z,1.4693,1,SYNTH
2026-03-12 19:11:23.473Z,1.4714,1,SYNTH
2026-03-12 19:11:24.097Z,1.4683,1,SYNTH
2026-03-12 19:11:25.724Z,1.4703,1,SYNTH
2026-03-12 19:11:26.327Z,1.4688,1,SYNTH
2026-03-12 19:11:27.388Z,1.4716,1,SYNTH
2026-03-12 19:11:28.868Z,1.4703,1,SYNTH
2026-03-12 19:11:29.686Z,1.4678,1,SYNTH
2026-03-12 19:11:30.688Z,1.4696,1,SYNTH
2026-03-12 19:11:31.211Z,1.4718,1,SYNTH
2026-03-12 19:11:32.780Z,1.4693,1,SYNTH
2026-03-12 19:11:33.170Z,1.4682,1,SYNTH
2026-03-12 19:11:34.724Z,1.4710,1,SYNTH
2026-03-12 19:11:35.001Z,1.4708,1,SYNTH
2026-03-12 19:11:36.704Z,1.4684,1,SYNTH
2026-03-12 19:11:37.106Z,1.4701,1,SYNTH
2026-03-12 19:11:38.072Z,1.4719,1,SYNTH
2026-03-12 19:11:39.773Z,1.4697,1,SYNTH
2026-03-12 19:11:40.513Z,1.4706,1,SYNTH
2026-03-12 19:11:41.183Z,1.4699,1,SYNTH
2026-03-12 19:11:42.026Z,1.4696,1,SYNTH
2026-03-12 19:11:43.395Z,1.4713,1,SYNTH
2026-03-12 19:11:44.865Z,1.4682,1,SYNTH
2026-03-12 19:11:45.675Z,1.4714,1,SYNTH
2026-03-12 19:11:46.167Z,1.4720,1,SYNTH
2026-03-12 19:11:47.680Z,1.4707,1,SYNTH
2026-03-12 19:11:48.285Z,1.4686,1,SYNTH
2026-03-12 19:11:49.099Z,1.4688,1,SYNTH
2026-03-12 19:11:50.459Z,1.4702,1,SYNTH
2026-03-12 19:11:51.738Z,1.4688,1,SYNTH
2026-03-12 19:11:52.187Z,1.4717,1,SYNTH
2026-03-12 19:11:53.282Z,1.4682,1,SYNTH
2026-03-12 19:11:54.028Z,1.4705,1,SYNTH
2026-03-12 19:11:55.641Z,1.4678,1,SYNTH
2026-03-12 19:11:56.471Z,1.4706,1,SYNTH
2026-03-12 19:11:57.495Z,1.4702,1,SYNTH
2026-03-12 19:11:58.020Z,1.4722,1,SYNTH
2026-03-12 19:11:59.408Z,1.4721,1,SYNTH
2026-03-12 19:12:00.778Z,1.4713,1,SYNTH
2026-03-12 19:12:01.655Z,1.4683,1,SYNTH
2026-03-12 19:12:02.064Z,1.4721,1,SYNTH
2026-03-12 19:12:03.729Z,1.4707,1,SYNTH
2026-03-12 19:12:04.505Z,1.4683,1,SYNTH
2026-03-12 19:12:05.006Z,1.4718,1,SYNTH
2026-03-12 19:12:06.414Z,1.4681,1,SYNTH
2026-03-12 19:12:07.238Z,1.4710,1,SYNTH
2026-03-12 19:12:08.168Z,1.4698,1,SYNTH
2026-03-12 19:12:09.723Z,1.4680,1,SYNTH
2026-03-12 19:12:10.885Z,1.4706,1,SYNTH
2026-03-12 19:11:11.697Z,1.4508,1,SYNTH
2026-03-12 19:11:12.085Z,1.4492,1,SYNTH
2026-03-12 19:11:13.265Z,1.4510,1,SYNTH
2026-03-12 19:11:14.084Z,1.4513,1,SYNTH
2026-03-12 19:11:15.294Z,1.4518,1,SYNTH
2026-03-12 19:11:16.585Z,1.4490,1,SYNTH
2026-03-12 19:11:17.614Z,1.4514,1,SYNTH
2026-03-12 19:11:18.302Z,1.4503,1,SYNTH
2026-03-12 19:11:19.136Z,1.4488,1,SYNTH
2026-03-12 19:11:20.754Z,1.4517,1,SYNTH
2026-03-12 19:11:21.200Z,1.4498,1,SYNTH
2026-03-12 19:11:22.673Z,1.4517,1,SYNTH
2026-03-12 19:11:23.449Z,1.4501,1,SYNTH
2026-03-12 19:11:24.208Z,1.4506,1,SYNTH
2026-03-12 19:11:25.645Z,1.4489,1,SYNTH
2026-03-12 19:11:26.757Z,1.4501,1,SYNTH
2026-03-12 19:11:27.470Z,1.4511,1,SYNTH
2026-03-12 19:11:28.496Z,1.4477,1,SYNTH
2026-03-12 19:11:29.721Z,1.4510,1,SYNTH
2026-03-12 19:11:30.139Z,1.4480,1,SYNTH
2026-03-12 19:11:31.078Z,1.4502,1,SYNTH
2026-03-12 19:11:32.181Z,1.4480,1,SYNTH
2026-03-12 19:11:33.254Z,1.4504,1,SYNTH
2026-03-12 19:11:34.573Z,1.4512,1,SYNTH
2026-03-12 19:11:35.231Z,1.4488,1,SYNTH
2026-03-12 19:11:36.336Z,1.4485,1,SYNTH
2026-03-12 19:11:37.720Z,1.4518,1,SYNTH
2026-03-12 19:11:38.057Z,1.4506,1,SYNTH
2026-03-12 19:11:39.823Z,1.4518,1,SYNTH
2026-03-12 19:11:40.667Z,1.4498,1,SYNTH
2026-03-12 19:11:41.237Z,1.4519,1,SYNTH
2026-03-12 19:11:42.329Z,1.4491,1,SYNTH
2026-03-12 19:11:43.895Z,1.4483,1,SYNTH
2026-03-12 19:11:44.208Z,1.4500,1,SYNTH
2026-03-12 19:11:45.628Z,1.4511,1,SYNTH
2026-03-12 19:11:46.864Z,1.4515,1,SYNTH
2026-03-12 19:11:47.458Z,1.4481,1,SYNTH
2026-03-12 19:11:48.364Z,1.4488,1,SYNTH
2026-03-12 19:11:49.512Z,1.4505,1,SYNTH
2026-03-12 19:11:50.789Z,1.4514,1,SYNTH
2026-03-12 19:11:51.267Z,1.4483,1,SYNTH
2026-03-12 19:11:52.792Z,1.4519,1,SYNTH
2026-03-12 19:11:53.338Z,1.4482,1,SYNTH
2026-03-12 19:11:54.499Z,1.4495,1,SYNTH
2026-03-12 19:11:55.759Z,1.4514,1,SYNTH
2026-03-12 19:11:56.841Z,1.4516,1,SYNTH
2026-03-12 19:11:57.419Z,1.4509,1,SYNTH
2026-03-12 19:11:58.635Z,1.4482,1,SYNTH
2026-03-12 19:11:59.791Z,1.4505,1,SYNTH
2026-03-12 19:12:00.417Z,1.4491,1,SYNTH
2026-03-12 19:12:01.694Z,1.4517,1,SYNTH
2026-03-12 19:12:02.049Z,1.4487,1,SYNTH
2026-03-12 19:12:03.684Z,1.4512,1,SYNTH
2026-03-12 19:12:04.133Z,1.4487,1,SYNTH
2026-03-12 19:12:05.730Z,1.4501,1,SYNTH
2026-03-12 19:12:06.511Z,1.4481,1,SYNTH
2026-03-12 19:12:07.341Z,1.4520,1,SYNTH
2026-03-12 19:12:08.712Z,1.4485,1,SYNTH
2026-03-12 19:12:09.380Z,1.4512,1,SYNTH
2026-03-12 19:12:10.092Z,1.4482,1,SYNTH
2026-03-12 19:11:11.064Z,1.4822,1,SYNTH
2026-03-12 19:11:12.751Z,1.4828,1,SYNTH
2026-03-12 19:11:13.890Z,1.4838,1,SYNTH
2026-03-12 19:11:14.457Z,1.4797,1,SYNTH
2026-03-12 19:11:15.187Z,1.4834,1,SYNTH
2026-03-12 19:11:16.124Z,1.4808,1,SYNTH
2026-03-12 19:11:17.634Z,1.4828,1,SYNTH
2026-03-12 19:11:18.647Z,1.4806,1,SYNTH
2026-03-12 19:11:19.359Z,1.4821,1,SYNTH
2026-03-12 19:11:20.188Z,1.4834,1,SYNTH
2026-03-12 19:11:21.658Z,1.4801,1,SYNTH
2026-03-12 19:11:22.882Z,1.4841,1,SYNTH
2026-03-12 19:11:23.164Z,1.4837,1,SYNTH
2026-03-12 19:11:24.885Z,1.4800,1,SYNTH
2026-03-12 19:11:25.448Z,1.4808,1,SYNTH
2026-03-12 19:11:26.608Z,1.4826,1,SYNTH
2026-03-12 19:11:27.165Z,1.4836,1,SYNTH
2026-03-12 19:11:28.679Z,1.4832,1,SYNTH
2026-03-12 19:11:29.319Z,1.4827,1,SYNTH
2026-03-12 19:11:30.880Z,1.4801,1,SYNTH
2026-03-12 19:11:31.779Z,1.4798,1,SYNTH
2026-03-12 19:11:32.611Z,1.4800,1,SYNTH
2026-03-12 19:11:33.341Z,1.4798,1,SYNTH
2026-03-12 19:11:34.879Z,1.4798,1,SYNTH
2026-03-12 19:11:35.149Z,1.4786,1,SYNTH
2026-03-12 19:11:36.128Z,1.4779,1,SYNTH
2026-03-12 19:11:37.748Z,1.4768,1,SYNTH
2026-03-12 19:11:38.806Z,1.4755,1,SYNTH
2026-03-12 19:11:39.122Z,1.4740,1,SYNTH
2026-03-12 19:11:40.138Z,1.4740,1,SYNTH
2026-03-12 19:11:41.134Z,1.4726,1,SYNTH
2026-03-12 19:11:42.129Z,1.4714,1,SYNTH
2026-03-12 19:11:43.146Z,1.4723,1,SYNTH
2026-03-12 19:11:44.540Z,1.4719,1,SYNTH
2026-03-12 19:11:45.436Z,1.4707,1,SYNTH
2026-03-12 19:11:46.609Z,1.4698,1,SYNTH
2026-03-12 19:11:47.860Z,1.4717,1,SYNTH
2026-03-12 19:11:48.563Z,1.4693,1,SYNTH
2026-03-12 19:11:49.521Z,1.4698,1,SYNTH
2026-03-12 19:11:50.534Z,1.4709,1,SYNTH
2026-03-12 19:11:51.424Z,1.4718,1,SYNTH
2026-03-12 19:11:52.255Z,1.4713,1,SYNTH
2026-03-12 19:11:53.486Z,1.4708,1,SYNTH
2026-03-12 19:11:54.185Z,1.4709,1,SYNTH
2026-03-12 19:11:55.731Z,1.4719,1,SYNTH
2026-03-12 19:11:56.452Z,1.4721,1,SYNTH
2026-03-12 19:11:57.832Z,1.4719,1,SYNTH
2026-03-12 19:11:58.623Z,1.4697,1,SYNTH
2026-03-12 19:11:59.227Z,1.4710,1,SYNTH
2026-03-12 19:12:00.090Z,1.4730,1,SYNTH
2026-03-12 19:12:01.579Z,1.4729,1,SYNTH
2026-03-12 19:12:02.545Z,1.4697,1,SYNTH
2026-03-12 19:12:03.439Z,1.4696,1,SYNTH
2026-03-12 19:12:04.166Z,1.4695,1,SYNTH
2026-03-12 19:12:05.388Z,1.4724,1,SYNTH
2026-03-12 19:12:06.315Z,1.4686,1,SYNTH
2026-03-12 19:12:07.885Z,1.4713,1,SYNTH
2026-03-12 19:12:08.541Z,1.4691,1,SYNTH
2026-03-12 19:12:09.156Z,1.4718,1,SYNTH
2026-03-12 19:12:10.001Z,1.4695,1,SYNTH
2026-03-12 19:11:11.643Z,1.4714,1,SYNTH
2026-03-12 19:11:12.170Z,1.4681,1,SYNTH
2026-03-12 19:11:13.298Z,1.4702,1,SYNTH
2026-03-12 19:11:14.744Z,1.4713,1,SYNTH
2026-03-12 19:11:15.360Z,1.4691,1,SYNTH
2026-03-12 19:11:16.357Z,1.4715,1,SYNTH
2026-03-12 19:11:17.005Z,1.4692,1,SYNTH
2026-03-12 19:11:18.566Z,1.4691,1,SYNTH
2026-03-12 19:11:19.219Z,1.4704,1,SYNTH
2026-03-12 19:11:20.001Z,1.4680,1,SYNTH
2026-03-12 19:11:21.009Z,1.4685,1,SYNTH
2026-03-12 19:11:22.585Z,1.4683,1,SYNTH
2026-03-12 19:11:23.827Z,1.4702,1,SYNTH
2026-03-12 19:11:24.136Z,1.4710,1,SYNTH
2026-03-12 19:11:25.551Z,1.4708,1,SYNTH
2026-03-12 19:11:26.671Z,1.4714,1,SYNTH
2026-03-12 19:11:27.156Z,1.4690,1,SYNTH
2026-03-12 19:11:28.406Z,1.4722,1,SYNTH
2026-03-12 19:11:29.716Z,1.4694,1,SYNTH
2026-03-12 19:11:30.340Z,1.4703,1,SYNTH
2026-03-12 19:11:31.338Z,1.4686,1,SYNTH
2026-03-12 19:11:32.865Z,1.4713,1,SYNTH
2026-03-12 19:11:33.497Z,1.4680,1,SYNTH
2026-03-12 19:11:34.106Z,1.4717,1,SYNTH
2026-03-12 19:11:35.509Z,1.4692,1,SYNTH
2026-03-12 19:11:36.530Z,1.4721,1,SYNTH
2026-03-12 19:11:37.487Z,1.4684,1,SYNTH
2026-03-12 19:11:38.852Z,1.4717,1,SYNTH
2026-03-12 19:11:39.042Z,1.4688,1,SYNTH
2026-03-12 19:11:40.341Z,1.4712,1,SYNTH
2026-03-12 19:11:41.745Z,1.4710,1,SYNTH
2026-03-12 19:11:42.221Z,1.4694,1,SYNTH
2026-03-12 19:11:43.029Z,1.4678,1,SYNTH
2026-03-12 19:11:44.803Z,1.4702,1,SYNTH
2026-03-12 19:11:45.042Z,1.4713,1,SYNTH
2026-03-12 19:11:46.371Z,1.4686,1,SYNTH
2026-03-12 19:11:47.282Z,1.4702,1,SYNTH
2026-03-12 19:11:48.109Z,1.4722,1,SYNTH
2026-03-12 19:11:49.068Z,1.4692,1,SYNTH
2026-03-12 19:11:50.653Z,1.4712,1,SYNTH
2026-03-12 19:11:51.758Z,1.4691,1,SYNTH
2026-03-12 19:11:52.524Z,1.4680,1,SYNTH
2026-03-12 19:11:53.047Z,1.4712,1,SYNTH
2026-03-12 19:11:54.034Z,1.4699,1,SYNTH
2026-03-12 19:11:55.732Z,1.4680,1,SYNTH
2026-03-12 19:11:56.823Z,1.4719,1,SYNTH
2026-03-12 19:11:57.168Z,1.4713,1,SYNTH
2026-03-12 19:11:58.317Z,1.4689,1,SYNTH
2026-03-12 19:11:59.197Z,1.4717,1,SYNTH
2026-03-12 19:12:00.453Z,1.4690,1,SYNTH
2026-03-12 19:12:01.473Z,1.4711,1,SYNTH
2026-03-12 19:12:02.332Z,1.4712,1,SYNTH
2026-03-12 19:12:03.308Z,1.4694,1,SYNTH
2026-03-12 19:12:04.173Z,1.4700,1,SYNTH
2026-03-12 19:12:05.007Z,1.4713,1,SYNTH
2026-03-12 19:12:06.156Z,1.4715,1,SYNTH
2026-03-12 19:12:07.286Z,1.4711,1,SYNTH
2026-03-12 19:12:08.838Z,1.4682,1,SYNTH
2026-03-12 19:12:09.641Z,1.4683,1,SYNTH
2026-03-12 19:12:10.347Z,1.4715,1,SYNTH
2026-03-12 19:11:11.649Z,1.4509,1,SYNTH
2026-03-12 19:11:12.415Z,1.4515,1,SYNTH
2026-03-12 19:11:13.013Z,1.4481,1,SYNTH
2026-03-12 19:11:14.248Z,1.4520,1,SYNTH
2026-03-12 19:11:15.484Z,1.4507,1,SYNTH
2026-03-12 19:11:16.532Z,1.4512,1,SYNTH
2026-03-12 19:11:17.215Z,1.4498,1,SYNTH
2026-03-12 19:11:18.243Z,1.4502,1,SYNTH
2026-03-12 19:11:19.268Z,1.4518,1,SYNTH
2026-03-12 19:11:20.417Z,1.4495,1,SYNTH
2026-03-12 19:11:21.314Z,1.4513,1,SYNTH
2026-03-12 19:11:22.325Z,1.4494,1,SYNTH
2026-03-12 19:11:23.800Z,1.4506,1,SYNTH
2026-03-12 19:11:24.290Z,1.4492,1,SYNTH
2026-03-12 19:11:25.582Z,1.4515,1,SYNTH
2026-03-12 19:11:26.669Z,1.4492,1,SYNTH
2026-03-12 19:11:27.776Z,1.4504,1,SYNTH
2026-03-12 19:11:28.141Z,1.4514,1,SYNTH
2026-03-12 19:11:29.284Z,1.4482,1,SYNTH
2026-03-12 19:11:30.349Z,1.4487,1,SYNTH
2026-03-12 19:11:31.878Z,1.4503,1,SYNTH
2026-03-12 19:11:32.582Z,1.4514,1,SYNTH
2026-03-12 19:11:33.253Z,1.4520,1,SYNTH
2026-03-12 19:11:34.114Z,1.4508,1,SYNTH
2026-03-12 19:11:35.176Z,1.4487,1,SYNTH
2026-03-12 19:11:36.104Z,1.4506,1,SYNTH
2026-03-12 19:11:37.657Z,1.4518,1,SYNTH
2026-03-12 19:11:38.376Z,1.4488,1,SYNTH
2026-03-12 19:11:39.552Z,1.4506,1,SYNTH
2026-03-12 19:11:40.698Z,1.4503,1,SYNTH
2026-03-12 19:11:41.519Z,1.4484,1,SYNTH
2026-03-12 19:11:42.513Z,1.4501,1,SYNTH
2026-03-12 19:11:43.453Z,1.4499,1,SYNTH
2026-03-12 19:11:44.668Z,1.4510,1,SYNTH
2026-03-12 19:11:45.888Z,1.4514,1,SYNTH
2026-03-12 19:11:46.250Z,1.4492,1,SYNTH
2026-03-12 19:11:47.454Z,1.4492,1,SYNTH
2026-03-12 19:11:48.413Z,1.4506,1,SYNTH
2026-03-12 19:11:49.366Z,1.4497,1,SYNTH
2026-03-12 19:11:50.573Z,1.4488,1,SYNTH
2026-03-12 19:11:51.860Z,1.4504,1,SYNTH
2026-03-12 19:11:52.883Z,1.4481,1,SYNTH
2026-03-12 19:11:53.679Z,1.4491,1,SYNTH
2026-03-12 19:11:54.725Z,1.4510,1,SYNTH
2026-03-12 19:11:55.075Z,1.4481,1,SYNTH
2026-03-12 19:11:56.757Z,1.4500,1,SYNTH
2026-03-12 19:11:57.375Z,1.4515,1,SYNTH
2026-03-12 19:11:58.109Z,1.4491,1,SYNTH
2026-03-12 19:11:59.091Z,1.4510,1,SYNTH
2026-03-12 19:12:00.653Z,1.4482,1,SYNTH
2026-03-12 19:12:01.218Z,1.4512,1,SYNTH
2026-03-12 19:12:02.376Z,1.4483,1,SYNTH
2026-03-12 19:12:03.129Z,1.4512,1,SYNTH
2026-03-12 19:12:04.270Z,1.4486,1,SYNTH
2026-03-12 19:12:05.204Z,1.4509,1,SYNTH
2026-03-12 19:12:06.071Z,1.4487,1,SYNTH
2026-03-12 19:12:07.313Z,1.4514,1,SYNTH
2026-03-12 19:12:08.475Z,1.4507,1,SYNTH
2026-03-12 19:12:09.508Z,1.4490,1,SYNTH
2026-03-12 19:12:10.841Z,1.4503,1,SYNTH
2026-03-12 19:11:11.796Z,1.4501,1,SYNTH
2026-03-12 19:11:12.786Z,1.4520,1,SYNTH
2026-03-12 19:11:13.448Z,1.4517,1,SYNTH
2026-03-12 19:11:14.635Z,1.4484,1,SYNTH
2026-03-12 19:11:15.575Z,1.4522,1,SYNTH
2026-03-12 19:11:16.333Z,1.4507,1,SYNTH
2026-03-12 19:11:17.241Z,1.4486,1,SYNTH
2026-03-12 19:11:18.343Z,1.4513,1,SYNTH
2026-03-12 19:11:19.064Z,1.4501,1,SYNTH
2026-03-12 19:11:20.080Z,1.4489,1,SYNTH
2026-03-12 19:11:21.765Z,1.4517,1,SYNTH
2026-03-12 19:11:22.351Z,1.4516,1,SYNTH
2026-03-12 19:11:23.572Z,1.4516,1,SYNTH
2026-03-12 19:11:24.397Z,1.4484,1,SYNTH
2026-03-12 19:11:25.610Z,1.4482,1,SYNTH
2026-03-12 19:11:26.790Z,1.4515,1,SYNTH
2026-03-12 19:11:27.521Z,1.4484,1,SYNTH
2026-03-12 19:11:28.885Z,1.4498,1,SYNTH
2026-03-12 19:11:29.294Z,1.4502,1,SYNTH
2026-03-12 19:11:30.191Z,1.4516,1,SYNTH
2026-03-12 19:11:31.634Z,1.4499,1,SYNTH
2026-03-12 19:11:32.786Z,1.4503,1,SYNTH
2026-03-12 19:11:33.305Z,1.4505,1,SYNTH
2026-03-12 19:11:34.084Z,1.4495,1,SYNTH
2026-03-12 19:11:35.845Z,1.4498,1,SYNTH
2026-03-12 19:11:36.315Z,1.4499,1,SYNTH
2026-03-12 19:11:37.017Z,1.4501,1,SYNTH
2026-03-12 19:11:38.782Z,1.4510,1,SYNTH
2026-03-12 19:11:39.164Z,1.4515,1,SYNTH
2026-03-12 19:11:40.637Z,1.4498,1,SYNTH
2026-03-12 19:11:41.814Z,1.4516,1,SYNTH
2026-03-12 19:11:42.892Z,1.4492,1,SYNTH
2026-03-12 19:11:43.503Z,1.4477,1,SYNTH
2026-03-12 19:11:44.808Z,1.4506,1,SYNTH
2026-03-12 19:11:45.542Z,1.4487,1,SYNTH
2026-03-12 19:11:46.223Z,1.4504,1,SYNTH
2026-03-12 19:11:47.816Z,1.4481,1,SYNTH
2026-03-12 19:11:48.054Z,1.4505,1,SYNTH
2026-03-12 19:11:49.672Z,1.4500,1,SYNTH
2026-03-12 19:11:50.413Z,1.4518,1,SYNTH
2026-03-12 19:11:51.531Z,1.4508,1,SYNTH
2026-03-12 19:11:52.518Z,1.4513,1,SYNTH
2026-03-12 19:11:53.244Z,1.4517,1,SYNTH
2026-03-12 19:11:54.461Z,1.4499,1,SYNTH
2026-03-12 19:11:55.542Z,1.4488,1,SYNTH
2026-03-12 19:11:56.521Z,1.4478,1,SYNTH
2026-03-12 19:11:57.604Z,1.4517,1,SYNTH
2026-03-12 19:11:58.193Z,1.4491,1,SYNTH
2026-03-12 19:11:59.837Z,1.4520,1,SYNTH
2026-03-12 19:12:00.685Z,1.4488,1,SYNTH
2026-03-12 19:12:01.452Z,1.4505,1,SYNTH
2026-03-12 19:12:02.650Z,1.4517,1,SYNTH
2026-03-12 19:12:03.572Z,1.4496,1,SYNTH
2026-03-12 19:12:04.834Z,1.4510,1,SYNTH
2026-03-12 19:12:05.434Z,1.4478,1,SYNTH
2026-03-12 19:12:06.438Z,1.4490,1,SYNTH
2026-03-12 19:12:07.152Z,1.4513,1,SYNTH
2026-03-12 19:12:08.410Z,1.4497,1,SYNTH
2026-03-12 19:12:09.792Z,1.4521,1,SYNTH
2026-03-12 19:12:10.127Z,1.4499,1,SYNTH
2026-03-12 19:11:11.568Z,1.4514,1,SYNTH
2026-03-12 19:11:12.696Z,1.4479,1,SYNTH
2026-03-12 19:11:13.776Z,1.4512,1,SYNTH
2026-03-12 19:11:14.435Z,1.4483,2,SYNTH
2026-03-12 19:11:15.099Z,1.4518,1,SYNTH
2026-03-12 19:11:16.184Z,1.4478,1,SYNTH
2026-03-12 19:11:17.620Z,1.4507,1,SYNTH
2026-03-12 19:11:18.619Z,1.4518,1,SYNTH
2026-03-12 19:11:19.134Z,1.4488,1,SYNTH
2026-03-12 19:11:20.428Z,1.4507,1,SYNTH
2026-03-12 19:11:21.335Z,1.4496,1,SYNTH
2026-03-12 19:11:22.183Z,1.4513,4,SYNTH
2026-03-12 19:11:23.252Z,1.4488,2,SYNTH
2026-03-12 19:11:24.125Z,1.4518,2,SYNTH
2026-03-12 19:11:25.584Z,1.4480,1,SYNTH
2026-03-12 19:11:26.425Z,1.4510,1,SYNTH
2026-03-12 19:11:27.074Z,1.4491,1,SYNTH
2026-03-12 19:11:28.314Z,1.4502,2,SYNTH
2026-03-12 19:11:29.417Z,1.4510,2,SYNTH
2026-03-12 19:11:30.729Z,1.4484,1,SYNTH
2026-03-12 19:11:31.292Z,1.4513,1,SYNTH
2026-03-12 19:11:32.556Z,1.4486,1,SYNTH
2026-03-12 19:11:33.368Z,1.4509,1,SYNTH
2026-03-12 19:11:34.362Z,1.4499,1,SYNTH
2026-03-12 19:11:35.008Z,1.4484,1,SYNTH
2026-03-12 19:11:36.726Z,1.4505,1,SYNTH
2026-03-12 19:11:37.141Z,1.4506,1,SYNTH
2026-03-12 19:11:38.336Z,1.4504,1,SYNTH
2026-03-12 19:11:39.092Z,1.4495,1,SYNTH
2026-03-12 19:11:40.633Z,1.4503,1,SYNTH
2026-03-12 19:11:41.150Z,1.4485,1,SYNTH
2026-03-12 19:11:42.638Z,1.4493,1,SYNTH
2026-03-12 19:11:43.317Z,1.4500,1,SYNTH
2026-03-12 19:11:44.478Z,1.4499,1,SYNTH
2026-03-12 19:11:45.441Z,1.4518,1,SYNTH
2026-03-12 19:11:46.651Z,1.4490,1,SYNTH
2026-03-12 19:11:47.417Z,1.4503,1,SYNTH
2026-03-12 19:11:48.684Z,1.4488,3,SYNTH
2026-03-12 19:11:49.135Z,1.4492,2,SYNTH
2026-03-12 19:11:50.279Z,1.4503,3,SYNTH
2026-03-12 19:11:51.516Z,1.4514,2,SYNTH
2026-03-12 19:11:52.401Z,1.4489,1,SYNTH
2026-03-12 19:11:53.170Z,1.4506,1,SYNTH
2026-03-12 19:11:54.348Z,1.4483,1,SYNTH
2026-03-12 19:11:55.465Z,1.4516,1,SYNTH
2026-03-12 19:11:56.027Z,1.4489,2,SYNTH
2026-03-12 19:11:57.031Z,1.4478,2,SYNTH
2026-03-12 19:11:58.413Z,1.4511,1,SYNTH
2026-03-12 19:11:59.375Z,1.4509,1,SYNTH
2026-03-12 19:12:00.664Z,1.4485,1,SYNTH
2026-03-12 19:12:01.655Z,1.4515,1,SYNTH
2026-03-12 19:12:02.197Z,1.4514,1,SYNTH
2026-03-12 19:12:03.170Z,1.4491,1,SYNTH
2026-03-12 19:12:04.551Z,1.4516,1,SYNTH
2026-03-12 19:12:05.639Z,1.4495,1,SYNTH
2026-03-12 19:12:06.314Z,1.4505,1,SYNTH
2026-03-12 19:12:07.215Z,1.4519,1,SYNTH
2026-03-12 19:12:08.715Z,1.4496,1,SYNTH
2026-03-12 19:12:09.857Z,1.4487,2,SYNTH
2026-03-12 19:12:10.887Z,1.4513,2,SYNTH
2026-03-12 19:11:11.872Z,1.4614,1,SYNTH
2026-03-12 19:11:12.400Z,1.4579,1,SYNTH
2026-03-12 19:11:13.577Z,1.4617,1,SYNTH
2026-03-12 19:11:14.474Z,1.4586,1,SYNTH
2026-03-12 19:11:15.052Z,1.4618,1,SYNTH
2026-03-12 19:11:16.612Z,1.4615,1,SYNTH
2026-03-12 19:11:17.279Z,1.4592,1,SYNTH
2026-03-12 19:11:18.220Z,1.4612,1,SYNTH
2026-03-12 19:11:19.539Z,1.4607,1,SYNTH
2026-03-12 19:11:20.803Z,1.4588,1,SYNTH
2026-03-12 19:11:21.832Z,1.4619,1,SYNTH
2026-03-12 19:11:22.892Z,1.4598,1,SYNTH
2026-03-12 19:11:23.308Z,1.4615,1,SYNTH
2026-03-12 19:11:24.685Z,1.4611,1,SYNTH
2026-03-12 19:11:25.483Z,1.4596,1,SYNTH
2026-03-12 19:11:26.587Z,1.4601,1,SYNTH
2026-03-12 19:11:27.660Z,1.4618,1,SYNTH
2026-03-12 19:11:28.421Z,1.4615,1,SYNTH
2026-03-12 19:11:29.857Z,1.4609,1,SYNTH
2026-03-12 19:11:30.189Z,1.4589,1,SYNTH
2026-03-12 19:11:31.312Z,1.4617,1,SYNTH
2026-03-12 19:11:32.501Z,1.4610,1,SYNTH
2026-03-12 19:11:33.525Z,1.4588,1,SYNTH
2026-03-12 19:11:34.062Z,1.4589,1,SYNTH
2026-03-12 19:11:35.437Z,1.4615,1,SYNTH
2026-03-12 19:11:36.285Z,1.4616,1,SYNTH
2026-03-12 19:11:37.353Z,1.4617,1,SYNTH
2026-03-12 19:11:38.793Z,1.4609,1,SYNTH
2026-03-12 19:11:39.286Z,1.4582,1,SYNTH
2026-03-12 19:11:40.040Z,1.4583,1,SYNTH
2026-03-12 19:11:41.878Z,1.4602,1,SYNTH
2026-03-12 19:11:42.669Z,1.4614,1,SYNTH
2026-03-12 19:11:43.693Z,1.4598,1,SYNTH
2026-03-12 19:11:44.160Z,1.4608,1,SYNTH
2026-03-12 19:11:45.519Z,1.4603,1,SYNTH
2026-03-12 19:11:46.894Z,1.4614,1,SYNTH
2026-03-12 19:11:47.108Z,1.4593,1,SYNTH
2026-03-12 19:11:48.652Z,1.4621,1,SYNTH
2026-03-12 19:11:49.040Z,1.4590,1,SYNTH
2026-03-12 19:11:50.334Z,1.4595,1,SYNTH
2026-03-12 19:11:51.457Z,1.4614,1,SYNTH
2026-03-12 19:11:52.609Z,1.4602,1,SYNTH
2026-03-12 19:11:53.255Z,1.4589,1,SYNTH
2026-03-12 19:11:54.714Z,1.4605,1,SYNTH
2026-03-12 19:11:55.050Z,1.4587,1,SYNTH
2026-03-12 19:11:56.429Z,1.4592,1,SYNTH
2026-03-12 19:11:57.682Z,1.4602,1,SYNTH
2026-03-12 19:11:58.668Z,1.4623,1,SYNTH
2026-03-12 19:11:59.064Z,1.4595,1,SYNTH
2026-03-12 19:12:00.391Z,1.4592,1,SYNTH
2026-03-12 19:12:01.362Z,1.4619,1,SYNTH
2026-03-12 19:12:02.605Z,1.4607,1,SYNTH
2026-03-12 19:12:03.644Z,1.4588,1,SYNTH
2026-03-12 19:12:04.732Z,1.4595,1,SYNTH
2026-03-12 19:12:05.504Z,1.4602,1,SYNTH
2026-03-12 19:12:06.705Z,1.4620,1,SYNTH
2026-03-12 19:12:07.401Z,1.4583,1,SYNTH
2026-03-12 19:12:08.439Z,1.4610,1,SYNTH
2026-03-12 19:12:09.029Z,1.4583,1,SYNTH
2026-03-12 19:12:10.457Z,1.4617,1,SYNTH
2026-03-12 19:11:11.110Z,1.4660,1,SYNTH
2026-03-12 19:11:12.819Z,1.4663,1,SYNTH
2026-03-12 19:11:13.494Z,1.4628,1,SYNTH
2026-03-12 19:11:14.061Z,1.4652,1,SYNTH
2026-03-12 19:11:15.102Z,1.4670,1,SYNTH
2026-03-12 19:11:16.251Z,1.4664,1,SYNTH
2026-03-12 19:11:17.844Z,1.4643,1,SYNTH
2026-03-12 19:11:18.459Z,1.4646,1,SYNTH
2026-03-12 19:11:19.475Z,1.4659,1,SYNTH
2026-03-12 19:11:20.844Z,1.4645,1,SYNTH
2026-03-12 19:11:21.128Z,1.4656,1,SYNTH
2026-03-12 19:11:22.674Z,1.4656,1,SYNTH
2026-03-12 19:11:23.616Z,1.4666,1,SYNTH
2026-03-12 19:11:24.297Z,1.4637,1,SYNTH
2026-03-12 19:11:25.891Z,1.4665,1,SYNTH
2026-03-12 19:11:26.207Z,1.4650,1,SYNTH
2026-03-12 19:11:27.547Z,1.4659,1,SYNTH
2026-03-12 19:11:28.849Z,1.4669,1,SYNTH
2026-03-12 19:11:29.158Z,1.4657,1,SYNTH
2026-03-12 19:11:30.837Z,1.4651,1,SYNTH
2026-03-12 19:11:31.629Z,1.4645,1,SYNTH
2026-03-12 19:11:32.688Z,1.4655,1,SYNTH
2026-03-12 19:11:33.808Z,1.4664,1,SYNTH
2026-03-12 19:11:34.159Z,1.4668,1,SYNTH
2026-03-12 19:11:35.726Z,1.4635,1,SYNTH
2026-03-12 19:11:36.046Z,1.4666,1,SYNTH
2026-03-12 19:11:37.604Z,1.4632,1,SYNTH
2026-03-12 19:11:38.199Z,1.4663,1,SYNTH
2026-03-12 19:11:39.584Z,1.4649,1,SYNTH
2026-03-12 19:11:40.791Z,1.4653,1,SYNTH
2026-03-12 19:11:41.283Z,1.4655,1,SYNTH
2026-03-12 19:11:42.277Z,1.4647,1,SYNTH
2026-03-12 19:11:43.174Z,1.4662,1,SYNTH
2026-03-12 19:11:44.377Z,1.4635,1,SYNTH
2026-03-12 19:11:45.088Z,1.4651,1,SYNTH
2026-03-12 19:11:46.792Z,1.4636,1,SYNTH
2026-03-12 19:11:47.648Z,1.4633,1,SYNTH
2026-03-12 19:11:48.755Z,1.4669,1,SYNTH
2026-03-12 19:11:49.465Z,1.4638,1,SYNTH
2026-03-12 19:11:50.814Z,1.4665,1,SYNTH
2026-03-12 19:11:51.023Z,1.4645,1,SYNTH
2026-03-12 19:11:52.028Z,1.4656,1,SYNTH
2026-03-12 19:11:53.618Z,1.4653,1,SYNTH
2026-03-12 19:11:54.825Z,1.4667,1,SYNTH
2026-03-12 19:11:55.458Z,1.4647,1,SYNTH
2026-03-12 19:11:56.001Z,1.4631,1,SYNTH
2026-03-12 19:11:57.629Z,1.4661,1,SYNTH
2026-03-12 19:11:58.397Z,1.4634,1,SYNTH
2026-03-12 19:11:59.032Z,1.4655,1,SYNTH
2026-03-12 19:12:00.070Z,1.4660,1,SYNTH
2026-03-12 19:12:01.164Z,1.4629,1,SYNTH
2026-03-12 19:12:02.686Z,1.4672,1,SYNTH
2026-03-12 19:12:03.689Z,1.4639,1,SYNTH
2026-03-12 19:12:04.377Z,1.4664,1,SYNTH
2026-03-12 19:12:05.554Z,1.4642,1,SYNTH
2026-03-12 19:12:06.856Z,1.4668,1,SYNTH
2026-03-12 19:12:07.346Z,1.4652,1,SYNTH
2026-03-12 19:12:08.436Z,1.4641,1,SYNTH
2026-03-12 19:12:09.749Z,1.4660,1,SYNTH
2026-03-12 19:12:10.378Z,1.4666,1,SYNTH
2026-03-12 19:11:11.658Z,1.4608,1,SYNTH
2026-03-12 19:11:12.138Z,1.4580,1,SYNTH
2026-03-12 19:11:13.801Z,1.4613,1,SYNTH
2026-03-12 19:11:14.116Z,1.4595,1,SYNTH
2026-03-12 19:11:15.855Z,1.4595,1,SYNTH
2026-03-12 19:11:16.169Z,1.4602,1,SYNTH
2026-03-12 19:11:17.687Z,1.4618,1,SYNTH
2026-03-12 19:11:18.549Z,1.4578,1,SYNTH
2026-03-12 19:11:19.284Z,1.4600,1,SYNTH
2026-03-12 19:11:20.294Z,1.4588,1,SYNTH
2026-03-12 19:11:21.277Z,1.4606,1,SYNTH
2026-03-12 19:11:22.877Z,1.4604,1,SYNTH
2026-03-12 19:11:23.218Z,1.4610,1,SYNTH
2026-03-12 19:11:24.227Z,1.4619,1,SYNTH
2026-03-12 19:11:25.734Z,1.4586,1,SYNTH
2026-03-12 19:11:26.188Z,1.4609,1,SYNTH
2026-03-12 19:11:27.280Z,1.4617,1,SYNTH
2026-03-12 19:11:28.616Z,1.4595,1,SYNTH
2026-03-12 19:11:29.676Z,1.4615,1,SYNTH
2026-03-12 19:11:30.222Z,1.4618,1,SYNTH
2026-03-12 19:11:31.645Z,1.4589,1,SYNTH
2026-03-12 19:11:32.317Z,1.4575,1,SYNTH
2026-03-12 19:11:33.645Z,1.4584,1,SYNTH
2026-03-12 19:11:34.110Z,1.4573,1,SYNTH
2026-03-12 19:11:35.816Z,1.4547,1,SYNTH
2026-03-12 19:11:36.334Z,1.4540,1,SYNTH
2026-03-12 19:11:37.384Z,1.4542,1,SYNTH
2026-03-12 19:11:38.109Z,1.4523,1,SYNTH
2026-03-12 19:11:39.676Z,1.4512,1,SYNTH
2026-03-12 19:11:40.421Z,1.4506,1,SYNTH
2026-03-12 19:11:41.796Z,1.4499,1,SYNTH
2026-03-12 19:11:42.794Z,1.4480,1,SYNTH
2026-03-12 19:11:43.142Z,1.4480,1,SYNTH
2026-03-12 19:11:44.197Z,1.4468,1,SYNTH
2026-03-12 19:11:45.782Z,1.4466,1,SYNTH
2026-03-12 19:11:46.083Z,1.4453,1,SYNTH
2026-03-12 19:11:47.078Z,1.4442,1,SYNTH
2026-03-12 19:11:48.103Z,1.4452,1,SYNTH
2026-03-12 19:11:49.376Z,1.4436,1,SYNTH
2026-03-12 19:11:50.874Z,1.4469,1,SYNTH
2026-03-12 19:11:51.641Z,1.4469,1,SYNTH
2026-03-12 19:11:52.408Z,1.4472,1,SYNTH
2026-03-12 19:11:53.417Z,1.4440,1,SYNTH
2026-03-12 19:11:54.254Z,1.4472,1,SYNTH
2026-03-12 19:11:55.491Z,1.4467,1,SYNTH
2026-03-12 19:11:56.406Z,1.4460,1,SYNTH
2026-03-12 19:11:57.787Z,1.4480,1,SYNTH
2026-03-12 19:11:58.039Z,1.4483,1,SYNTH
2026-03-12 19:11:59.459Z,1.4450,1,SYNTH
2026-03-12 19:12:00.121Z,1.4464,1,SYNTH
2026-03-12 19:12:01.219Z,1.4449,1,SYNTH
2026-03-12 19:12:02.161Z,1.4446,1,SYNTH
2026-03-12 19:12:03.274Z,1.4454,1,SYNTH
2026-03-12 19:12:04.280Z,1.4436,1,SYNTH
2026-03-12 19:12:05.105Z,1.4457,1,SYNTH
2026-03-12 19:12:06.192Z,1.4460,1,SYNTH
2026-03-12 19:12:07.018Z,1.4445,1,SYNTH
2026-03-12 19:12:08.009Z,1.4469,1,SYNTH
2026-03-12 19:12:09.191Z,1.4439,1,SYNTH
2026-03-12 19:12:10.180Z,1.4453,1,SYNTH
2026-03-12 19:11:11.385Z,1.4313,1,SYNTH
2026-03-12 19:11:12.293Z,1.4314,1,SYNTH
2026-03-12 19:11:13.214Z,1.4316,1,SYNTH
2026-03-12 19:11:14.189Z,1.4292,1,SYNTH
2026-03-12 19:11:15.577Z,1.4319,1,SYNTH
2026-03-12 19:11:16.021Z,1.4283,1,SYNTH
2026-03-12 19:11:17.726Z,1.4320,1,SYNTH
2026-03-12 19:11:18.427Z,1.4281,1,SYNTH
2026-03-12 19:11:19.638Z,1.4302,1,SYNTH
2026-03-12 19:11:20.397Z,1.4315,1,SYNTH
2026-03-12 19:11:21.873Z,1.4310,1,SYNTH
2026-03-12 19:11:22.107Z,1.4295,1,SYNTH
2026-03-12 19:11:23.067Z,1.4294,1,SYNTH
2026-03-12 19:11:24.393Z,1.4304,1,SYNTH
2026-03-12 19:11:25.798Z,1.4278,1,SYNTH
2026-03-12 19:11:26.715Z,1.4310,1,SYNTH
2026-03-12 19:11:27.239Z,1.4283,1,SYNTH
2026-03-12 19:11:28.530Z,1.4319,1,SYNTH
2026-03-12 19:11:29.107Z,1.4283,1,SYNTH
2026-03-12 19:11:30.033Z,1.4317,1,SYNTH
2026-03-12 19:11:31.849Z,1.4295,1,SYNTH
2026-03-12 19:11:32.156Z,1.4289,1,SYNTH
2026-03-12 19:11:33.499Z,1.4283,1,SYNTH
2026-03-12 19:11:34.505Z,1.4299,1,SYNTH
2026-03-12 19:11:35.523Z,1.4300,1,SYNTH
2026-03-12 19:11:36.569Z,1.4322,1,SYNTH
2026-03-12 19:11:37.381Z,1.4287,1,SYNTH
2026-03-12 19:11:38.761Z,1.4323,1,SYNTH
2026-03-12 19:11:39.622Z,1.4282,1,SYNTH
2026-03-12 19:11:40.410Z,1.4314,1,SYNTH
2026-03-12 19:11:41.034Z,1.4283,1,SYNTH
2026-03-12 19:11:42.367Z,1.4277,1,SYNTH
2026-03-12 19:11:43.120Z,1.4301,1,SYNTH
2026-03-12 19:11:44.430Z,1.4311,1,SYNTH
2026-03-12 19:11:45.298Z,1.4311,1,SYNTH
2026-03-12 19:11:46.412Z,1.4290,1,SYNTH
2026-03-12 19:11:47.851Z,1.4317,1,SYNTH
2026-03-12 19:11:48.754Z,1.4320,1,SYNTH
2026-03-12 19:11:49.828Z,1.4294,1,SYNTH
2026-03-12 19:11:50.280Z,1.4314,1,SYNTH
2026-03-12 19:11:51.187Z,1.4305,1,SYNTH
2026-03-12 19:11:52.732Z,1.4291,1,SYNTH
2026-03-12 19:11:53.784Z,1.4300,1,SYNTH
2026-03-12 19:11:54.725Z,1.4304,1,SYNTH
2026-03-12 19:11:55.716Z,1.4290,1,SYNTH
2026-03-12 19:11:56.678Z,1.4279,1,SYNTH
2026-03-12 19:11:57.844Z,1.4309,1,SYNTH
2026-03-12 19:11:58.004Z,1.4279,1,SYNTH
2026-03-12 19:11:59.044Z,1.4299,1,SYNTH
2026-03-12 19:12:00.166Z,1.4299,1,SYNTH
2026-03-12 19:12:01.011Z,1.4297,1,SYNTH
2026-03-12 19:12:02.247Z,1.4308,1,SYNTH
2026-03-12 19:12:03.487Z,1.4314,1,SYNTH
2026-03-12 19:12:04.306Z,1.4305,1,SYNTH
2026-03-12 19:12:05.486Z,1.4285,1,SYNTH
2026-03-12 19:12:06.357Z,1.4311,1,SYNTH
2026-03-12 19:12:07.412Z,1.4306,1,SYNTH
2026-03-12 19:12:08.372Z,1.4306,1,SYNTH
2026-03-12 19:12:09.080Z,1.4288,1,SYNTH
2026-03-12 19:12:10.118Z,1.4315,1,SYNTH
2026-03-12 19:11:11.287Z,1.4514,1,SYNTH
2026-03-12 19:11:12.224Z,1.4510,1,SYNTH
2026-03-12 19:11:13.629Z,1.4486,1,SYNTH
2026-03-12 19:11:14.611Z,1.4504,1,SYNTH
2026-03-12 19:11:15.201Z,1.4512,1,SYNTH
2026-03-12 19:11:16.854Z,1.4476,1,SYNTH
2026-03-12 19:11:17.878Z,1.4512,1,SYNTH
2026-03-12 19:11:18.229Z,1.4504,1,SYNTH
2026-03-12 19:11:19.574Z,1.4489,1,SYNTH
2026-03-12 19:11:20.236Z,1.4504,1,SYNTH
2026-03-12 19:11:21.141Z,1.4516,1,SYNTH
2026-03-12 19:11:22.346Z,1.4518,1,SYNTH
2026-03-12 19:11:23.490Z,1.4513,1,SYNTH
2026-03-12 19:11:24.327Z,1.4478,1,SYNTH
2026-03-12 19:11:25.446Z,1.4511,1,SYNTH
2026-03-12 19:11:26.616Z,1.4486,1,SYNTH
2026-03-12 19:11:27.333Z,1.4495,1,SYNTH
2026-03-12 19:11:28.172Z,1.4502,1,SYNTH
2026-03-12 19:11:29.195Z,1.4514,1,SYNTH
2026-03-12 19:11:30.732Z,1.4486,1,SYNTH
2026-03-12 19:11:31.749Z,1.4488,1,SYNTH
2026-03-12 19:11:32.315Z,1.4500,1,SYNTH
2026-03-12 19:11:33.000Z,1.4485,1,SYNTH
2026-03-12 19:11:34.247Z,1.4507,1,SYNTH
2026-03-12 19:11:35.060Z,1.4496,1,SYNTH
2026-03-12 19:11:36.889Z,1.4513,1,SYNTH
2026-03-12 19:11:37.491Z,1.4486,1,SYNTH
2026-03-12 19:11:38.143Z,1.4487,1,SYNTH
2026-03-12 19:11:39.343Z,1.4501,1,SYNTH
2026-03-12 19:11:40.831Z,1.4510,1,SYNTH
2026-03-12 19:11:41.549Z,1.4484,1,SYNTH
2026-03-12 19:11:42.508Z,1.4513,1,SYNTH
2026-03-12 19:11:43.655Z,1.4511,1,SYNTH
2026-03-12 19:11:44.850Z,1.4508,1,SYNTH
2026-03-12 19:11:45.290Z,1.4498,1,SYNTH
2026-03-12 19:11:46.843Z,1.4497,1,SYNTH
2026-03-12 19:11:47.687Z,1.4501,1,SYNTH
2026-03-12 19:11:48.528Z,1.4494,1,SYNTH
2026-03-12 19:11:49.172Z,1.4515,1,SYNTH
2026-03-12 19:11:50.296Z,1.4506,1,SYNTH
2026-03-12 19:11:51.856Z,1.4479,1,SYNTH
2026-03-12 19:11:52.246Z,1.4509,1,SYNTH
2026-03-12 19:11:53.016Z,1.4493,1,SYNTH
2026-03-12 19:11:54.736Z,1.4513,1,SYNTH
2026-03-12 19:11:55.808Z,1.4477,1,SYNTH
2026-03-12 19:11:56.722Z,1.4515,1,SYNTH
2026-03-12 19:11:57.662Z,1.4475,1,SYNTH
2026-03-12 19:11:58.651Z,1.4514,1,SYNTH
2026-03-12 19:11:59.176Z,1.4493,1,SYNTH
2026-03-12 19:12:00.309Z,1.4499,1,SYNTH
2026-03-12 19:12:01.237Z,1.4510,1,SYNTH
2026-03-12 19:12:02.210Z,1.4481,1,SYNTH
2026-03-12 19:12:03.846Z,1.4486,1,SYNTH
2026-03-12 19:12:04.355Z,1.4504,1,SYNTH
2026-03-12 19:12:05.498Z,1.4492,1,SYNTH
2026-03-12 19:12:06.078Z,1.4493,1,SYNTH
2026-03-12 19:12:07.049Z,1.4508,1,SYNTH
2026-03-12 19:12:08.524Z,1.4517,1,SYNTH
2026-03-12 19:12:09.887Z,1.4496,1,SYNTH
2026-03-12 19:12:10.335Z,1.4488,1,SYNTH
2026-03-12 19:11:11.470Z,1.4309,1,SYNTH
2026-03-12 19:11:12.063Z,1.4287,1,SYNTH
2026-03-12 19:11:13.702Z,1.4307,1,SYNTH
2026-03-12 19:11:14.175Z,1.4301,1,SYNTH
2026-03-12 19:11:15.751Z,1.4319,1,SYNTH
2026-03-12 19:11:16.761Z,1.4286,1,SYNTH
2026-03-12 19:11:17.193Z,1.4283,1,SYNTH
2026-03-12 19:11:18.357Z,1.4305,1,SYNTH
2026-03-12 19:11:19.232Z,1.4310,1,SYNTH
2026-03-12 19:11:20.344Z,1.4277,1,SYNTH
2026-03-12 19:11:21.236Z,1.4295,1,SYNTH
2026-03-12 19:11:22.791Z,1.4313,1,SYNTH
2026-03-12 19:11:23.186Z,1.4284,1,SYNTH
2026-03-12 19:11:24.194Z,1.4320,1,SYNTH
2026-03-12 19:11:25.831Z,1.4294,1,SYNTH
2026-03-12 19:11:26.125Z,1.4307,1,SYNTH
2026-03-12 19:11:27.673Z,1.4280,1,SYNTH
2026-03-12 19:11:28.057Z,1.4312,1,SYNTH
2026-03-12 19:11:29.669Z,1.4305,1,SYNTH
2026-03-12 19:11:30.405Z,1.4286,1,SYNTH
2026-03-12 19:11:31.313Z,1.4281,1,SYNTH
2026-03-12 19:11:32.215Z,1.4293,1,SYNTH
2026-03-12 19:11:33.684Z,1.4314,1,SYNTH
2026-03-12 19:11:34.193Z,1.4305,1,SYNTH
2026-03-12 19:11:35.035Z,1.4284,1,SYNTH
2026-03-12 19:11:36.700Z,1.4307,1,SYNTH
2026-03-12 19:11:37.374Z,1.4279,1,SYNTH
2026-03-12 19:11:38.390Z,1.4317,1,SYNTH
2026-03-12 19:11:39.658Z,1.4313,1,SYNTH
2026-03-12 19:11:40.152Z,1.4321,1,SYNTH
2026-03-12 19:11:41.782Z,1.4284,1,SYNTH
2026-03-12 19:11:42.370Z,1.4309,1,SYNTH
2026-03-12 19:11:43.773Z,1.4290,1,SYNTH
2026-03-12 19:11:44.213Z,1.4290,1,SYNTH
2026-03-12 19:11:45.341Z,1.4287,1,SYNTH
2026-03-12 19:11:46.504Z,1.4300,1,SYNTH
2026-03-12 19:11:47.551Z,1.4308,1,SYNTH
2026-03-12 19:11:48.527Z,1.4314,1,SYNTH
2026-03-12 19:11:49.037Z,1.4302,1,SYNTH
2026-03-12 19:11:50.272Z,1.4288,1,SYNTH
2026-03-12 19:11:51.403Z,1.4310,1,SYNTH
2026-03-12 19:11:52.468Z,1.4313,1,SYNTH
2026-03-12 19:11:53.651Z,1.4291,1,SYNTH
2026-03-12 19:11:54.502Z,1.4319,1,SYNTH
2026-03-12 19:11:55.462Z,1.4290,1,SYNTH
2026-03-12 19:11:56.376Z,1.4284,1,SYNTH
2026-03-12 19:11:57.159Z,1.4312,1,SYNTH
2026-03-12 19:11:58.444Z,1.4295,1,SYNTH
2026-03-12 19:11:59.584Z,1.4322,1,SYNTH
2026-03-12 19:12:00.467Z,1.4288,1,SYNTH
2026-03-12 19:12:01.648Z,1.4319,1,SYNTH
2026-03-12 19:12:02.513Z,1.4279,1,SYNTH
2026-03-12 19:12:03.545Z,1.4309,1,SYNTH
2026-03-12 19:12:04.657Z,1.4282,1,SYNTH
2026-03-12 19:12:05.756Z,1.4306,1,SYNTH
2026-03-12 19:12:06.622Z,1.4294,1,SYNTH
2026-03-12 19:12:07.642Z,1.4312,1,SYNTH
2026-03-12 19:12:08.148Z,1.4282,1,SYNTH
2026-03-12 19:12:09.593Z,1.4284,1,SYNTH
2026-03-12 19:12:10.815Z,1.4304,1,SYNTH
2026-03-12 19:11:11.326Z,1.4402,1,SYNTH
2026-03-12 19:11:12.822Z,1.4404,1,SYNTH
2026-03-12 19:11:13.034Z,1.4399,1,SYNTH
2026-03-12 19:11:14.645Z,1.4382,1,SYNTH
2026-03-12 19:11:15.430Z,1.4412,1,SYNTH
2026-03-12 19:11:16.341Z,1.4385,1,SYNTH
2026-03-12 19:11:17.607Z,1.4413,1,SYNTH
2026-03-12 19:11:18.519Z,1.4385,1,SYNTH
2026-03-12 19:11:19.596Z,1.4377,1,SYNTH
2026-03-12 19:11:20.407Z,1.4420,1,SYNTH
2026-03-12 19:11:21.709Z,1.4419,1,SYNTH
2026-03-12 19:11:22.260Z,1.4394,1,SYNTH
2026-03-12 19:11:23.854Z,1.4407,1,SYNTH
2026-03-12 19:11:24.785Z,1.4405,1,SYNTH
2026-03-12 19:11:25.223Z,1.4410,1,SYNTH
2026-03-12 19:11:26.483Z,1.4420,1,SYNTH
2026-03-12 19:11:27.538Z,1.4413,1,SYNTH
2026-03-12 19:11:28.802Z,1.4384,1,SYNTH
2026-03-12 19:11:29.627Z,1.4407,1,SYNTH
2026-03-12 19:11:30.819Z,1.4406,1,SYNTH
2026-03-12 19:11:31.390Z,1.4396,1,SYNTH
2026-03-12 19:11:32.449Z,1.4384,1,SYNTH
2026-03-12 19:11:33.402Z,1.4403,1,SYNTH
2026-03-12 19:11:34.206Z,1.4413,1,SYNTH
2026-03-12 19:11:35.664Z,1.4391,1,SYNTH
2026-03-12 19:11:36.562Z,1.4416,1,SYNTH
2026-03-12 19:11:37.323Z,1.4394,1,SYNTH
2026-03-12 19:11:38.371Z,1.4378,1,SYNTH
2026-03-12 19:11:39.753Z,1.4420,1,SYNTH
2026-03-12 19:11:40.327Z,1.4384,1,SYNTH
2026-03-12 19:11:41.659Z,1.4387,1,SYNTH
2026-03-12 19:11:42.213Z,1.4402,1,SYNTH
2026-03-12 19:11:43.814Z,1.4420,1,SYNTH
2026-03-12 19:11:44.594Z,1.4391,1,SYNTH
2026-03-12 19:11:45.529Z,1.4415,1,SYNTH
2026-03-12 19:11:46.392Z,1.4384,1,SYNTH
2026-03-12 19:11:47.625Z,1.4419,1,SYNTH
2026-03-12 19:11:48.095Z,1.4383,1,SYNTH
2026-03-12 19:11:49.321Z,1.4401,1,SYNTH
2026-03-12 19:11:50.193Z,1.4381,1,SYNTH
2026-03-12 19:11:51.077Z,1.4412,1,SYNTH
2026-03-12 19:11:52.089Z,1.4397,1,SYNTH
2026-03-12 19:11:53.511Z,1.4411,1,SYNTH
2026-03-12 19:11:54.316Z,1.4400,1,SYNTH
2026-03-12 19:11:55.245Z,1.4384,1,SYNTH
2026-03-12 19:11:56.163Z,1.4410,1,SYNTH
2026-03-12 19:11:57.131Z,1.4405,1,SYNTH
2026-03-12 19:11:58.416Z,1.4418,1,SYNTH
2026-03-12 19:11:59.560Z,1.4394,1,SYNTH
2026-03-12 19:12:00.254Z,1.4392,1,SYNTH
2026-03-12 19:12:01.784Z,1.4416,1,SYNTH
2026-03-12 19:12:02.794Z,1.4408,1,SYNTH
2026-03-12 19:12:03.526Z,1.4420,1,SYNTH
2026-03-12 19:12:04.651Z,1.4396,1,SYNTH
2026-03-12 19:12:05.647Z,1.4407,1,SYNTH
2026-03-12 19:12:06.582Z,1.4380,1,SYNTH
2026-03-12 19:12:07.035Z,1.4410,1,SYNTH
2026-03-12 19:12:08.172Z,1.4407,1,SYNTH
2026-03-12 19:12:09.317Z,1.4406,1,SYNTH
2026-03-12 19:12:10.738Z,1.4380,1,SYNTH
2026-03-12 19:11:11.028Z,1.4316,1,SYNTH
2026-03-12 19:11:12.804Z,1.4317,1,SYNTH
2026-03-12 19:11:13.607Z,1.4297,1,SYNTH
2026-03-12 19:11:14.547Z,1.4305,1,SYNTH
2026-03-12 19:11:15.683Z,1.4308,1,SYNTH
2026-03-12 19:11:16.361Z,1.4320,1,SYNTH
2026-03-12 19:11:17.378Z,1.4287,1,SYNTH
2026-03-12 19:11:18.810Z,1.4304,1,SYNTH
2026-03-12 19:11:19.070Z,1.4302,1,SYNTH
2026-03-12 19:11:20.169Z,1.4312,1,SYNTH
2026-03-12 19:11:21.234Z,1.4284,1,SYNTH
2026-03-12 19:11:22.367Z,1.4311,1,SYNTH
2026-03-12 19:11:23.168Z,1.4286,1,SYNTH
2026-03-12 19:11:24.788Z,1.4278,1,SYNTH
2026-03-12 19:11:25.559Z,1.4306,1,SYNTH
2026-03-12 19:11:26.750Z,1.4283,1,SYNTH
2026-03-12 19:11:27.645Z,1.4290,1,SYNTH
2026-03-12 19:11:28.278Z,1.4303,1,SYNTH
2026-03-12 19:11:29.037Z,1.4304,1,SYNTH
2026-03-12 19:11:30.323Z,1.4287,1,SYNTH
2026-03-12 19:11:31.022Z,1.4300,1,SYNTH
2026-03-12 19:11:32.334Z,1.4313,1,SYNTH
2026-03-12 19:11:33.235Z,1.4294,1,SYNTH
2026-03-12 19:11:34.451Z,1.4279,1,SYNTH
2026-03-12 19:11:35.517Z,1.4303,1,SYNTH
2026-03-12 19:11:36.404Z,1.4297,1,SYNTH
2026-03-12 19:11:37.785Z,1.4305,1,SYNTH
2026-03-12 19:11:38.877Z,1.4283,1,SYNTH
2026-03-12 19:11:39.777Z,1.4295,1,SYNTH
2026-03-12 19:11:40.327Z,1.4311,1,SYNTH
2026-03-12 19:11:41.607Z,1.4315,1,SYNTH
2026-03-12 19:11:42.874Z,1.4287,1,SYNTH
2026-03-12 19:11:43.035Z,1.4310,1,SYNTH
2026-03-12 19:11:44.570Z,1.4313,1,SYNTH
2026-03-12 19:11:45.194Z,1.4305,1,SYNTH
2026-03-12 19:11:46.752Z,1.4291,1,SYNTH
2026-03-12 19:11:47.480Z,1.4306,1,SYNTH
2026-03-12 19:11:48.381Z,1.4281,1,SYNTH
2026-03-12 19:11:49.613Z,1.4304,1,SYNTH
2026-03-12 19:11:50.008Z,1.4308,1,SYNTH
2026-03-12 19:11:51.227Z,1.4286,1,SYNTH
2026-03-12 19:11:52.328Z,1.4316,1,SYNTH
2026-03-12 19:11:53.438Z,1.4321,1,SYNTH
2026-03-12 19:11:54.818Z,1.4307,1,SYNTH
2026-03-12 19:11:55.142Z,1.4281,1,SYNTH
2026-03-12 19:11:56.742Z,1.4305,1,SYNTH
2026-03-12 19:11:57.718Z,1.4288,1,SYNTH
2026-03-12 19:11:58.495Z,1.4294,1,SYNTH
2026-03-12 19:11:59.884Z,1.4316,1,SYNTH
2026-03-12 19:12:00.784Z,1.4308,1,SYNTH
2026-03-12 19:12:01.322Z,1.4282,1,SYNTH
2026-03-12 19:12:02.122Z,1.4288,1,SYNTH
2026-03-12 19:12:03.744Z,1.4298,1,SYNTH
2026-03-12 19:12:04.796Z,1.4306,1,SYNTH
2026-03-12 19:12:05.657Z,1.4308,1,SYNTH
2026-03-12 19:12:06.626Z,1.4280,1,SYNTH
2026-03-12 19:12:07.601Z,1.4314,1,SYNTH
2026-03-12 19:12:08.153Z,1.4309,1,SYNTH
2026-03-12 19:12:09.751Z,1.4301,1,SYNTH
2026-03-12 19:12:10.489Z,1.4295,1,SYNTH
2026-03-12 19:11:11.020Z,1.4217,1,SYNTH
2026-03-12 19:11:12.236Z,1.4204,1,SYNTH
2026-03-12 19:11:13.385Z,1.4199,1,SYNTH
2026-03-12 19:11:14.468Z,1.4179,1,SYNTH
2026-03-12 19:11:15.470Z,1.4204,1,SYNTH
2026-03-12 19:11:16.257Z,1.4211,1,SYNTH
2026-03-12 19:11:17.585Z,1.4209,1,SYNTH
2026-03-12 19:11:18.462Z,1.4190,1,SYNTH
2026-03-12 19:11:19.750Z,1.4204,1,SYNTH
2026-03-12 19:11:20.426Z,1.4179,1,SYNTH
2026-03-12 19:11:21.156Z,1.4209,1,SYNTH
2026-03-12 19:11:22.383Z,1.4211,1,SYNTH
2026-03-12 19:11:23.053Z,1.4213,1,SYNTH
2026-03-12 19:11:24.257Z,1.4187,1,SYNTH
2026-03-12 19:11:25.663Z,1.4205,1,SYNTH
2026-03-12 19:11:26.289Z,1.4196,1,SYNTH
2026-03-12 19:11:27.396Z,1.4206,1,SYNTH
2026-03-12 19:11:28.780Z,1.4221,1,SYNTH
2026-03-12 19:11:29.881Z,1.4190,1,SYNTH
2026-03-12 19:11:30.835Z,1.4197,1,SYNTH
2026-03-12 19:11:31.120Z,1.4185,1,SYNTH
2026-03-12 19:11:32.391Z,1.4182,1,SYNTH
2026-03-12 19:11:33.320Z,1.4203,1,SYNTH
2026-03-12 19:11:34.540Z,1.4191,1,SYNTH
2026-03-12 19:11:35.434Z,1.4188,1,SYNTH
2026-03-12 19:11:36.351Z,1.4183,1,SYNTH
2026-03-12 19:11:37.635Z,1.4216,1,SYNTH
2026-03-12 19:11:38.833Z,1.4199,1,SYNTH
2026-03-12 19:11:39.630Z,1.4190,1,SYNTH
2026-03-12 19:11:40.859Z,1.4194,1,SYNTH
2026-03-12 19:11:41.166Z,1.4209,1,SYNTH
2026-03-12 19:11:42.455Z,1.4221,1,SYNTH
2026-03-12 19:11:43.348Z,1.4213,1,SYNTH
2026-03-12 19:11:44.758Z,1.4183,1,SYNTH
2026-03-12 19:11:45.175Z,1.4196,1,SYNTH
2026-03-12 19:11:46.071Z,1.4209,1,SYNTH
2026-03-12 19:11:47.768Z,1.4179,1,SYNTH
2026-03-12 19:11:48.358Z,1.4205,1,SYNTH
2026-03-12 19:11:49.378Z,1.4187,1,SYNTH
2026-03-12 19:11:50.554Z,1.4214,1,SYNTH
2026-03-12 19:11:51.568Z,1.4191,1,SYNTH
2026-03-12 19:11:52.766Z,1.4183,1,SYNTH
2026-03-12 19:11:53.551Z,1.4203,1,SYNTH
2026-03-12 19:11:54.357Z,1.4182,1,SYNTH
2026-03-12 19:11:55.237Z,1.4219,1,SYNTH
2026-03-12 19:11:56.057Z,1.4185,1,SYNTH
2026-03-12 19:11:57.539Z,1.4218,1,SYNTH
2026-03-12 19:11:58.327Z,1.4207,1,SYNTH
2026-03-12 19:11:59.401Z,1.4189,1,SYNTH
2026-03-12 19:12:00.708Z,1.4200,1,SYNTH
2026-03-12 19:12:01.173Z,1.4212,1,SYNTH
2026-03-12 19:12:02.737Z,1.4215,1,SYNTH
2026-03-12 19:12:03.589Z,1.4191,1,SYNTH
2026-03-12 19:12:04.705Z,1.4215,1,SYNTH
2026-03-12 19:12:05.493Z,1.4216,1,SYNTH
2026-03-12 19:12:06.817Z,1.4198,1,SYNTH
2026-03-12 19:12:07.886Z,1.4179,1,SYNTH
2026-03-12 19:12:08.393Z,1.4199,1,SYNTH
2026-03-12 19:12:09.478Z,1.4189,1,SYNTH
2026-03-12 19:12:10.745Z,1.4216,1,SYNTH
2026-03-12 19:11:11.049Z,1.4218,1,SYNTH
2026-03-12 19:11:12.410Z,1.4186,1,SYNTH
2026-03-12 19:11:13.358Z,1.4220,1,SYNTH
2026-03-12 19:11:14.740Z,1.4188,1,SYNTH
2026-03-12 19:11:15.465Z,1.4217,1,SYNTH
2026-03-12 19:11:16.002Z,1.4194,1,SYNTH
2026-03-12 19:11:17.638Z,1.4203,1,SYNTH
2026-03-12 19:11:18.625Z,1.4188,1,SYNTH
2026-03-12 19:11:19.174Z,1.4192,1,SYNTH
2026-03-12 19:11:20.677Z,1.4209,1,SYNTH
2026-03-12 19:11:21.007Z,1.4210,1,SYNTH
2026-03-12 19:11:22.027Z,1.4218,1,SYNTH
2026-03-12 19:11:23.739Z,1.4215,1,SYNTH
2026-03-12 19:11:24.492Z,1.4207,1,SYNTH
2026-03-12 19:11:25.067Z,1.4184,1,SYNTH
2026-03-12 19:11:26.594Z,1.4223,1,SYNTH
2026-03-12 19:11:27.556Z,1.4219,1,SYNTH
2026-03-12 19:11:28.404Z,1.4198,1,SYNTH
2026-03-12 19:11:29.129Z,1.4212,1,SYNTH
2026-03-12 19:11:30.050Z,1.4205,1,SYNTH
2026-03-12 19:11:31.561Z,1.4189,1,SYNTH
2026-03-12 19:11:32.437Z,1.4219,1,SYNTH
2026-03-12 19:11:33.032Z,1.4184,1,SYNTH
2026-03-12 19:11:34.562Z,1.4182,1,SYNTH
2026-03-12 19:11:35.018Z,1.4199,1,SYNTH
2026-03-12 19:11:36.726Z,1.4202,1,SYNTH
2026-03-12 19:11:37.822Z,1.4208,1,SYNTH
2026-03-12 19:11:38.761Z,1.4208,1,SYNTH
2026-03-12 19:11:39.185Z,1.4200,1,SYNTH
2026-03-12 19:11:40.661Z,1.4198,1,SYNTH
2026-03-12 19:11:41.282Z,1.4180,1,SYNTH
2026-03-12 19:11:42.830Z,1.4212,1,SYNTH
2026-03-12 19:11:43.737Z,1.4220,1,SYNTH
2026-03-12 19:11:44.862Z,1.4189,1,SYNTH
2026-03-12 19:11:45.830Z,1.4179,1,SYNTH
2026-03-12 19:11:46.744Z,1.4205,1,SYNTH
2026-03-12 19:11:47.371Z,1.4219,1,SYNTH
2026-03-12 19:11:48.239Z,1.4212,1,SYNTH
2026-03-12 19:11:49.076Z,1.4191,1,SYNTH
2026-03-12 19:11:50.244Z,1.4197,1,SYNTH
2026-03-12 19:11:51.841Z,1.4203,1,SYNTH
2026-03-12 19:11:52.456Z,1.4186,1,SYNTH
2026-03-12 19:11:53.425Z,1.4207,1,SYNTH
2026-03-12 19:11:54.611Z,1.4192,1,SYNTH
2026-03-12 19:11:55.425Z,1.4184,1,SYNTH
2026-03-12 19:11:56.685Z,1.4215,1,SYNTH
2026-03-12 19:11:57.494Z,1.4210,1,SYNTH
2026-03-12 19:11:58.384Z,1.4211,1,SYNTH
2026-03-12 19:11:59.162Z,1.4200,1,SYNTH
2026-03-12 19:12:00.544Z,1.4195,1,SYNTH
2026-03-12 19:12:01.214Z,1.4209,1,SYNTH
2026-03-12 19:12:02.407Z,1.4182,1,SYNTH
2026-03-12 19:12:03.246Z,1.4214,1,SYNTH
2026-03-12 19:12:04.315Z,1.4218,1,SYNTH
2026-03-12 19:12:05.083Z,1.4187,1,SYNTH
2026-03-12 19:12:06.502Z,1.4217,1,SYNTH
2026-03-12 19:12:07.129Z,1.4187,1,SYNTH
2026-03-12 19:12:08.651Z,1.4219,1,SYNTH
2026-03-12 19:12:09.461Z,1.4181,1,SYNTH
2026-03-12 19:12:10.710Z,1.4212,1,SYNTH
2026-03-12 19:11:11.468Z,1.4254,1,SYNTH
2026-03-12 19:11:12.387Z,1.4267,1,SYNTH
2026-03-12 19:11:13.302Z,1.4237,1,SYNTH
2026-03-12 19:11:14.719Z,1.4235,1,SYNTH
2026-03-12 19:11:15.290Z,1.4262,1,SYNTH
2026-03-12 19:11:16.024Z,1.4253,1,SYNTH
2026-03-12 19:11:17.329Z,1.4234,1,SYNTH
2026-03-12 19:11:18.229Z,1.4271,1,SYNTH
2026-03-12 19:11:19.236Z,1.4229,1,SYNTH
2026-03-12 19:11:20.820Z,1.4261,1,SYNTH
2026-03-12 19:11:21.259Z,1.4237,1,SYNTH
2026-03-12 19:11:22.027Z,1.4256,1,SYNTH
2026-03-12 19:11:23.370Z,1.4234,1,SYNTH
2026-03-12 19:11:24.293Z,1.4252,1,SYNTH
2026-03-12 19:11:25.724Z,1.4231,1,SYNTH
2026-03-12 19:11:26.311Z,1.4261,1,SYNTH
2026-03-12 19:11:27.385Z,1.4268,1,SYNTH
2026-03-12 19:11:28.485Z,1.4230,1,SYNTH
2026-03-12 19:11:29.301Z,1.4260,1,SYNTH
2026-03-12 19:11:30.205Z,1.4266,1,SYNTH
2026-03-12 19:11:31.037Z,1.4236,1,SYNTH
2026-03-12 19:11:32.807Z,1.4267,1,SYNTH
2026-03-12 19:11:33.881Z,1.4238,1,SYNTH
2026-03-12 19:11:34.469Z,1.4239,1,SYNTH
2026-03-12 19:11:35.684Z,1.4234,1,SYNTH
2026-03-12 19:11:36.186Z,1.4235,1,SYNTH
2026-03-12 19:11:37.704Z,1.4222,1,SYNTH
2026-03-12 19:11:38.175Z,1.4227,1,SYNTH
2026-03-12 19:11:39.225Z,1.4209,1,SYNTH
2026-03-12 19:11:40.438Z,1.4223,1,SYNTH
2026-03-12 19:11:41.769Z,1.4201,1,SYNTH
2026-03-12 19:11:42.609Z,1.4205,1,SYNTH
2026-03-12 19:11:43.150Z,1.4193,1,SYNTH
2026-03-12 19:11:44.345Z,1.4196,1,SYNTH
2026-03-12 19:11:45.216Z,1.4219,1,SYNTH
2026-03-12 19:11:46.692Z,1.4186,1,SYNTH
2026-03-12 19:11:47.472Z,1.4178,1,SYNTH
2026-03-12 19:11:48.228Z,1.4217,1,SYNTH
2026-03-12 19:11:49.760Z,1.4216,1,SYNTH
2026-03-12 19:11:50.380Z,1.4219,1,SYNTH
2026-03-12 19:11:51.407Z,1.4197,1,SYNTH
2026-03-12 19:11:52.162Z,1.4186,1,SYNTH
2026-03-12 19:11:53.407Z,1.4222,1,SYNTH
2026-03-12 19:11:54.424Z,1.4203,1,SYNTH
2026-03-12 19:11:55.896Z,1.4195,1,SYNTH
2026-03-12 19:11:56.164Z,1.4207,1,SYNTH
2026-03-12 19:11:57.867Z,1.4196,1,SYNTH
2026-03-12 19:11:58.063Z,1.4221,1,SYNTH
2026-03-12 19:11:59.857Z,1.4212,1,SYNTH
2026-03-12 19:12:00.802Z,1.4208,1,SYNTH
2026-03-12 19:12:01.655Z,1.4220,1,SYNTH
2026-03-12 19:12:02.715Z,1.4192,1,SYNTH
2026-03-12 19:12:03.844Z,1.4185,1,SYNTH
2026-03-12 19:12:04.789Z,1.4214,1,SYNTH
2026-03-12 19:12:05.653Z,1.4178,1,SYNTH
2026-03-12 19:12:06.368Z,1.4216,1,SYNTH
2026-03-12 19:12:07.105Z,1.4209,1,SYNTH
2026-03-12 19:12:08.819Z,1.4197,1,SYNTH
2026-03-12 19:12:09.169Z,1.4218,1,SYNTH
2026-03-12 19:12:10.395Z,1.4211,1,SYNTH
2026-03-12 19:11:11.407Z,1.4316,1,SYNTH
2026-03-12 19:11:12.168Z,1.4317,1,SYNTH
2026-03-12 19:11:13.625Z,1.4289,1,SYNTH
2026-03-12 19:11:14.142Z,1.4288,1,SYNTH
2026-03-12 19:11:15.167Z,1.4284,1,SYNTH
2026-03-12 19:11:16.883Z,1.4304,1,SYNTH
2026-03-12 19:11:17.426Z,1.4299,1,SYNTH
2026-03-12 19:11:18.667Z,1.4305,1,SYNTH
2026-03-12 19:11:19.664Z,1.4310,1,SYNTH
2026-03-12 19:11:20.542Z,1.4319,1,SYNTH
2026-03-12 19:11:21.464Z,1.4304,1,SYNTH
2026-03-12 19:11:22.638Z,1.4295,1,SYNTH
2026-03-12 19:11:23.033Z,1.4304,1,SYNTH
2026-03-12 19:11:24.377Z,1.4291,1,SYNTH
2026-03-12 19:11:25.126Z,1.4314,1,SYNTH
2026-03-12 19:11:26.666Z,1.4315,1,SYNTH
2026-03-12 19:11:27.044Z,1.4292,1,SYNTH
2026-03-12 19:11:28.415Z,1.4304,1,SYNTH
2026-03-12 19:11:29.096Z,1.4306,1,SYNTH
2026-03-12 19:11:30.464Z,1.4277,1,SYNTH
2026-03-12 19:11:31.812Z,1.4316,1,SYNTH
2026-03-12 19:11:32.429Z,1.4281,1,SYNTH
2026-03-12 19:11:33.811Z,1.4311,1,SYNTH
2026-03-12 19:11:34.753Z,1.4289,1,SYNTH
2026-03-12 19:11:35.278Z,1.4278,1,SYNTH
2026-03-12 19:11:36.242Z,1.4292,1,SYNTH
2026-03-12 19:11:37.344Z,1.4281,1,SYNTH
2026-03-12 19:11:38.600Z,1.4263,1,SYNTH
2026-03-12 19:11:39.346Z,1.4265,1,SYNTH
2026-03-12 19:11:40.752Z,1.4259,1,SYNTH
2026-03-12 19:11:41.679Z,1.4259,1,SYNTH
2026-03-12 19:11:42.442Z,1.4253,1,SYNTH
2026-03-12 19:11:43.827Z,1.4281,1,SYNTH
2026-03-12 19:11:44.627Z,1.4242,1,SYNTH
2026-03-12 19:11:45.337Z,1.4246,1,SYNTH
2026-03-12 19:11:46.248Z,1.4249,1,SYNTH
2026-03-12 19:11:47.198Z,1.4238,1,SYNTH
2026-03-12 19:11:48.314Z,1.4235,1,SYNTH
2026-03-12 19:11:49.177Z,1.4259,1,SYNTH
2026-03-12 19:11:50.671Z,1.4266,1,SYNTH
2026-03-12 19:11:51.360Z,1.4232,1,SYNTH
2026-03-12 19:11:52.267Z,1.4239,1,SYNTH
2026-03-12 19:11:53.009Z,1.4257,1,SYNTH
2026-03-12 19:11:54.688Z,1.4265,1,SYNTH
2026-03-12 19:11:55.393Z,1.4251,1,SYNTH
2026-03-12 19:11:56.634Z,1.4265,1,SYNTH
2026-03-12 19:11:57.463Z,1.4266,1,SYNTH
2026-03-12 19:11:58.626Z,1.4261,1,SYNTH
2026-03-12 19:11:59.580Z,1.4240,1,SYNTH
2026-03-12 19:12:00.264Z,1.4268,1,SYNTH
2026-03-12 19:12:01.753Z,1.4240,1,SYNTH
2026-03-12 19:12:02.067Z,1.4262,1,SYNTH
2026-03-12 19:12:03.543Z,1.4249,1,SYNTH
2026-03-12 19:12:04.290Z,1.4241,1,SYNTH
2026-03-12 19:12:05.720Z,1.4271,1,SYNTH
2026-03-12 19:12:06.599Z,1.4266,1,SYNTH
2026-03-12 19:12:07.227Z,1.4246,1,SYNTH
2026-03-12 19:12:08.594Z,1.4258,1,SYNTH
2026-03-12 19:12:09.101Z,1.4240,1,SYNTH
2026-03-12 19:12:10.692Z,1.4251,1,SYNTH
2026-03-12 19:11:11.275Z,1.4260,1,SYNTH
2026-03-12 19:11:12.243Z,1.4267,1,SYNTH
2026-03-12 19:11:13.708Z,1.4256,1,SYNTH
2026-03-12 19:11:14.019Z,1.4239,1,SYNTH
2026-03-12 19:11:15.494Z,1.4254,1,SYNTH
2026-03-12 19:11:16.670Z,1.4269,1,SYNTH
2026-03-12 19:11:17.245Z,1.4272,1,SYNTH
2026-03-12 19:11:18.725Z,1.4247,1,SYNTH
2026-03-12 19:11:19.246Z,1.4254,1,SYNTH
2026-03-12 19:11:20.364Z,1.4266,1,SYNTH
2026-03-12 19:11:21.819Z,1.4273,1,SYNTH
2026-03-12 19:11:22.579Z,1.4243,1,SYNTH
2026-03-12 19:11:23.808Z,1.4258,1,SYNTH
2026-03-12 19:11:24.008Z,1.4261,1,SYNTH
2026-03-12 19:11:25.522Z,1.4234,1,SYNTH
2026-03-12 19:11:26.410Z,1.4269,1,SYNTH
2026-03-12 19:11:27.622Z,1.4272,1,SYNTH
2026-03-12 19:11:28.492Z,1.4234,1,SYNTH
2026-03-12 19:11:29.379Z,1.4271,1,SYNTH
2026-03-12 19:11:30.085Z,1.4233,1,SYNTH
2026-03-12 19:11:31.771Z,1.4253,1,SYNTH
2026-03-12 19:11:32.843Z,1.4238,1,SYNTH
2026-03-12 19:11:33.844Z,1.4252,1,SYNTH
2026-03-12 19:11:34.352Z,1.4248,1,SYNTH
2026-03-12 19:11:35.829Z,1.4267,1,SYNTH
2026-03-12 19:11:36.797Z,1.4255,1,SYNTH
2026-03-12 19:11:37.211Z,1.4254,1,SYNTH
2026-03-12 19:11:38.024Z,1.4228,1,SYNTH
2026-03-12 19:11:39.546Z,1.4256,1,SYNTH
2026-03-12 19:11:40.441Z,1.4260,1,SYNTH
2026-03-12 19:11:41.886Z,1.4256,1,SYNTH
2026-03-12 19:11:42.792Z,1.4235,1,SYNTH
2026-03-12 19:11:43.432Z,1.4233,1,SYNTH
2026-03-12 19:11:44.499Z,1.4248,1,SYNTH
2026-03-12 19:11:45.474Z,1.4254,1,SYNTH
2026-03-12 19:11:46.083Z,1.4263,1,SYNTH
2026-03-12 19:11:47.433Z,1.4258,1,SYNTH
2026-03-12 19:11:48.410Z,1.4236,1,SYNTH
2026-03-12 19:11:49.132Z,1.4240,1,SYNTH
2026-03-12 19:11:50.502Z,1.4270,1,SYNTH
2026-03-12 19:11:51.544Z,1.4229,1,SYNTH
2026-03-12 19:11:52.449Z,1.4230,1,SYNTH
2026-03-12 19:11:53.092Z,1.4267,1,SYNTH
2026-03-12 19:11:54.422Z,1.4246,1,SYNTH
2026-03-12 19:11:55.757Z,1.4270,1,SYNTH
2026-03-12 19:11:56.363Z,1.4246,1,SYNTH
2026-03-12 19:11:57.032Z,1.4270,1,SYNTH
2026-03-12 19:11:58.074Z,1.4246,1,SYNTH
2026-03-12 19:11:59.722Z,1.4232,1,SYNTH
2026-03-12 19:12:00.886Z,1.4254,1,SYNTH
2026-03-12 19:12:01.532Z,1.4249,1,SYNTH
2026-03-12 19:12:02.303Z,1.4265,1,SYNTH
2026-03-12 19:12:03.151Z,1.4230,1,SYNTH
2026-03-12 19:12:04.334Z,1.4266,1,SYNTH
2026-03-12 19:12:05.803Z,1.4231,1,SYNTH
2026-03-12 19:12:06.167Z,1.4269,1,SYNTH
2026-03-12 19:12:07.458Z,1.4232,1,SYNTH
2026-03-12 19:12:08.738Z,1.4261,1,SYNTH
2026-03-12 19:12:09.589Z,1.4263,1,SYNTH
2026-03-12 19:12:10.171Z,1.4244,1,SYNTH
2026-03-12 19:11:11.615Z,1.4260,1,SYNTH
2026-03-12 19:11:12.748Z,1.4267,1,SYNTH
2026-03-12 19:11:13.294Z,1.4244,1,SYNTH
2026-03-12 19:11:14.254Z,1.4263,1,SYNTH
2026-03-12 19:11:15.183Z,1.4245,1,SYNTH
2026-03-12 19:11:16.366Z,1.4255,1,SYNTH
2026-03-12 19:11:17.652Z,1.4266,1,SYNTH
2026-03-12 19:11:18.483Z,1.4241,1,SYNTH
2026-03-12 19:11:19.245Z,1.4235,1,SYNTH
2026-03-12 19:11:20.722Z,1.4246,1,SYNTH
2026-03-12 19:11:21.801Z,1.4270,1,SYNTH
2026-03-12 19:11:22.365Z,1.4255,1,SYNTH
2026-03-12 19:11:23.766Z,1.4229,1,SYNTH
2026-03-12 19:11:24.008Z,1.4231,1,SYNTH
2026-03-12 19:11:25.330Z,1.4258,1,SYNTH
2026-03-12 19:11:26.307Z,1.4228,1,SYNTH
2026-03-12 19:11:27.701Z,1.4251,1,SYNTH
2026-03-12 19:11:28.389Z,1.4254,1,SYNTH
2026-03-12 19:11:29.126Z,1.4264,1,SYNTH
2026-03-12 19:11:30.203Z,1.4232,1,SYNTH
2026-03-12 19:11:31.251Z,1.4261,1,SYNTH
2026-03-12 19:11:32.865Z,1.4242,1,SYNTH
2026-03-12 19:11:33.190Z,1.4233,1,SYNTH
2026-03-12 19:11:34.807Z,1.4266,1,SYNTH
2026-03-12 19:11:35.306Z,1.4229,1,SYNTH
2026-03-12 19:11:36.566Z,1.4251,1,SYNTH
2026-03-12 19:11:37.454Z,1.4266,1,SYNTH
2026-03-12 19:11:38.219Z,1.4258,1,SYNTH
2026-03-12 19:11:39.326Z,1.4231,1,SYNTH
2026-03-12 19:11:40.685Z,1.4243,1,SYNTH
2026-03-12 19:11:41.869Z,1.4266,1,SYNTH
2026-03-12 19:11:42.531Z,1.4244,1,SYNTH
2026-03-12 19:11:43.056Z,1.4248,1,SYNTH
2026-03-12 19:11:44.387Z,1.4249,1,SYNTH
2026-03-12 19:11:45.135Z,1.4233,1,SYNTH
2026-03-12 19:11:46.099Z,1.4254,1,SYNTH
2026-03-12 19:11:47.152Z,1.4253,1,SYNTH
2026-03-12 19:11:48.658Z,1.4231,1,SYNTH
2026-03-12 19:11:49.386Z,1.4253,1,SYNTH
2026-03-12 19:11:50.600Z,1.4263,1,SYNTH
2026-03-12 19:11:51.575Z,1.4239,1,SYNTH
2026-03-12 19:11:52.259Z,1.4268,1,SYNTH
2026-03-12 19:11:53.296Z,1.4266,1,SYNTH
2026-03-12 19:11:54.730Z,1.4235,1,SYNTH
2026-03-12 19:11:55.528Z,1.4240,1,SYNTH
2026-03-12 19:11:56.028Z,1.4263,1,SYNTH
2026-03-12 19:11:57.643Z,1.4242,1,SYNTH
2026-03-12 19:11:58.261Z,1.4265,1,SYNTH
2026-03-12 19:11:59.477Z,1.4245,1,SYNTH
2026-03-12 19:12:00.459Z,1.4258,1,SYNTH
2026-03-12 19:12:01.721Z,1.4229,1,SYNTH
2026-03-12 19:12:02.598Z,1.4260,1,SYNTH
2026-03-12 19:12:03.078Z,1.4254,1,SYNTH
2026-03-12 19:12:04.101Z,1.4239,1,SYNTH
2026-03-12 19:12:05.514Z,1.4245,1,SYNTH
2026-03-12 19:12:06.394Z,1.4252,1,SYNTH
2026-03-12 19:12:07.888Z,1.4267,1,SYNTH
2026-03-12 19:12:08.229Z,1.4229,1,SYNTH
2026-03-12 19:12:09.148Z,1.4266,1,SYNTH
2026-03-12 19:12:10.229Z,1.4244,1,SYNTH
2026-03-12 19:11:11.093Z,1.4269,1,SYNTH
2026-03-12 19:11:12.869Z,1.4262,1,SYNTH
2026-03-12 19:11:13.064Z,1.4269,1,SYNTH
2026-03-12 19:11:14.618Z,1.4246,1,SYNTH
2026-03-12 19:11:15.486Z,1.4265,1,SYNTH
2026-03-12 19:11:16.120Z,1.4240,1,SYNTH
2026-03-12 19:11:17.101Z,1.4268,1,SYNTH
2026-03-12 19:11:18.025Z,1.4245,1,SYNTH
2026-03-12 19:11:19.322Z,1.4245,1,SYNTH
2026-03-12 19:11:20.110Z,1.4268,1,SYNTH
2026-03-12 19:11:21.001Z,1.4271,1,SYNTH
2026-03-12 19:11:22.087Z,1.4248,1,SYNTH
2026-03-12 19:11:23.770Z,1.4239,1,SYNTH
2026-03-12 19:11:24.661Z,1.4268,1,SYNTH
2026-03-12 19:11:25.056Z,1.4239,1,SYNTH
2026-03-12 19:11:26.714Z,1.4263,1,SYNTH
2026-03-12 19:11:27.777Z,1.4241,1,SYNTH
2026-03-12 19:11:28.103Z,1.4266,1,SYNTH
2026-03-12 19:11:29.291Z,1.4248,1,SYNTH
2026-03-12 19:11:30.149Z,1.4233,1,SYNTH
2026-03-12 19:11:31.411Z,1.4270,1,SYNTH
2026-03-12 19:11:32.292Z,1.4259,1,SYNTH
2026-03-12 19:11:33.649Z,1.4284,1,SYNTH
2026-03-12 19:11:34.456Z,1.4284,1,SYNTH
2026-03-12 19:11:35.135Z,1.4290,1,SYNTH
2026-03-12 19:11:36.262Z,1.4302,1,SYNTH
2026-03-12 19:11:37.420Z,1.4307,1,SYNTH
2026-03-12 19:11:38.627Z,1.4319,1,SYNTH
2026-03-12 19:11:39.630Z,1.4347,1,SYNTH
2026-03-12 19:11:40.590Z,1.4342,1,SYNTH
2026-03-12 19:11:41.213Z,1.4347,1,SYNTH
2026-03-12 19:11:42.702Z,1.4371,1,SYNTH
2026-03-12 19:11:43.477Z,1.4378,1,SYNTH
2026-03-12 19:11:44.332Z,1.4377,1,SYNTH
2026-03-12 19:11:45.513Z,1.4398,1,SYNTH
2026-03-12 19:11:46.341Z,1.4405,1,SYNTH
2026-03-12 19:11:47.852Z,1.4400,1,SYNTH
2026-03-12 19:11:48.710Z,1.4403,1,SYNTH
2026-03-12 19:11:49.012Z,1.4414,1,SYNTH
2026-03-12 19:11:50.605Z,1.4390,1,SYNTH
2026-03-12 19:11:51.738Z,1.4415,1,SYNTH
2026-03-12 19:11:52.288Z,1.4386,1,SYNTH
2026-03-12 19:11:53.711Z,1.4378,1,SYNTH
2026-03-12 19:11:54.179Z,1.4403,1,SYNTH
2026-03-12 19:11:55.029Z,1.4369,1,SYNTH
2026-03-12 19:11:56.351Z,1.4380,1,SYNTH
2026-03-12 19:11:57.280Z,1.4358,1,SYNTH
2026-03-12 19:11:58.691Z,1.4372,1,SYNTH
2026-03-12 19:11:59.761Z,1.4392,1,SYNTH
2026-03-12 19:12:00.249Z,1.4373,1,SYNTH
2026-03-12 19:12:01.712Z,1.4396,1,SYNTH
2026-03-12 19:12:02.851Z,1.4371,1,SYNTH
2026-03-12 19:12:03.608Z,1.4391,1,SYNTH
2026-03-12 19:12:04.486Z,1.4407,1,SYNTH
2026-03-12 19:12:05.851Z,1.4415,1,SYNTH
2026-03-12 19:12:06.872Z,1.4415,1,SYNTH
2026-03-12 19:12:07.253Z,1.4399,1,SYNTH
2026-03-12 19:12:08.145Z,1.4404,1,SYNTH
2026-03-12 19:12:09.461Z,1.4380,1,SYNTH
2026-03-12 19:12:10.257Z,1.4419,1,SYNTH
2026-03-12 19:11:11.485Z,1.4509,1,SYNTH
2026-03-12 19:11:12.020Z,1.4505,1,SYNTH
2026-03-12 19:11:13.042Z,1.4476,1,SYNTH
2026-03-12 19:11:14.861Z,1.4467,1,SYNTH
2026-03-12 19:11:15.049Z,1.4501,1,SYNTH
2026-03-12 19:11:16.372Z,1.4507,1,SYNTH
2026-03-12 19:11:17.238Z,1.4485,1,SYNTH
2026-03-12 19:11:18.544Z,1.4491,1,SYNTH
2026-03-12 19:11:19.548Z,1.4493,1,SYNTH
2026-03-12 19:11:20.005Z,1.4502,1,SYNTH
2026-03-12 19:11:21.541Z,1.4487,1,SYNTH
2026-03-12 19:11:22.447Z,1.4503,1,SYNTH
2026-03-12 19:11:23.379Z,1.4474,1,SYNTH
2026-03-12 19:11:24.692Z,1.4502,1,SYNTH
2026-03-12 19:11:25.644Z,1.4501,1,SYNTH
2026-03-12 19:11:26.559Z,1.4485,1,SYNTH
2026-03-12 19:11:27.663Z,1.4469,1,SYNTH
2026-03-12 19:11:28.240Z,1.4496,1,SYNTH
2026-03-12 19:11:29.652Z,1.4500,1,SYNTH
2026-03-12 19:11:30.854Z,1.4498,1,SYNTH
2026-03-12 19:11:31.125Z,1.4485,1,SYNTH
2026-03-12 19:11:32.629Z,1.4499,1,SYNTH
2026-03-12 19:11:33.128Z,1.4485,1,SYNTH
2026-03-12 19:11:34.867Z,1.4493,1,SYNTH
2026-03-12 19:11:35.501Z,1.4487,1,SYNTH
2026-03-12 19:11:36.461Z,1.4497,1,SYNTH
2026-03-12 19:11:37.170Z,1.4503,1,SYNTH
2026-03-12 19:11:38.472Z,1.4479,1,SYNTH
2026-03-12 19:11:39.110Z,1.4474,1,SYNTH
2026-03-12 19:11:40.457Z,1.4504,1,SYNTH
2026-03-12 19:11:41.368Z,1.4482,1,SYNTH
2026-03-12 19:11:42.843Z,1.4497,1,SYNTH
2026-03-12 19:11:43.001Z,1.4472,1,SYNTH
2026-03-12 19:11:44.792Z,1.4474,1,SYNTH
2026-03-12 19:11:45.353Z,1.4511,1,SYNTH
2026-03-12 19:11:46.243Z,1.4501,1,SYNTH
2026-03-12 19:11:47.023Z,1.4494,1,SYNTH
2026-03-12 19:11:48.725Z,1.4479,1,SYNTH
2026-03-12 19:11:49.073Z,1.4501,1,SYNTH
2026-03-12 19:11:50.108Z,1.4478,1,SYNTH
2026-03-12 19:11:51.114Z,1.4497,1,SYNTH
2026-03-12 19:11:52.630Z,1.4502,1,SYNTH
2026-03-12 19:11:53.031Z,1.4472,1,SYNTH
2026-03-12 19:11:54.076Z,1.4497,1,SYNTH
2026-03-12 19:11:55.176Z,1.4470,1,SYNTH
2026-03-12 19:11:56.788Z,1.4508,1,SYNTH
2026-03-12 19:11:57.330Z,1.4497,1,SYNTH
2026-03-12 19:11:58.209Z,1.4498,1,SYNTH
2026-03-12 19:11:59.243Z,1.4480,1,SYNTH
2026-03-12 19:12:00.036Z,1.4499,1,SYNTH
2026-03-12 19:12:01.318Z,1.4473,1,SYNTH
2026-03-12 19:12:02.748Z,1.4474,1,SYNTH
2026-03-12 19:12:03.423Z,1.4494,1,SYNTH
2026-03-12 19:12:04.460Z,1.4512,1,SYNTH
2026-03-12 19:12:05.038Z,1.4472,1,SYNTH
2026-03-12 19:12:06.863Z,1.4495,1,SYNTH
2026-03-12 19:12:07.771Z,1.4480,1,SYNTH
2026-03-12 19:12:08.843Z,1.4502,1,SYNTH
2026-03-12 19:12:09.760Z,1.4489,1,SYNTH
2026-03-12 19:12:10.559Z,1.4471,1,SYNTH
2026-03-12 19:11:11.715Z,1.4358,1,SYNTH
2026-03-12 19:11:12.507Z,1.4353,1,SYNTH
2026-03-12 19:11:13.709Z,1.4336,1,SYNTH
2026-03-12 19:11:14.199Z,1.4350,1,SYNTH
2026-03-12 19:11:15.545Z,1.4366,1,SYNTH
2026-03-12 19:11:16.182Z,1.4357,1,SYNTH
2026-03-12 19:11:17.016Z,1.4351,1,SYNTH
2026-03-12 19:11:18.651Z,1.4342,1,SYNTH
2026-03-12 19:11:19.505Z,1.4369,1,SYNTH
2026-03-12 19:11:20.161Z,1.4356,1,SYNTH
2026-03-12 19:11:21.051Z,1.4352,1,SYNTH
2026-03-12 19:11:22.670Z,1.4332,1,SYNTH
2026-03-12 19:11:23.888Z,1.4350,1,SYNTH
2026-03-12 19:11:24.530Z,1.4366,1,SYNTH
2026-03-12 19:11:25.166Z,1.4341,1,SYNTH
2026-03-12 19:11:26.515Z,1.4339,1,SYNTH
2026-03-12 19:11:27.581Z,1.4353,1,SYNTH
2026-03-12 19:11:28.278Z,1.4332,1,SYNTH
2026-03-12 19:11:29.627Z,1.4364,1,SYNTH
2026-03-12 19:11:30.270Z,1.4356,1,SYNTH
2026-03-12 19:11:31.160Z,1.4330,1,SYNTH
2026-03-12 19:11:32.416Z,1.4337,1,SYNTH
2026-03-12 19:11:33.258Z,1.4338,1,SYNTH
2026-03-12 19:11:34.233Z,1.4364,1,SYNTH
2026-03-12 19:11:35.167Z,1.4373,1,SYNTH
2026-03-12 19:11:36.281Z,1.4335,1,SYNTH
2026-03-12 19:11:37.417Z,1.4359,1,SYNTH
2026-03-12 19:11:38.528Z,1.4343,1,SYNTH
2026-03-12 19:11:39.323Z,1.4347,1,SYNTH
2026-03-12 19:11:40.092Z,1.4360,1,SYNTH
2026-03-12 19:11:41.124Z,1.4354,1,SYNTH
2026-03-12 19:11:42.839Z,1.4346,1,SYNTH
2026-03-12 19:11:43.494Z,1.4373,1,SYNTH
2026-03-12 19:11:44.050Z,1.4347,1,SYNTH
2026-03-12 19:11:45.239Z,1.4359,1,SYNTH
2026-03-12 19:11:46.328Z,1.4347,1,SYNTH
2026-03-12 19:11:47.137Z,1.4330,1,SYNTH
2026-03-12 19:11:48.670Z,1.4357,1,SYNTH
2026-03-12 19:11:49.499Z,1.4351,1,SYNTH
2026-03-12 19:11:50.694Z,1.4344,1,SYNTH
2026-03-12 19:11:51.456Z,1.4353,1,SYNTH
2026-03-12 19:11:52.893Z,1.4366,1,SYNTH
2026-03-12 19:11:53.596Z,1.4342,1,SYNTH
2026-03-12 19:11:54.519Z,1.4332,1,SYNTH
2026-03-12 19:11:55.736Z,1.4360,1,SYNTH
2026-03-12 19:11:56.084Z,1.4365,1,SYNTH
2026-03-12 19:11:57.537Z,1.4340,1,SYNTH
2026-03-12 19:11:58.445Z,1.4329,1,SYNTH
2026-03-12 19:11:59.816Z,1.4363,1,SYNTH
2026-03-12 19:12:00.471Z,1.4359,1,SYNTH
2026-03-12 19:12:01.620Z,1.4354,1,SYNTH
2026-03-12 19:12:02.169Z,1.4331,1,SYNTH
2026-03-12 19:12:03.696Z,1.4352,1,SYNTH
2026-03-12 19:12:04.734Z,1.4352,1,SYNTH
2026-03-12 19:12:05.173Z,1.4335,1,SYNTH
2026-03-12 19:12:06.016Z,1.4370,1,SYNTH
2026-03-12 19:12:07.669Z,1.4349,1,SYNTH
2026-03-12 19:12:08.709Z,1.4356,1,SYNTH
2026-03-12 19:12:09.157Z,1.4334,1,SYNTH
2026-03-12 19:12:10.141Z,1.4369,1,SYNTH
2026-03-12 19:11:11.319Z,1.4416,1,SYNTH
2026-03-12 19:11:12.820Z,1.4396,1,SYNTH
2026-03-12 19:11:13.190Z,1.4410,1,SYNTH
2026-03-12 19:11:14.318Z,1.4380,1,SYNTH
2026-03-12 19:11:15.527Z,1.4406,1,SYNTH
2026-03-12 19:11:16.275Z,1.4385,1,SYNTH
2026-03-12 19:11:17.855Z,1.4386,1,SYNTH
2026-03-12 19:11:18.018Z,1.4381,1,SYNTH
2026-03-12 19:11:19.533Z,1.4410,1,SYNTH
2026-03-12 19:11:20.754Z,1.4393,1,SYNTH
2026-03-12 19:11:21.781Z,1.4401,1,SYNTH
2026-03-12 19:11:22.613Z,1.4411,1,SYNTH
2026-03-12 19:11:23.645Z,1.4398,1,SYNTH
2026-03-12 19:11:24.161Z,1.4389,1,SYNTH
2026-03-12 19:11:25.312Z,1.4413,1,SYNTH
2026-03-12 19:11:26.617Z,1.4384,1,SYNTH
2026-03-12 19:11:27.578Z,1.4410,1,SYNTH
2026-03-12 19:11:28.366Z,1.4392,1,SYNTH
2026-03-12 19:11:29.358Z,1.4412,1,SYNTH
2026-03-12 19:11:30.047Z,1.4407,1,SYNTH
2026-03-12 19:11:31.131Z,1.4387,1,SYNTH
2026-03-12 19:11:32.099Z,1.4408,1,SYNTH
2026-03-12 19:11:33.487Z,1.4420,1,SYNTH
2026-03-12 19:11:34.273Z,1.4391,1,SYNTH
2026-03-12 19:11:35.847Z,1.4382,1,SYNTH
2026-03-12 19:11:36.209Z,1.4387,1,SYNTH
2026-03-12 19:11:37.240Z,1.4381,1,SYNTH
2026-03-12 19:11:38.261Z,1.4403,1,SYNTH
2026-03-12 19:11:39.422Z,1.4400,1,SYNTH
2026-03-12 19:11:40.082Z,1.4402,1,SYNTH
2026-03-12 19:11:41.873Z,1.4405,1,SYNTH
2026-03-12 19:11:42.657Z,1.4378,1,SYNTH
2026-03-12 19:11:43.038Z,1.4400,1,SYNTH
2026-03-12 19:11:44.236Z,1.4388,1,SYNTH
2026-03-12 19:11:45.262Z,1.4403,1,SYNTH
2026-03-12 19:11:46.200Z,1.4402,1,SYNTH
2026-03-12 19:11:47.014Z,1.4390,1,SYNTH
2026-03-12 19:11:48.488Z,1.4411,1,SYNTH
2026-03-12 19:11:49.122Z,1.4380,1,SYNTH
2026-03-12 19:11:50.339Z,1.4416,1,SYNTH
2026-03-12 19:11:51.650Z,1.4418,1,SYNTH
2026-03-12 19:11:52.451Z,1.4378,1,SYNTH
2026-03-12 19:11:53.732Z,1.4400,1,SYNTH
2026-03-12 19:11:54.716Z,1.4412,1,SYNTH
2026-03-12 19:11:55.461Z,1.4385,1,SYNTH
2026-03-12 19:11:56.847Z,1.4414,1,SYNTH
2026-03-12 19:11:57.187Z,1.4407,1,SYNTH
2026-03-12 19:11:58.816Z,1.4397,1,SYNTH
2026-03-12 19:11:59.002Z,1.4411,1,SYNTH
2026-03-12 19:12:00.354Z,1.4409,1,SYNTH
2026-03-12 19:12:01.202Z,1.4384,1,SYNTH
2026-03-12 19:12:02.423Z,1.4395,1,SYNTH
2026-03-12 19:12:03.861Z,1.4414,1,SYNTH
2026-03-12 19:12:04.068Z,1.4402,1,SYNTH
2026-03-12 19:12:05.641Z,1.4387,1,SYNTH
2026-03-12 19:12:06.170Z,1.4399,1,SYNTH
2026-03-12 19:12:07.553Z,1.4408,1,SYNTH
2026-03-12 19:12:08.216Z,1.4420,1,SYNTH
2026-03-12 19:12:09.345Z,1.4404,1,SYNTH
2026-03-12 19:12:10.163Z,1.4392,1,SYNTH
2026-03-12 19:11:11.472Z,1.4403,1,SYNTH
2026-03-12 19:11:12.324Z,1.4385,1,SYNTH
2026-03-12 19:11:13.715Z,1.4412,1,SYNTH
2026-03-12 19:11:14.079Z,1.4414,1,SYNTH
2026-03-12 19:11:15.365Z,1.4405,1,SYNTH
2026-03-12 19:11:16.548Z,1.4381,1,SYNTH
2026-03-12 19:11:17.715Z,1.4412,1,SYNTH
2026-03-12 19:11:18.229Z,1.4384,1,SYNTH
2026-03-12 19:11:19.354Z,1.4405,1,SYNTH
2026-03-12 19:11:20.498Z,1.4387,1,SYNTH
2026-03-12 19:11:21.420Z,1.4403,1,SYNTH
2026-03-12 19:11:22.564Z,1.4414,1,SYNTH
2026-03-12 19:11:23.594Z,1.4389,1,SYNTH
2026-03-12 19:11:24.370Z,1.4408,1,SYNTH
2026-03-12 19:11:25.007Z,1.4385,1,SYNTH
2026-03-12 19:11:26.229Z,1.4416,1,SYNTH
2026-03-12 19:11:27.526Z,1.4392,1,SYNTH
2026-03-12 19:11:28.658Z,1.4420,1,SYNTH
2026-03-12 19:11:29.725Z,1.4414,1,SYNTH
2026-03-12 19:11:30.097Z,1.4396,1,SYNTH
2026-03-12 19:11:31.452Z,1.4410,1,SYNTH
2026-03-12 19:11:32.645Z,1.4397,1,SYNTH
2026-03-12 19:11:33.269Z,1.4421,1,SYNTH
2026-03-12 19:11:34.127Z,1.4396,1,SYNTH
2026-03-12 19:11:35.336Z,1.4413,1,SYNTH
2026-03-12 19:11:36.409Z,1.4382,1,SYNTH
2026-03-12 19:11:37.185Z,1.4404,1,SYNTH
2026-03-12 19:11:38.805Z,1.4397,1,SYNTH
2026-03-12 19:11:39.295Z,1.4412,1,SYNTH
2026-03-12 19:11:40.428Z,1.4410,1,SYNTH
2026-03-12 19:11:41.102Z,1.4408,1,SYNTH
2026-03-12 19:11:42.572Z,1.4421,1,SYNTH
2026-03-12 19:11:43.148Z,1.4395,1,SYNTH
2026-03-12 19:11:44.051Z,1.4381,1,SYNTH
2026-03-12 19:11:45.415Z,1.4387,1,SYNTH
2026-03-12 19:11:46.133Z,1.4403,1,SYNTH
2026-03-12 19:11:47.430Z,1.4383,1,SYNTH
2026-03-12 19:11:48.813Z,1.4411,1,SYNTH
2026-03-12 19:11:49.234Z,1.4394,1,SYNTH
2026-03-12 19:11:50.170Z,1.4415,1,SYNTH
2026-03-12 19:11:51.020Z,1.4383,1,SYNTH
2026-03-12 19:11:52.544Z,1.4384,1,SYNTH
2026-03-12 19:11:53.474Z,1.4387,1,SYNTH
2026-03-12 19:11:54.587Z,1.4419,1,SYNTH
2026-03-12 19:11:55.019Z,1.4397,1,SYNTH
2026-03-12 19:11:56.186Z,1.4407,1,SYNTH
2026-03-12 19:11:57.775Z,1.4400,1,SYNTH
2026-03-12 19:11:58.815Z,1.4388,1,SYNTH
2026-03-12 19:11:59.336Z,1.4419,1,SYNTH
2026-03-12 19:12:00.272Z,1.4403,1,SYNTH
2026-03-12 19:12:01.789Z,1.4413,1,SYNTH
2026-03-12 19:12:02.874Z,1.4394,1,SYNTH
2026-03-12 19:12:03.239Z,1.4411,1,SYNTH
2026-03-12 19:12:04.810Z,1.4393,1,SYNTH
2026-03-12 19:12:05.090Z,1.4387,1,SYNTH
2026-03-12 19:12:06.179Z,1.4411,1,SYNTH
2026-03-12 19:12:07.541Z,1.4408,1,SYNTH
2026-03-12 19:12:08.152Z,1.4377,1,SYNTH
2026-03-12 19:12:09.878Z,1.4405,1,SYNTH
2026-03-12 19:12:10.507Z,1.4380,1,SYNTH
2026-03-12 19:11:11.633Z,1.4402,1,SYNTH
2026-03-12 19:11:12.318Z,1.4381,1,SYNTH
2026-03-12 19:11:13.216Z,1.4409,1,SYNTH
2026-03-12 19:11:14.300Z,1.4393,1,SYNTH
2026-03-12 19:11:15.647Z,1.4418,1,SYNTH
2026-03-12 19:11:16.383Z,1.4412,1,SYNTH
2026-03-12 19:11:17.336Z,1.4400,1,SYNTH
2026-03-12 19:11:18.598Z,1.4385,1,SYNTH
2026-03-12 19:11:19.322Z,1.4391,1,SYNTH
2026-03-12 19:11:20.650Z,1.4412,1,SYNTH
2026-03-12 19:11:21.677Z,1.4399,1,SYNTH
2026-03-12 19:11:22.383Z,1.4390,1,SYNTH
2026-03-12 19:11:23.042Z,1.4415,1,SYNTH
2026-03-12 19:11:24.765Z,1.4414,1,SYNTH
2026-03-12 19:11:25.641Z,1.4391,1,SYNTH
2026-03-12 19:11:26.407Z,1.4406,1,SYNTH
2026-03-12 19:11:27.224Z,1.4396,1,SYNTH
2026-03-12 19:11:28.447Z,1.4390,1,SYNTH
2026-03-12 19:11:29.791Z,1.4405,1,SYNTH
2026-03-12 19:11:30.060Z,1.4422,1,SYNTH
2026-03-12 19:11:31.065Z,1.4427,1,SYNTH
2026-03-12 19:11:32.220Z,1.4428,1,SYNTH
2026-03-12 19:11:33.588Z,1.4442,1,SYNTH
2026-03-12 19:11:34.027Z,1.4459,1,SYNTH
2026-03-12 19:11:35.726Z,1.4485,1,SYNTH
2026-03-12 19:11:36.572Z,1.4497,1,SYNTH
2026-03-12 19:11:37.799Z,1.4510,1,SYNTH
2026-03-12 19:11:38.174Z,1.4543,1,SYNTH
2026-03-12 19:11:39.222Z,1.4567,1,SYNTH
2026-03-12 19:11:40.467Z,1.4572,1,SYNTH
2026-03-12 19:11:41.579Z,1.4608,1,SYNTH
2026-03-12 19:11:42.350Z,1.4618,1,SYNTH
2026-03-12 19:11:43.639Z,1.4641,1,SYNTH
2026-03-12 19:11:44.531Z,1.4655,1,SYNTH
2026-03-12 19:11:45.688Z,1.4671,1,SYNTH
2026-03-12 19:11:46.797Z,1.4680,1,SYNTH
2026-03-12 19:11:47.479Z,1.4703,1,SYNTH
2026-03-12 19:11:48.030Z,1.4710,1,SYNTH
2026-03-12 19:11:49.282Z,1.4720,1,SYNTH
2026-03-12 19:11:50.144Z,1.4710,1,SYNTH
2026-03-12 19:11:51.375Z,1.4687,1,SYNTH
2026-03-12 19:11:52.110Z,1.4673,1,SYNTH
2026-03-12 19:11:53.708Z,1.4682,1,SYNTH
2026-03-12 19:11:54.061Z,1.4670,1,SYNTH
2026-03-12 19:11:55.279Z,1.4677,1,SYNTH
2026-03-12 19:11:56.260Z,1.4676,1,SYNTH
2026-03-12 19:11:57.100Z,1.4667,1,SYNTH
2026-03-12 19:11:58.554Z,1.4686,1,SYNTH
2026-03-12 19:11:59.596Z,1.4697,1,SYNTH
2026-03-12 19:12:00.086Z,1.4672,1,SYNTH
2026-03-12 19:12:01.172Z,1.4678,1,SYNTH
2026-03-12 19:12:02.682Z,1.4688,1,SYNTH
2026-03-12 19:12:03.244Z,1.4705,1,SYNTH
2026-03-12 19:12:04.724Z,1.4708,1,SYNTH
2026-03-12 19:12:05.339Z,1.4707,1,SYNTH
2026-03-12 19:12:06.464Z,1.4708,1,SYNTH
2026-03-12 19:12:07.512Z,1.4711,1,SYNTH
2026-03-12 19:12:08.652Z,1.4676,1,SYNTH
2026-03-12 19:12:09.063Z,1.4704,1,SYNTH
2026-03-12 19:12:10.603Z,1.4703,1,SYNTH
2026-03-12 19:11:11.707Z,1.4601,1,SYNTH
2026-03-12 19:11:12.410Z,1.4611,1,SYNTH
2026-03-12 19:11:13.669Z,1.4610,1,SYNTH
2026-03-12 19:11:14.477Z,1.4617,1,SYNTH
2026-03-12 19:11:15.651Z,1.4582,1,SYNTH
2026-03-12 19:11:16.744Z,1.4621,1,SYNTH
2026-03-12 19:11:17.305Z,1.4584,1,SYNTH
2026-03-12 19:11:18.540Z,1.4583,1,SYNTH
2026-03-12 19:11:19.335Z,1.4608,1,SYNTH
2026-03-12 19:11:20.603Z,1.4612,1,SYNTH
2026-03-12 19:11:21.529Z,1.4598,1,SYNTH
2026-03-12 19:11:22.789Z,1.4582,1,SYNTH
2026-03-12 19:11:23.350Z,1.4605,1,SYNTH
2026-03-12 19:11:24.235Z,1.4595,1,SYNTH
2026-03-12 19:11:25.660Z,1.4606,1,SYNTH
2026-03-12 19:11:26.747Z,1.4610,1,SYNTH
2026-03-12 19:11:27.469Z,1.4583,1,SYNTH
2026-03-12 19:11:28.341Z,1.4604,1,SYNTH
2026-03-12 19:11:29.144Z,1.4618,1,SYNTH
2026-03-12 19:11:30.260Z,1.4580,1,SYNTH
2026-03-12 19:11:31.443Z,1.4613,1,SYNTH
2026-03-12 19:11:32.328Z,1.4579,1,SYNTH
2026-03-12 19:11:33.863Z,1.4617,1,SYNTH
2026-03-12 19:11:34.171Z,1.4596,1,SYNTH
2026-03-12 19:11:35.639Z,1.4593,1,SYNTH
2026-03-12 19:11:36.392Z,1.4606,1,SYNTH
2026-03-12 19:11:37.567Z,1.4581,1,SYNTH
2026-03-12 19:11:38.229Z,1.4597,1,SYNTH
2026-03-12 19:11:39.527Z,1.4608,1,SYNTH
2026-03-12 19:11:40.099Z,1.4615,1,SYNTH
2026-03-12 19:11:41.153Z,1.4610,1,SYNTH
2026-03-12 19:11:42.656Z,1.4582,1,SYNTH
2026-03-12 19:11:43.536Z,1.4607,1,SYNTH
2026-03-12 19:11:44.158Z,1.4612,1,SYNTH
2026-03-12 19:11:45.813Z,1.4587,1,SYNTH
2026-03-12 19:11:46.178Z,1.4592,1,SYNTH
2026-03-12 19:11:47.349Z,1.4597,1,SYNTH
2026-03-12 19:11:48.438Z,1.4604,1,SYNTH
2026-03-12 19:11:49.340Z,1.4606,1,SYNTH
2026-03-12 19:11:50.457Z,1.4580,1,SYNTH
2026-03-12 19:11:51.562Z,1.4615,1,SYNTH
2026-03-12 19:11:52.165Z,1.4581,1,SYNTH
2026-03-12 19:11:53.713Z,1.4616,1,SYNTH
2026-03-12 19:11:54.099Z,1.4617,1,SYNTH
2026-03-12 19:11:55.893Z,1.4601,1,SYNTH
2026-03-12 19:11:56.765Z,1.4614,1,SYNTH
2026-03-12 19:11:57.556Z,1.4600,1,SYNTH
2026-03-12 19:11:58.357Z,1.4595,1,SYNTH
2026-03-12 19:11:59.424Z,1.4610,1,SYNTH
2026-03-12 19:12:00.273Z,1.4582,1,SYNTH
2026-03-12 19:12:01.375Z,1.4606,1,SYNTH
2026-03-12 19:12:02.625Z,1.4597,1,SYNTH
2026-03-12 19:12:03.225Z,1.4590,1,SYNTH
2026-03-12 19:12:04.240Z,1.4588,1,SYNTH
2026-03-12 19:12:05.672Z,1.4607,1,SYNTH
2026-03-12 19:12:06.756Z,1.4614,1,SYNTH
2026-03-12 19:12:07.599Z,1.4607,1,SYNTH
2026-03-12 19:12:08.411Z,1.4584,1,SYNTH
2026-03-12 19:12:09.550Z,1.4609,1,SYNTH
2026-03-12 19:12:10.839Z,1.4604,1,SYNTH
2026-03-12 19:11:11.001Z,1.4407,1,SYNTH
2026-03-12 19:11:12.789Z,1.4394,1,SYNTH
2026-03-12 19:11:13.739Z,1.4420,1,SYNTH
2026-03-12 19:11:14.015Z,1.4395,1,SYNTH
2026-03-12 19:11:15.252Z,1.4403,1,SYNTH
2026-03-12 19:11:16.158Z,1.4397,1,SYNTH
2026-03-12 19:11:17.661Z,1.4414,1,SYNTH
2026-03-12 19:11:18.194Z,1.4382,1,SYNTH
2026-03-12 19:11:19.063Z,1.4407,1,SYNTH
2026-03-12 19:11:20.150Z,1.4381,1,SYNTH
2026-03-12 19:11:21.238Z,1.4412,1,SYNTH
2026-03-12 19:11:22.209Z,1.4383,1,SYNTH
2026-03-12 19:11:23.753Z,1.4379,1,SYNTH
2026-03-12 19:11:24.510Z,1.4418,1,SYNTH
2026-03-12 19:11:25.115Z,1.4398,1,SYNTH
2026-03-12 19:11:26.546Z,1.4422,1,SYNTH
2026-03-12 19:11:27.463Z,1.4395,1,SYNTH
2026-03-12 19:11:28.634Z,1.4384,1,SYNTH
2026-03-12 19:11:29.169Z,1.4408,1,SYNTH
2026-03-12 19:11:30.068Z,1.4420,1,SYNTH
2026-03-12 19:11:31.373Z,1.4382,1,SYNTH
2026-03-12 19:11:32.441Z,1.4394,1,SYNTH
2026-03-12 19:11:33.548Z,1.4417,1,SYNTH
2026-03-12 19:11:34.488Z,1.4388,1,SYNTH
2026-03-12 19:11:35.884Z,1.4414,1,SYNTH
2026-03-12 19:11:36.114Z,1.4396,1,SYNTH
2026-03-12 19:11:37.397Z,1.4388,1,SYNTH
2026-03-12 19:11:38.392Z,1.4403,1,SYNTH
2026-03-12 19:11:39.066Z,1.4415,1,SYNTH
2026-03-12 19:11:40.718Z,1.4394,1,SYNTH
2026-03-12 19:11:41.848Z,1.4415,1,SYNTH
2026-03-12 19:11:42.663Z,1.4396,1,SYNTH
2026-03-12 19:11:43.745Z,1.4412,1,SYNTH
2026-03-12 19:11:44.240Z,1.4382,1,SYNTH
2026-03-12 19:11:45.724Z,1.4403,1,SYNTH
2026-03-12 19:11:46.128Z,1.4415,1,SYNTH
2026-03-12 19:11:47.327Z,1.4416,1,SYNTH
2026-03-12 19:11:48.175Z,1.4394,1,SYNTH
2026-03-12 19:11:49.728Z,1.4409,1,SYNTH
2026-03-12 19:11:50.637Z,1.4387,1,SYNTH
2026-03-12 19:11:51.282Z,1.4420,1,SYNTH
2026-03-12 19:11:52.761Z,1.4415,1,SYNTH
2026-03-12 19:11:53.106Z,1.4413,1,SYNTH
2026-03-12 19:11:54.422Z,1.4384,1,SYNTH
2026-03-12 19:11:55.873Z,1.4387,1,SYNTH
2026-03-12 19:11:56.706Z,1.4409,1,SYNTH
2026-03-12 19:11:57.378Z,1.4411,1,SYNTH
2026-03-12 19:11:58.870Z,1.4400,1,SYNTH
2026-03-12 19:11:59.276Z,1.4391,1,SYNTH
2026-03-12 19:12:00.332Z,1.4417,1,SYNTH
2026-03-12 19:12:01.135Z,1.4414,1,SYNTH
2026-03-12 19:12:02.322Z,1.4380,1,SYNTH
2026-03-12 19:12:03.478Z,1.4405,1,SYNTH
2026-03-12 19:12:04.257Z,1.4414,1,SYNTH
2026-03-12 19:12:05.132Z,1.4421,1,SYNTH
2026-03-12 19:12:06.564Z,1.4378,1,SYNTH
2026-03-12 19:12:07.349Z,1.4407,1,SYNTH
2026-03-12 19:12:08.846Z,1.4405,1,SYNTH
2026-03-12 19:12:09.775Z,1.4386,1,SYNTH
2026-03-12 19:12:10.109Z,1.4408,1,SYNTH
2026-03-12 19:11:11.630Z,1.4657,1,SYNTH
2026-03-12 19:11:12.053Z,1.4652,1,SYNTH
2026-03-12 19:11:13.744Z,1.4668,1,SYNTH
2026-03-12 19:11:14.303Z,1.4645,1,SYNTH
2026-03-12 19:11:15.354Z,1.4659,1,SYNTH
2026-03-12 19:11:16.413Z,1.4662,1,SYNTH
2026-03-12 19:11:17.517Z,1.4647,1,SYNTH
2026-03-12 19:11:18.112Z,1.4670,1,SYNTH
2026-03-12 19:11:19.237Z,1.4633,1,SYNTH
2026-03-12 19:11:20.130Z,1.4643,1,SYNTH
2026-03-12 19:11:21.345Z,1.4660,1,SYNTH
2026-03-12 19:11:22.498Z,1.4670,1,SYNTH
2026-03-12 19:11:23.849Z,1.4663,1,SYNTH
2026-03-12 19:11:24.804Z,1.4644,1,SYNTH
2026-03-12 19:11:25.373Z,1.4662,1,SYNTH
2026-03-12 19:11:26.336Z,1.4636,1,SYNTH
2026-03-12 19:11:27.665Z,1.4630,1,SYNTH
2026-03-12 19:11:28.259Z,1.4653,1,SYNTH
2026-03-12 19:11:29.254Z,1.4670,1,SYNTH
2026-03-12 19:11:30.644Z,1.4630,1,SYNTH
2026-03-12 19:11:31.106Z,1.4654,1,SYNTH
2026-03-12 19:11:32.742Z,1.4623,1,SYNTH
2026-03-12 19:11:33.873Z,1.4618,1,SYNTH
2026-03-12 19:11:34.621Z,1.4610,1,SYNTH
2026-03-12 19:11:35.215Z,1.4603,1,SYNTH
2026-03-12 19:11:36.144Z,1.4604,1,SYNTH
2026-03-12 19:11:37.566Z,1.4580,1,SYNTH
2026-03-12 19:11:38.695Z,1.4574,1,SYNTH
2026-03-12 19:11:39.633Z,1.4561,1,SYNTH
2026-03-12 19:11:40.124Z,1.4550,1,SYNTH
2026-03-12 19:11:41.100Z,1.4553,1,SYNTH
2026-03-12 19:11:42.048Z,1.4526,1,SYNTH
2026-03-12 19:11:43.792Z,1.4524,1,SYNTH
2026-03-12 19:11:44.390Z,1.4517,1,SYNTH
2026-03-12 19:11:45.120Z,1.4510,1,SYNTH
2026-03-12 19:11:46.113Z,1.4493,1,SYNTH
2026-03-12 19:11:47.884Z,1.4498,1,SYNTH
2026-03-12 19:11:48.724Z,1.4485,1,SYNTH
2026-03-12 19:11:49.608Z,1.4510,1,SYNTH
2026-03-12 19:11:50.091Z,1.4519,1,SYNTH
2026-03-12 19:11:51.635Z,1.4481,1,SYNTH
2026-03-12 19:11:52.867Z,1.4517,1,SYNTH
2026-03-12 19:11:53.806Z,1.4509,1,SYNTH
2026-03-12 19:11:54.011Z,1.4523,1,SYNTH
2026-03-12 19:11:55.500Z,1.4530,1,SYNTH
2026-03-12 19:11:56.319Z,1.4501,1,SYNTH
2026-03-12 19:11:57.659Z,1.4531,1,SYNTH
2026-03-12 19:11:58.384Z,1.4513,1,SYNTH
2026-03-12 19:11:59.775Z,1.4502,1,SYNTH
2026-03-12 19:12:00.525Z,1.4525,1,SYNTH
2026-03-12 19:12:01.826Z,1.4500,1,SYNTH
2026-03-12 19:12:02.224Z,1.4508,1,SYNTH
2026-03-12 19:12:03.187Z,1.4491,1,SYNTH
2026-03-12 19:12:04.398Z,1.4525,1,SYNTH
2026-03-12 19:12:05.880Z,1.4499,1,SYNTH
2026-03-12 19:12:06.224Z,1.4485,1,SYNTH
2026-03-12 19:12:07.637Z,1.4516,1,SYNTH
2026-03-12 19:12:08.424Z,1.4487,1,SYNTH
2026-03-12 19:12:09.848Z,1.4488,1,SYNTH
2026-03-12 19:12:10.824Z,1.4518,1,SYNTH
2026-03-12 19:11:11.316Z,1.4653,1,SYNTH
2026-03-12 19:11:12.582Z,1.4660,1,SYNTH
2026-03-12 19:11:13.028Z,1.4642,1,SYNTH
2026-03-12 19:11:14.098Z,1.4666,1,SYNTH
2026-03-12 19:11:15.839Z,1.4645,1,SYNTH
2026-03-12 19:11:16.047Z,1.4639,1,SYNTH
2026-03-12 19:11:17.258Z,1.4633,1,SYNTH
2026-03-12 19:11:18.793Z,1.4633,1,SYNTH
2026-03-12 19:11:19.263Z,1.4654,1,SYNTH
2026-03-12 19:11:20.144Z,1.4637,1,SYNTH
2026-03-12 19:11:21.268Z,1.4654,1,SYNTH
2026-03-12 19:11:22.357Z,1.4651,1,SYNTH
2026-03-12 19:11:23.331Z,1.4628,1,SYNTH
2026-03-12 19:11:24.746Z,1.4663,1,SYNTH
2026-03-12 19:11:25.713Z,1.4658,1,SYNTH
2026-03-12 19:11:26.060Z,1.4661,1,SYNTH
2026-03-12 19:11:27.797Z,1.4631,1,SYNTH
2026-03-12 19:11:28.078Z,1.4668,1,SYNTH
2026-03-12 19:11:29.889Z,1.4646,1,SYNTH
2026-03-12 19:11:30.221Z,1.4659,1,SYNTH
2026-03-12 19:11:31.465Z,1.4645,1,SYNTH
2026-03-12 19:11:32.650Z,1.4658,1,SYNTH
2026-03-12 19:11:33.231Z,1.4637,1,SYNTH
2026-03-12 19:11:34.738Z,1.4672,1,SYNTH
2026-03-12 19:11:35.501Z,1.4644,1,SYNTH
2026-03-12 19:11:36.468Z,1.4655,1,SYNTH
2026-03-12 19:11:37.183Z,1.4627,1,SYNTH
2026-03-12 19:11:38.727Z,1.4661,1,SYNTH
2026-03-12 19:11:39.672Z,1.4665,1,SYNTH
2026-03-12 19:11:40.153Z,1.4633,1,SYNTH
2026-03-12 19:11:41.647Z,1.4645,1,SYNTH
2026-03-12 19:11:42.031Z,1.4654,1,SYNTH
2026-03-12 19:11:43.473Z,1.4628,1,SYNTH
2026-03-12 19:11:44.071Z,1.4657,1,SYNTH
2026-03-12 19:11:45.074Z,1.4657,1,SYNTH
2026-03-12 19:11:46.306Z,1.4641,1,SYNTH
2026-03-12 19:11:47.658Z,1.4660,1,SYNTH
2026-03-12 19:11:48.169Z,1.4649,1,SYNTH
2026-03-12 19:11:49.260Z,1.4671,1,SYNTH
2026-03-12 19:11:50.560Z,1.4641,1,SYNTH
2026-03-12 19:11:51.186Z,1.4630,1,SYNTH
2026-03-12 19:11:52.174Z,1.4658,1,SYNTH
2026-03-12 19:11:53.510Z,1.4660,1,SYNTH
2026-03-12 19:11:54.621Z,1.4669,1,SYNTH
2026-03-12 19:11:55.154Z,1.4629,1,SYNTH
2026-03-12 19:11:56.071Z,1.4661,1,SYNTH
2026-03-12 19:11:57.198Z,1.4660,1,SYNTH
2026-03-12 19:11:58.159Z,1.4634,1,SYNTH
2026-03-12 19:11:59.457Z,1.4636,1,SYNTH
2026-03-12 19:12:00.050Z,1.4656,1,SYNTH
2026-03-12 19:12:01.274Z,1.4659,1,SYNTH
2026-03-12 19:12:02.769Z,1.4647,1,SYNTH
2026-03-12 19:12:03.846Z,1.4655,1,SYNTH
2026-03-12 19:12:04.069Z,1.4631,1,SYNTH
2026-03-12 19:12:05.178Z,1.4657,1,SYNTH
2026-03-12 19:12:06.248Z,1.4652,1,SYNTH
2026-03-12 19:12:07.286Z,1.4634,1,SYNTH
2026-03-12 19:12:08.299Z,1.4662,1,SYNTH
2026-03-12 19:12:09.335Z,1.4657,1,SYNTH
2026-03-12 19:12:10.695Z,1.4636,1,SYNTH
2026-03-12 19:11:11.361Z,1.4659,1,SYNTH
2026-03-12 19:11:12.298Z,1.4662,1,SYNTH
2026-03-12 19:11:13.417Z,1.4641,1,SYNTH
2026-03-12 19:11:14.605Z,1.4671,1,SYNTH
2026-03-12 19:11:15.752Z,1.4640,1,SYNTH
2026-03-12 19:11:16.740Z,1.4669,1,SYNTH
2026-03-12 19:11:17.415Z,1.4643,1,SYNTH
2026-03-12 19:11:18.712Z,1.4666,1,SYNTH
2026-03-12 19:11:19.117Z,1.4655,1,SYNTH
2026-03-12 19:11:20.877Z,1.4651,1,SYNTH
2026-03-12 19:11:21.135Z,1.4664,1,SYNTH
2026-03-12 19:11:22.245Z,1.4665,1,SYNTH
2026-03-12 19:11:23.726Z,1.4632,1,SYNTH
2026-03-12 19:11:24.510Z,1.4672,1,SYNTH
2026-03-12 19:11:25.028Z,1.4649,1,SYNTH
2026-03-12 19:11:26.091Z,1.4640,1,SYNTH
2026-03-12 19:11:27.098Z,1.4640,1,SYNTH
2026-03-12 19:11:28.836Z,1.4664,1,SYNTH
2026-03-12 19:11:29.098Z,1.4656,1,SYNTH
2026-03-12 19:11:30.079Z,1.4646,1,SYNTH
2026-03-12 19:11:31.063Z,1.4654,1,SYNTH
2026-03-12 19:11:32.454Z,1.4638,1,SYNTH
2026-03-12 19:11:33.848Z,1.4663,1,SYNTH
2026-03-12 19:11:34.566Z,1.4628,1,SYNTH
2026-03-12 19:11:35.243Z,1.4667,1,SYNTH
2026-03-12 19:11:36.150Z,1.4665,1,SYNTH
2026-03-12 19:11:37.594Z,1.4637,1,SYNTH
2026-03-12 19:11:38.559Z,1.4653,1,SYNTH
2026-03-12 19:11:39.736Z,1.4639,1,SYNTH
2026-03-12 19:11:40.358Z,1.4660,1,SYNTH
2026-03-12 19:11:41.187Z,1.4663,1,SYNTH
2026-03-12 19:11:42.800Z,1.4649,1,SYNTH
2026-03-12 19:11:43.315Z,1.4646,1,SYNTH
2026-03-12 19:11:44.182Z,1.4670,1,SYNTH
2026-03-12 19:11:45.371Z,1.4637,1,SYNTH
2026-03-12 19:11:46.401Z,1.4636,1,SYNTH
2026-03-12 19:11:47.345Z,1.4658,1,SYNTH
2026-03-12 19:11:48.677Z,1.4661,1,SYNTH
2026-03-12 19:11:49.544Z,1.4667,1,SYNTH
2026-03-12 19:11:50.816Z,1.4636,1,SYNTH
2026-03-12 19:11:51.482Z,1.4653,1,SYNTH
2026-03-12 19:11:52.263Z,1.4653,1,SYNTH
2026-03-12 19:11:53.139Z,1.4642,1,SYNTH
2026-03-12 19:11:54.583Z,1.4631,1,SYNTH
2026-03-12 19:11:55.421Z,1.4656,1,SYNTH
2026-03-12 19:11:56.292Z,1.4636,1,SYNTH
2026-03-12 19:11:57.090Z,1.4667,1,SYNTH
2026-03-12 19:11:58.725Z,1.4654,1,SYNTH
2026-03-12 19:11:59.697Z,1.4661,1,SYNTH
2026-03-12 19:12:00.781Z,1.4634,1,SYNTH
2026-03-12 19:12:01.451Z,1.4646,1,SYNTH
2026-03-12 19:12:02.449Z,1.4641,1,SYNTH
2026-03-12 19:12:03.894Z,1.4649,1,SYNTH
2026-03-12 19:12:04.307Z,1.4665,1,SYNTH
2026-03-12 19:12:05.731Z,1.4661,1,SYNTH
2026-03-12 19:12:06.255Z,1.4638,1,SYNTH
2026-03-12 19:12:07.135Z,1.4670,1,SYNTH
2026-03-12 19:12:08.674Z,1.4634,1,SYNTH
2026-03-12 19:12:09.098Z,1.4653,1,SYNTH
2026-03-12 19:12:10.095Z,1.4651,1,SYNTH
2026-03-12 19:11:11.670Z,1.4666,1,SYNTH
2026-03-12 19:11:12.274Z,1.4629,1,SYNTH
2026-03-12 19:11:13.492Z,1.4665,1,SYNTH
2026-03-12 19:11:14.447Z,1.4655,1,SYNTH
2026-03-12 19:11:15.698Z,1.4655,1,SYNTH
2026-03-12 19:11:16.545Z,1.4645,1,SYNTH
2026-03-12 19:11:17.666Z,1.4659,1,SYNTH
2026-03-12 19:11:18.654Z,1.4644,1,SYNTH
2026-03-12 19:11:19.041Z,1.4634,1,SYNTH
2026-03-12 19:11:20.307Z,1.4633,1,SYNTH
2026-03-12 19:11:21.619Z,1.4655,1,SYNTH
2026-03-12 19:11:22.553Z,1.4630,1,SYNTH
2026-03-12 19:11:23.881Z,1.4657,1,SYNTH
2026-03-12 19:11:24.716Z,1.4630,1,SYNTH
2026-03-12 19:11:25.259Z,1.4652,1,SYNTH
2026-03-12 19:11:26.094Z,1.4665,1,SYNTH
2026-03-12 19:11:27.730Z,1.4654,1,SYNTH
2026-03-12 19:11:28.849Z,1.4642,1,SYNTH
2026-03-12 19:11:29.416Z,1.4663,1,SYNTH
2026-03-12 19:11:30.732Z,1.4661,1,SYNTH
2026-03-12 19:11:31.335Z,1.4628,1,SYNTH
2026-03-12 19:11:32.535Z,1.4655,1,SYNTH
2026-03-12 19:11:33.415Z,1.4658,1,SYNTH
2026-03-12 19:11:34.082Z,1.4659,1,SYNTH
2026-03-12 19:11:35.725Z,1.4642,1,SYNTH
2026-03-12 19:11:36.757Z,1.4659,1,SYNTH
2026-03-12 19:11:37.045Z,1.4639,1,SYNTH
2026-03-12 19:11:38.697Z,1.4640,1,SYNTH
2026-03-12 19:11:39.572Z,1.4658,1,SYNTH
2026-03-12 19:11:40.138Z,1.4640,1,SYNTH
2026-03-12 19:11:41.681Z,1.4662,1,SYNTH
2026-03-12 19:11:42.373Z,1.4654,1,SYNTH
2026-03-12 19:11:43.895Z,1.4633,1,SYNTH
2026-03-12 19:11:44.285Z,1.4639,1,SYNTH
2026-03-12 19:11:45.879Z,1.4667,1,SYNTH
2026-03-12 19:11:46.213Z,1.4636,1,SYNTH
2026-03-12 19:11:47.789Z,1.4659,1,SYNTH
2026-03-12 19:11:48.453Z,1.4627,1,SYNTH
2026-03-12 19:11:49.410Z,1.4666,1,SYNTH
2026-03-12 19:11:50.318Z,1.4650,1,SYNTH
2026-03-12 19:11:51.549Z,1.4639,1,SYNTH
2026-03-12 19:11:52.522Z,1.4656,1,SYNTH
2026-03-12 19:11:53.379Z,1.4659,1,SYNTH
2026-03-12 19:11:54.793Z,1.4641,1,SYNTH
2026-03-12 19:11:55.361Z,1.4655,1,SYNTH
2026-03-12 19:11:56.616Z,1.4636,1,SYNTH
2026-03-12 19:11:57.377Z,1.4643,1,SYNTH
2026-03-12 19:11:58.481Z,1.4671,1,SYNTH
2026-03-12 19:11:59.338Z,1.4664,1,SYNTH
2026-03-12 19:12:00.039Z,1.4640,1,SYNTH
2026-03-12 19:12:01.896Z,1.4659,1,SYNTH
2026-03-12 19:12:02.011Z,1.4671,1,SYNTH
2026-03-12 19:12:03.527Z,1.4650,1,SYNTH
2026-03-12 19:12:04.590Z,1.4643,1,SYNTH
2026-03-12 19:12:05.611Z,1.4658,1,SYNTH
2026-03-12 19:12:06.468Z,1.4630,1,SYNTH
2026-03-12 19:12:07.463Z,1.4658,1,SYNTH
2026-03-12 19:12:08.237Z,1.4666,1,SYNTH
2026-03-12 19:12:09.516Z,1.4637,1,SYNTH
2026-03-12 19:12:10.680Z,1.4669,1,SYNTH
2026-03-12 19:11:11.276Z,1.4655,1,SYNTH
2026-03-12 19:11:12.041Z,1.4665,1,SYNTH
2026-03-12 19:11:13.543Z,1.4638,1,SYNTH
2026-03-12 19:11:14.882Z,1.4665,1,SYNTH
2026-03-12 19:11:15.559Z,1.4670,1,SYNTH
2026-03-12 19:11:16.731Z,1.4648,1,SYNTH
2026-03-12 19:11:17.850Z,1.4648,1,SYNTH
2026-03-12 19:11:18.542Z,1.4629,1,SYNTH
2026-03-12 19:11:19.048Z,1.4652,1,SYNTH
2026-03-12 19:11:20.586Z,1.4669,1,SYNTH
2026-03-12 19:11:21.040Z,1.4645,1,SYNTH
2026-03-12 19:11:22.179Z,1.4637,1,SYNTH
2026-03-12 19:11:23.237Z,1.4662,1,SYNTH
2026-03-12 19:11:24.065Z,1.4669,1,SYNTH
2026-03-12 19:11:25.201Z,1.4669,1,SYNTH
2026-03-12 19:11:26.301Z,1.4633,1,SYNTH
2026-03-12 19:11:27.872Z,1.4643,1,SYNTH
2026-03-12 19:11:28.437Z,1.4664,1,SYNTH
2026-03-12 19:11:29.659Z,1.4671,1,SYNTH
2026-03-12 19:11:30.459Z,1.4635,1,SYNTH
2026-03-12 19:11:31.344Z,1.4642,1,SYNTH
2026-03-12 19:11:32.560Z,1.4660,1,SYNTH
2026-03-12 19:11:33.716Z,1.4638,1,SYNTH
2026-03-12 19:11:34.124Z,1.4655,1,SYNTH
2026-03-12 19:11:35.295Z,1.4657,1,SYNTH
2026-03-12 19:11:36.880Z,1.4638,1,SYNTH
2026-03-12 19:11:37.520Z,1.4667,1,SYNTH
2026-03-12 19:11:38.874Z,1.4632,1,SYNTH
2026-03-12 19:11:39.062Z,1.4644,1,SYNTH
2026-03-12 19:11:40.616Z,1.4666,1,SYNTH
2026-03-12 19:11:41.725Z,1.4667,1,SYNTH
2026-03-12 19:11:42.022Z,1.4642,1,SYNTH
2026-03-12 19:11:43.291Z,1.4665,1,SYNTH
2026-03-12 19:11:44.573Z,1.4661,1,SYNTH
2026-03-12 19:11:45.254Z,1.4632,1,SYNTH
2026-03-12 19:11:46.501Z,1.4638,1,SYNTH
2026-03-12 19:11:47.226Z,1.4664,1,SYNTH
2026-03-12 19:11:48.298Z,1.4644,1,SYNTH
2026-03-12 19:11:49.635Z,1.4643,1,SYNTH
2026-03-12 19:11:50.038Z,1.4657,1,SYNTH
2026-03-12 19:11:51.710Z,1.4640,1,SYNTH
2026-03-12 19:11:52.436Z,1.4633,1,SYNTH
2026-03-12 19:11:53.380Z,1.4660,1,SYNTH
2026-03-12 19:11:54.732Z,1.4638,1,SYNTH
2026-03-12 19:11:55.884Z,1.4666,1,SYNTH
2026-03-12 19:11:56.850Z,1.4653,1,SYNTH
2026-03-12 19:11:57.756Z,1.4643,1,SYNTH
2026-03-12 19:11:58.163Z,1.4654,1,SYNTH
2026-03-12 19:11:59.270Z,1.4634,1,SYNTH
2026-03-12 19:12:00.458Z,1.4672,1,SYNTH
2026-03-12 19:12:01.213Z,1.4636,1,SYNTH
2026-03-12 19:12:02.494Z,1.4639,1,SYNTH
2026-03-12 19:12:03.280Z,1.4662,1,SYNTH
2026-03-12 19:12:04.694Z,1.4633,1,SYNTH
2026-03-12 19:12:05.484Z,1.4656,1,SYNTH
2026-03-12 19:12:06.167Z,1.4659,1,SYNTH
2026-03-12 19:12:07.179Z,1.4648,1,SYNTH
2026-03-12 19:12:08.017Z,1.4632,1,SYNTH
2026-03-12 19:12:09.637Z,1.4642,1,SYNTH
2026-03-12 19:12:10.850Z,1.4661,1,SYNTH
2026-03-12 19:11:11.749Z,1.4650,1,SYNTH
2026-03-12 19:11:12.733Z,1.4662,1,SYNTH
2026-03-12 19:11:13.008Z,1.4632,1,SYNTH
2026-03-12 19:11:14.370Z,1.4671,1,SYNTH
2026-03-12 19:11:15.260Z,1.4651,1,SYNTH
2026-03-12 19:11:16.244Z,1.4643,1,SYNTH
2026-03-12 19:11:17.626Z,1.4627,1,SYNTH
2026-03-12 19:11:18.346Z,1.4654,1,SYNTH
2026-03-12 19:11:19.428Z,1.4665,1,SYNTH
2026-03-12 19:11:20.452Z,1.4670,1,SYNTH
2026-03-12 19:11:21.289Z,1.4667,1,SYNTH
2026-03-12 19:11:22.050Z,1.4645,2,SYNTH
2026-03-12 19:11:23.012Z,1.4645,3,SYNTH
2026-03-12 19:11:24.167Z,1.4666,2,SYNTH
2026-03-12 19:11:25.755Z,1.4659,1,SYNTH
2026-03-12 19:11:26.338Z,1.4637,1,SYNTH
2026-03-12 19:11:27.592Z,1.4657,1,SYNTH
2026-03-12 19:11:28.658Z,1.4629,1,SYNTH
2026-03-12 19:11:29.538Z,1.4659,1,SYNTH
2026-03-12 19:11:30.478Z,1.4663,1,SYNTH
2026-03-12 19:11:31.545Z,1.4631,1,SYNTH
2026-03-12 19:11:32.856Z,1.4659,1,SYNTH
2026-03-12 19:11:33.700Z,1.4633,1,SYNTH
2026-03-12 19:11:34.262Z,1.4654,1,SYNTH
2026-03-12 19:11:35.818Z,1.4634,1,SYNTH
2026-03-12 19:11:36.382Z,1.4644,1,SYNTH
2026-03-12 19:11:37.084Z,1.4667,1,SYNTH
2026-03-12 19:11:38.231Z,1.4637,1,SYNTH
2026-03-12 19:11:39.039Z,1.4655,1,SYNTH
2026-03-12 19:11:40.496Z,1.4629,1,SYNTH
2026-03-12 19:11:41.011Z,1.4662,1,SYNTH
2026-03-12 19:11:42.717Z,1.4668,1,SYNTH
2026-03-12 19:11:43.761Z,1.4638,1,SYNTH
2026-03-12 19:11:44.689Z,1.4647,1,SYNTH
2026-03-12 19:11:45.747Z,1.4651,1,SYNTH
2026-03-12 19:11:46.052Z,1.4667,1,SYNTH
2026-03-12 19:11:47.687Z,1.4649,1,SYNTH
2026-03-12 19:11:48.780Z,1.4655,1,SYNTH
2026-03-12 19:11:49.064Z,1.4642,2,SYNTH
2026-03-12 19:11:50.897Z,1.4661,2,SYNTH
2026-03-12 19:11:51.631Z,1.4633,1,SYNTH
2026-03-12 19:11:52.676Z,1.4663,1,SYNTH
2026-03-12 19:11:53.334Z,1.4671,1,SYNTH
2026-03-12 19:11:54.613Z,1.4635,1,SYNTH
2026-03-12 19:11:55.126Z,1.4670,1,SYNTH
2026-03-12 19:11:56.739Z,1.4630,1,SYNTH
2026-03-12 19:11:57.762Z,1.4672,1,SYNTH
2026-03-12 19:11:58.852Z,1.4631,1,SYNTH
2026-03-12 19:11:59.185Z,1.4664,1,SYNTH
2026-03-12 19:12:00.388Z,1.4671,1,SYNTH
2026-03-12 19:12:01.040Z,1.4637,1,SYNTH
2026-03-12 19:12:02.533Z,1.4636,1,SYNTH
2026-03-12 19:12:03.657Z,1.4668,1,SYNTH
2026-03-12 19:12:04.421Z,1.4652,1,SYNTH
2026-03-12 19:12:05.005Z,1.4635,1,SYNTH
2026-03-12 19:12:06.380Z,1.4660,1,SYNTH
2026-03-12 19:12:07.612Z,1.4649,1,SYNTH
2026-03-12 19:12:08.478Z,1.4660,1,SYNTH
2026-03-12 19:12:09.583Z,1.4639,1,SYNTH
2026-03-12 19:12:10.257Z,1.4657,1,SYNTH
2026-03-12 19:11:11.659Z,1.4502,1,SYNTH
2026-03-12 19:11:12.010Z,1.4510,1,SYNTH
2026-03-12 19:11:13.306Z,1.4517,1,SYNTH
2026-03-12 19:11:14.719Z,1.4490,1,SYNTH
2026-03-12 19:11:15.199Z,1.4514,1,SYNTH
2026-03-12 19:11:16.647Z,1.4497,1,SYNTH
2026-03-12 19:11:17.640Z,1.4511,1,SYNTH
2026-03-12 19:11:18.438Z,1.4503,1,SYNTH
2026-03-12 19:11:19.079Z,1.4483,1,SYNTH
2026-03-12 19:11:20.091Z,1.4483,1,SYNTH
2026-03-12 19:11:21.490Z,1.4482,1,SYNTH
2026-03-12 19:11:22.445Z,1.4509,1,SYNTH
2026-03-12 19:11:23.338Z,1.4514,1,SYNTH
2026-03-12 19:11:24.844Z,1.4484,1,SYNTH
2026-03-12 19:11:25.349Z,1.4485,1,SYNTH
2026-03-12 19:11:26.465Z,1.4512,1,SYNTH
2026-03-12 19:11:27.372Z,1.4485,1,SYNTH
2026-03-12 19:11:28.131Z,1.4495,1,SYNTH
2026-03-12 19:11:29.343Z,1.4510,1,SYNTH
2026-03-12 19:11:30.543Z,1.4503,1,SYNTH
2026-03-12 19:11:31.574Z,1.4518,1,SYNTH
2026-03-12 19:11:32.383Z,1.4490,1,SYNTH
2026-03-12 19:11:33.083Z,1.4519,1,SYNTH
2026-03-12 19:11:34.613Z,1.4509,1,SYNTH
2026-03-12 19:11:35.857Z,1.4493,1,SYNTH
2026-03-12 19:11:36.129Z,1.4514,1,SYNTH
2026-03-12 19:11:37.517Z,1.4517,1,SYNTH
2026-03-12 19:11:38.446Z,1.4521,1,SYNTH
2026-03-12 19:11:39.518Z,1.4497,1,SYNTH
2026-03-12 19:11:40.572Z,1.4521,1,SYNTH
2026-03-12 19:11:41.868Z,1.4485,1,SYNTH
2026-03-12 19:11:42.614Z,1.4492,1,SYNTH
2026-03-12 19:11:43.488Z,1.4501,1,SYNTH
2026-03-12 19:11:44.176Z,1.4488,1,SYNTH
2026-03-12 19:11:45.145Z,1.4521,1,SYNTH
2026-03-12 19:11:46.462Z,1.4486,1,SYNTH
2026-03-12 19:11:47.638Z,1.4495,1,SYNTH
2026-03-12 19:11:48.515Z,1.4502,1,SYNTH
2026-03-12 19:11:49.306Z,1.4508,1,SYNTH
2026-03-12 19:11:50.539Z,1.4515,1,SYNTH
2026-03-12 19:11:51.171Z,1.4493,1,SYNTH
2026-03-12 19:11:52.044Z,1.4516,1,SYNTH
2026-03-12 19:11:53.341Z,1.4498,1,SYNTH
2026-03-12 19:11:54.086Z,1.4486,1,SYNTH
2026-03-12 19:11:55.700Z,1.4500,1,SYNTH
2026-03-12 19:11:56.860Z,1.4508,1,SYNTH
2026-03-12 19:11:57.353Z,1.4499,1,SYNTH
2026-03-12 19:11:58.776Z,1.4518,1,SYNTH
2026-03-12 19:11:59.381Z,1.4493,1,SYNTH
2026-03-12 19:12:00.838Z,1.4507,1,SYNTH
2026-03-12 19:12:01.712Z,1.4498,1,SYNTH
2026-03-12 19:12:02.404Z,1.4520,1,SYNTH
2026-03-12 19:12:03.497Z,1.4483,1,SYNTH
2026-03-12 19:12:04.609Z,1.4499,1,SYNTH
2026-03-12 19:12:05.067Z,1.4501,1,SYNTH
2026-03-12 19:12:06.628Z,1.4481,1,SYNTH
2026-03-12 19:12:07.022Z,1.4511,1,SYNTH
2026-03-12 19:12:08.279Z,1.4490,1,SYNTH
2026-03-12 19:12:09.502Z,1.4504,1,SYNTH
2026-03-12 19:12:10.567Z,1.4501,1,SYNTH
2026-03-12 19:11:11.688Z,1.4738,1,SYNTH
2026-03-12 19:11:12.702Z,1.4720,1,SYNTH
2026-03-12 19:11:13.371Z,1.4700,1,SYNTH
2026-03-12 19:11:14.091Z,1.4725,1,SYNTH
2026-03-12 19:11:15.836Z,1.4730,1,SYNTH
2026-03-12 19:11:16.804Z,1.4727,1,SYNTH
2026-03-12 19:11:17.357Z,1.4703,1,SYNTH
2026-03-12 19:11:18.520Z,1.4700,1,SYNTH
2026-03-12 19:11:19.586Z,1.4732,1,SYNTH
2026-03-12 19:11:20.346Z,1.4705,1,SYNTH
2026-03-12 19:11:21.535Z,1.4723,1,SYNTH
2026-03-12 19:11:22.045Z,1.4721,1,SYNTH
2026-03-12 19:11:23.154Z,1.4734,1,SYNTH
2026-03-12 19:11:24.351Z,1.4709,1,SYNTH
2026-03-12 19:11:25.754Z,1.4711,1,SYNTH
2026-03-12 19:11:26.870Z,1.4726,1,SYNTH
2026-03-12 19:11:27.469Z,1.4735,1,SYNTH
2026-03-12 19:11:28.290Z,1.4725,1,SYNTH
2026-03-12 19:11:29.771Z,1.4699,1,SYNTH
2026-03-12 19:11:30.641Z,1.4721,1,SYNTH
2026-03-12 19:11:31.099Z,1.4709,1,SYNTH
2026-03-12 19:11:32.349Z,1.4724,1,SYNTH
2026-03-12 19:11:33.659Z,1.4707,1,SYNTH
2026-03-12 19:11:34.275Z,1.4702,1,SYNTH
2026-03-12 19:11:35.179Z,1.4706,1,SYNTH
2026-03-12 19:11:36.071Z,1.4718,1,SYNTH
2026-03-12 19:11:37.350Z,1.4691,1,SYNTH
2026-03-12 19:11:38.673Z,1.4715,1,SYNTH
2026-03-12 19:11:39.635Z,1.4695,1,SYNTH
2026-03-12 19:11:40.765Z,1.4701,1,SYNTH
2026-03-12 19:11:41.556Z,1.4702,1,SYNTH
2026-03-12 19:11:42.325Z,1.4713,1,SYNTH
2026-03-12 19:11:43.377Z,1.4725,1,SYNTH
2026-03-12 19:11:44.660Z,1.4701,1,SYNTH
2026-03-12 19:11:45.841Z,1.4691,1,SYNTH
2026-03-12 19:11:46.423Z,1.4716,1,SYNTH
2026-03-12 19:11:47.135Z,1.4709,1,SYNTH
2026-03-12 19:11:48.013Z,1.4693,1,SYNTH
2026-03-12 19:11:49.639Z,1.4719,1,SYNTH
